2028 3328
858 75 940 112 AN.
973 76 1062 117 155³«
1710 80 1773 117 181

138 176 283 220 ceret,
308 172 511 212 maxime
534 178 633 213 erat
655 172 927 213 uerendum:
951 173 1074 223 quod
1096 173 1133 212 si
1156 173 1431 224 contigisset
1453 174 1593 225 (quod
1615 174 1770 215 Domi-

141 253 229 281 nus
251 244 467 293 auertat>‚
493 244 602 295 quid
624 243 728 283 inde
749 244 857 283 mali
887 250 1038 283 ortum
1065 244 1247 295 publice
1267 243 1444 293 fuisset,
1470 246 1683 285 omnibus
1707 247 1767 286 iu-

142 312 393 353 dicandum
415 315 640 366 relinquo,
664 315 786 366 quod
804 314 850 354 in
872 314 1131 366 periculum
1153 327 1207 354 ac
1230 314 1481 355 discrimen
1504 315 1639 356 huius
1662 317 1771 355 ciui-

143 384 252 424 tatis
273 386 400 425 salus
421 392 687 437 uocaretur,
712 398 849 438 quem
877 397 1037 426 omnes
1064 386 1106 425 in
1137 386 1259 426 idem
1290 386 1539 427 haereseos
1570 398 1768 427 coenum

143 455 309 507 dilapsi
337 457 541 497 animum
568 457 881 509 recepissent?
910 469 1015 497 cum
1044 468 1179 497 nemo
1207 469 1298 497 non
1331 458 1513 508 ignoret
1542 469 1670 509 spem
1693 459 1771 498 im-

142 527 367 576 punitatis
396 528 531 579 (quae
553 534 692 579 caput
713 534 783 568 est
813 529 964 568 omnis
990 528 1232 577 audaciae)
1263 528 1489 580 peccandi
1518 530 1770 570 maximam

141 608 244 636 esse
272 598 553 639 illecebram.
586 599 763 639 Verum
803 598 1056 650 Dominus,
1089 600 1167 651 qui
1204 600 1427 651 populum
1456 611 1590 640 suum
1619 601 1665 640 in
1692 601 1770 641 ho-

141 667 280 707 stium
302 668 507 709 furorem
535 671 703 710 coniici
730 683 823 711 non
850 670 986 711 facile
1015 670 1265 722 aliquando
1293 671 1482 722 patitur,
1513 683 1620 711 cum
1649 672 1771 712 illius

92 725 95 728 Δ
141 740 285 779 multo
308 740 533 780 maiorem
556 753 717 782 curam
738 749 886 792 gerat,
912 754 1052 794 quam
1070 743 1144 782 ille
1166 743 1264 794 ipse
1282 743 1355 782 uel
1371 754 1428 782 ne
1452 743 1663 793 cogitare
1680 744 1773 795 qui-

140 810 243 850 dem
266 818 443 862 posset,
468 813 535 852 sic
557 813 656 853 eius
678 813 884 854 animum
913 814 1178 864 illustrauit,
1207 821 1257 854 ut
1279 814 1524 854 ueritatem
1554 827 1647 854 non
1674 827 1771 855 cer-

131 888 268 922 neret
289 883 441 931 modO,
466 883 546 924 sed
566 891 790 936 tanquam
812 885 957 925 oculis
978 884 1173 925 uideret.
1193 884 1312 925 Nam
1329 885 1449 926 filius
1465 886 1769 926 Illustrissimi

138 953 299 1003 Ducis,
324 966 578 1007 omnesque
598 956 719 996 filiae
742 955 749 975 ¹
769 963 812 997 et
830 956 1042 1006 ancillae,
1067 968 1186 1008 quae
1205 958 1361 1008 plures
1377 964 1483 997 sunt
1500 970 1640 1009 quam
1658 970 1768 998 nun-

133 1036 278 1075 quam
300 1026 497 1066 alicuius
518 1027 743 1079 principis
763 1027 975 1078 uiderim,
999 1034 1160 1068 nostro
1180 1028 1310 1068 Patri
1331 1029 1574 1069 confessae
1588 1029 1633 1068 in
1654 1029 1771 1080 vigi-

141 1097 200 1136 lia
231 1097 581 1149 Assumptionis
608 1099 820 1151 Virginis
852 1100 1029 1140 Mariae
1061 1101 1410 1141 sanctissimum
1443 1100 1771 1141 Eucharistiae

134 1175 487 1209 sacramentum
509 1182 764 1222 sumpsere,
788 1170 951 1223 hisque
973 1171 1089 1211 duos
1105 1172 1284 1212 libellos
1301 1171 1544 1212 doctrinae
1557 1172 1770 1212 christia-

140 1251 229 1279 nae
251 1240 373 1280 idem
394 1240 534 1281 Pater
554 1242 724 1282 attulit:
748 1243 948 1283 accessit
970 1242 1094 1294 quod
1116 1243 1209 1293 illa,
1247 1254 1365 1294 quae
1392 1243 1511 1283 falsa
1538 1243 1648 1284 boni
1677 1244 1769 1295 opi-

137 1311 278 1351 nione
295 1311 435 1352 ducta
454 1313 520 1352 sic
537 1324 586 1353 se
609 1313 654 1353 in
671 1314 910 1354 teterrimo
929 1326 1087 1354 errore
1109 1315 1501 1365 ingurgitauerat‚
1522 1322 1571 1355 ut
1593 1317 1771 1367 expleri

139 1394 380 1435 nunquam
400 1395 539 1435 posse
569 1385 657 1425 sibi
690 1385 942 1434 uideretur,
973 1397 1092 1437 quae
1120 1386 1300 1426 tamdiu
1320 1387 1423 1426 luce
1454 1387 1691 1438 destituta,
1724 1387 1770 1427 in

136 1454 343 1494 tenebris
362 1462 551 1495 uersata
582 1456 748 1507 fuerat,
778 1456 825 1496 in
854 1456 986 1497 cuius
1020 1457 1175 1497 animo
1203 1458 1270 1498 sic
1298 1457 1550 1498 haereseos
1587 1459 1770 1499 macula

137 1525 374 1565 insederat
396 1532 534 1577 atque
557 1527 917 1578 inueterauerat‚
940 1534 989 1568 ut
1011 1540 1103 1568 non
1125 1529 1297 1580 exiguo
1327 1529 1488 1569 labore
1523 1530 1666 1570 deleri
1694 1542 1770 1582 po-

139 1597 300 1646 tuerit,
334 1598 390 1637 ab
427 1598 644 1649 opinione
679 1599 877 1651 denique
905 1599 1065 1651 cessit;
1095 1607 1368 1651 perpetuam
1390 1600 1498 1641 Sssae
1530 1601 1771 1642 Ecclesiae

136 1666 379 1709 Romanae
402 1670 683 1710 catholicam
703 1670 839 1710 fidem
863 1672 1089 1722 promisit,
1116 1673 1328 1723 promisit
1352 1679 1395 1712 et
1428 1674 1548 1713 ultro
1571 1685 1620 1713 se
1653 1685 1768 1713 sem-

138 1751 220 1791 per
240 1741 397 1781 uerbis
415 1741 506 1781 Rdi
524 1742 672 1782 nostri
688 1741 838 1782 Patris
856 1743 992 1783 fidem
1010 1743 1339 1794 adhibituram,
1360 1744 1433 1784 cui
1451 1744 1665 1785 confessa
1684 1751 1768 1795 est,

140 1818 184 1852 et
206 1812 442 1852 celebrato
464 1813 522 1852 ab
545 1813 706 1853 eodem
728 1825 864 1854 sacro
886 1815 933 1854 in
954 1815 1052 1855 eius
1075 1816 1197 1865 aula,
1232 1822 1277 1856 et
1305 1816 1465 1856 habita
1489 1816 1545 1856 de
1563 1815 1669 1856 S.m0
1692 1815 1769 1857 Sa-

132 1891 378 1924 -cramento
400 1884 640 1935 concione,
664 1885 779 1925 satis
799 1897 913 1926 sane
925 1886 1091 1926 deuote
1114 1886 1171 1926 ad
1194 1885 1382 1927 Domini
1401 1899 1597 1928 coenam
1615 1899 1770 1928 acces·
1819 1943 1824 1946 μ

138 1956 213 1996 sit.
237 1956 299 1996 Ut
319 1962 566 2007 praeterea
588 1957 686 1996 eius
709 1957 972 1997 assiduitati
994 1958 1332 2007 consuleretur,
1362 1959 1407 1998 id
1437 1958 1666 1999 Dominus
1689 1971 1771 2011 per

137 2027 281 2068 hosce
303 2028 400 2068 dies
427 2035 648 2079 operatus
676 2034 766 2078 est,
797 2034 845 2068 ut
873 2040 1016 2069 unum
1044 2042 1102 2069 ex
1124 2030 1324 2080 punctis,
1354 2041 1474 2081 quae
1502 2029 1639 2071 Pater
1667 2031 1770 2071 Illu-

136 2099 369 2139 strissimo
390 2099 512 2139 Duci
542 2100 601 2140 ad
628 2100 790 2140 uxoris
817 2101 1028 2152 regimen
1056 2101 1250 2141 dederat
1280 2101 1420 2153 (quod
1450 2102 1604 2142 adhuc
1632 2102 1770 2142 nimis

130 2173 335 2213 arduum
356 2172 506 2212 uisum
527 2172 627 2222 fuit)
649 2172 948 2223 exequutioni
970 2172 1347 2213 demandaretur:
1367 2179 1415 2213 ut
1438 2173 1654 2213 videlicet
1671 2185 1767 2214 mu-

136 2245 222 2283 lier
242 2244 316 2284 uel
340 2244 385 2283 in
407 2243 599 2283 castello
623 2243 697 2283 vel
726 2255 819 2283 non
847 2244 985 2295 longe
1007 2244 1255 2284 habitaret.
1283 2243 1376 2284 Res
1397 2243 1609 2296 profecto
1644 2244 1769 2284 haud

136 2315 314 2355 minimi
337 2315 573 2355 momenti:
592 2326 700 2354 nam
723 2314 761 2354 si
782 2326 929 2366 nuper
947 2327 973 2354 a
995 2315 1198 2366 quodam
1214 2315 1448 2367 Episcopo
1466 2315 1765 2365 domesticus,

133 2387 295 2427 nescio
316 2386 434 2438 quis,
459 2385 516 2425 ad
538 2386 689 2437 ipsam
710 2385 902 2426 Illmam.
928 2386 1107 2426 Ducem
1120 2398 1226 2426 cum
1247 2387 1349 2438 ipso
1370 2387 1503 2427 Duce
1523 2387 1619 2427 fere
1642 2387 1772 2427 habs«

136 2465 310 2498 tantem
339 2458 510 2498 missus
538 2464 628 2507 est,
666 2457 743 2508 qui
775 2457 987 2498 eamdem
1017 2458 1285 2499 hortaretur
1314 2466 1364 2499 ut
1395 2471 1421 2499 a
1450 2458 1767 2499 familiaritate

134 2530 284 2569 nostri
310 2529 465 2569 Patris
495 2528 774 2578 discederet,
808 2540 893 2568 nec
929 2529 1056 2569 illum
1083 2530 1206 2569 ultra
1235 2529 1513 2580 admitteret,
1543 2530 1766 2581 quoniam

132 2601 339 2642 futurum
361 2608 431 2641 est
452 2600 564 2641 illud
584 2606 767 2652 tempus
785 2600 850 2650 (ut
871 2612 897 2639 a
919 2599 1012 2640 filio
1034 2600 1164 2640 lllmi.
1184 2600 1331 2641 Ducis
1352 2607 1514 2641 nostro
1533 2601 1660 2641 Patri
1681 2601 1766 2641 fuit

128 2673 346 2724 relatum)
382 2684 472 2725 quo
500 2683 661 2712 omnes
694 2671 802 2711 hinc
824 2671 1081 2722 abigemur;
1116 2672 1224 2723 quid
1244 2671 1375 2712 fieret
1402 2672 1441 2712 si
1466 2672 1607 2723 longe
1639 2673 1768 2713 abes-

128 2750 202 2785 set
223 2750 497 2796 pateretque
518 2743 690 2783 aditus?

185 2904 195 2924 ¹
234 2904 321 2932 Vide
339 2905 487 2932 POLAth
504 2905 638 2936 caron„
652 2910 674 2932 t.
693 2912 773 2938 1x',n
800 2906 844 2937 95,
861 2914 935 2940 pag.
953 2906 997 2939 ῦὸ,
1014 2910 1128 2933 annot.
1147 2907 1168 2933 1.
