2028 3328
800 159 885 197 AN.
916 159 1007 200 1555>
1656 162 1727 199 715

767 613 1047 668 CDXLII

159 845 211 882 Ρ.
236 846 395 883 Petrus
414 846 638 892 Acebedo‚

207 910 278 948 Ex
292 912 615 949 commissione
638 913 781 950 Patris
802 912 1018 961 Alphonsi
1037 913 1091 950 de
1112 912 1285 960 Zarate,

252 977 375 1014 Patri
392 977 564 1025 Ignatio
583 979 636 1016 de
656 978 839 1025 Loyola-

300 1041 521 1090 Corduba,
545 1043 591 1080 27
611 1043 870 1081 Decembris
892 1043 983 1082 1555
1004 1044 1027 1079 ¹.

848 1193 945 1281 nis

169 1392 270 1433 Pax
292 1393 481 1444 Christi,
506 1400 593 1435 etc.

164 1463 293 1515 Quae
314 1465 465 1505 relatu
487 1465 631 1517 digna
653 1466 796 1516 fuere,
821 1477 927 1506 cum
947 1466 1148 1517 primum
1171 1471 1387 1515 coeptum
1419 1471 1487 1505 est
1516 1465 1723 1506 habitari

82 1533 345 1586 Collegium
367 1536 504 1587 istud,
529 1537 744 1588 proxima
761 1536 1092 1588 quadrimestri
1113 1536 1402 1588 scripsimus:
1427 1536 1538 1588 quid
1562 1536 1719 1577 hacte-

86 1616 173 1646 nus
195 1607 434 1657 acciderit,
465 1608 642 1660 accipe.

163 1676 330 1718 Messis
352 1679 512 1729 multa,
538 1679 740 1731 operarii
761 1691 874 1719 vero
896 1679 1048 1731 pauci.
1074 1678 1319 1719 Accrescit
1336 1679 1460 1719 enim
1481 1678 1718 1730 poeniten-

83 1747 199 1788 tium
219 1760 442 1789 numerus
463 1750 509 1790 in
527 1750 626 1790 dies
659 1751 812 1802 magis
843 1761 898 1790 ac
933 1750 1101 1802 magis,
1135 1750 1237 1790 aliis
1259 1750 1377 1790 alios
1394 1749 1716 1798 inuitantibus,

82 1818 186 1859 aliis
203 1820 326 1860 Vltro
344 1820 403 1861 ad
420 1832 506 1860 nos
522 1821 925 1873 concurrentibus,
946 1832 1106 1861 omnes
1123 1821 1310 1861 tandem
1332 1821 1379 1861 in
1395 1819 1484 1860 Dei
1499 1820 1715 1871 gloriam,

81 1901 175 1930 non
197 1891 348 1931 solum
369 1903 462 1931 non
485 1892 542 1932 ab
564 1892 780 1944 incoepto
801 1891 1045 1943 desistunt,
1084 1903 1263 1942 verum,
1301 1891 1550 1943 degustato
1575 1892 1719 1931 semel

82 1962 404 2002 sacratissimo
428 1963 546 2013 cibo,
572 1963 741 2004 mirum
770 1976 910 2016 quam
943 1965 1197 2004 multorum
1232 1964 1520 2004 incalescant
1556 1962 1715 2009 animi,

82 2043 200 2082 quos
220 2039 523 2084 peccatorum
553 2035 730 2085 glacies
761 2036 932 2075 multos
964 2035 1058 2075 iam
1091 2046 1242 2075 annos
1277 2034 1639 2074 constrinxerat.
1666 2033 1717 2074 In

81 2102 153 2142 his
173 2103 496 2145 adolescentes
524 2112 632 2145 sunt
669 2117 764 2146 non
799 2117 966 2157 parum
1000 2106 1132 2146 multi
1167 2105 1351 2154 (missos
1385 2105 1508 2145 facio
1536 2104 1717 2145 audito-

81 2184 157 2212 res
179 2172 207 2225 2,
232 2174 288 2214 de
309 2175 476 2226 quibus
492 2176 568 2216 vel
588 2176 843 2228 praecipua
866 2178 1013 2227 cura),
1037 2177 1115 2228 qui
1136 2176 1343 2216 nondum
1365 2175 1492 2216 vitiis
1522 2175 1714 2225 assueti,

81 2243 218 2285 facile
240 2245 286 2285 in
315 2246 477 2286 melius
514 2247 661 2287 vitam
695 2253 1001 2298 commutant,
1040 2247 1228 2288 virtutis
1262 2246 1506 2287 dulcedine
1543 2246 1713 2297 allecti,

81 2326 221 2366 quam
244 2316 482 2357 altissimis
509 2328 752 2369 speramus
782 2318 1019 2358 radicibus
1049 2317 1358 2370 defigendam.
1395 2316 1587 2358 Confert
1606 2317 1716 2357 huic

80 2387 148 2426 rei
169 2398 261 2427 non
282 2399 451 2439 parum
467 2387 628 2428 sedula
649 2395 694 2428 et
716 2390 983 2429 necessaria
1011 2391 1263 2430 multarum
1288 2400 1445 2429 rerum
1472 2388 1715 2440 indagatio

79 2456 127 2497 in
147 2457 234 2508 his,
267 2458 347 2509 qui
372 2458 462 2498 huc
497 2458 647 2499 denuo
669 2460 831 2504 veniut
858 2459 1043 2510 fassuri,
1069 2471 1158 2512 quo
1182 2459 1231 2500 fit
1258 2460 1545 2511 plerumque,
1578 2465 1628 2499 vt
1649 2459 1716 2499 in-

78 2532 264 2579 tegram
286 2529 429 2570 totius
451 2536 697 2570 anteactae
718 2530 846 2570 Vitae
863 2531 1092 2571 rationem
1109 2530 1304 2571 reddere
1322 2537 1567 2582 cogantur.
1592 2530 1711 2580 Hoc,

77 2599 185 2639 licet
207 2600 438 2651 principio
460 2611 602 2652 aegre
623 2601 871 2641 videantur
892 2601 1032 2652 ferre,
1052 2608 1209 2642 tamen
1226 2602 1285 2642 ad
1308 2602 1492 2642 animae
1513 2602 1710 2641 salutem

77 2670 251 2722 oppido
280 2682 420 2722 quam
447 2673 768 2712 necessarium
796 2673 1025 2724 persuasi,
1058 2673 1313 2724 accingunt
1348 2685 1396 2713 se
1424 2672 1568 2724 operi,
1598 2674 1715 2713 nulli

78 2741 227 2782 labori
249 2749 512 2793 parcentes,
535 2743 690 2794 quoad
711 2750 923 2794 optatum
945 2750 1131 2795 portum
1155 2751 1313 2784 tenere
1335 2749 1522 2795 queant.
1545 2743 1612 2784 Eo
1635 2744 1715 2784 ubi

134 2878 145 2898 ¹
185 2878 260 2906 Duo
278 2881 356 2906 sunt
371 2878 492 2906 harum
507 2879 704 2906 litterarum
720 2880 887 2914 exempla3
903 2883 1084 2914 utrumque
1107 2880 1361 2914 autographum
1376 2884 1409 2907 et
1424 2880 1457 2907 in
1472 2879 1599 2915 duplici
1620 2880 1712 2915 foli0;

79 2926 225 2960 primum
243 2934 273 2954 n.
287 2927 367 2954 olim
380 2925 442 2960 503,
461 2934 547 2953 nunc
566 2926 615 2953 107
629 2931 663 2953 et
678 2926 739 2961 1083
756 2927 903 2954 alterum
918 2935 949 2954 n.
965 2928 1043 2955 olim
1058 2927 1121 2961 506,
1138 2935 1223 2955 nunc
1243 2927 1292 2955 109
1307 2932 1340 2955 et
1359 2927 1407 2955 110

134 2973 148 2992 ὲ
186 2973 334 3007 Scilicet,
351 2973 406 3007 qui
422 2978 557 3001 nostras
573 2974 790 3008 frequentant
806 2975 952 3002 scholas.
