2028 3328
839 123 921 159 AN.
954 123 1044 159 1555
1688 123 1760 159 555

124 226 369 265 molestum
408 224 493 263 sibi
525 230 623 271 est,
662 228 710 261 ut
736 220 1031 272 prouinciam
1061 218 1294 270 rejecerit,
1327 218 1757 267 Caesaraugustam

126 308 237 336 mox
260 296 574 347 profecturus,
600 294 699 343 ubi,
724 292 984 343 explicatus
1003 291 1233 340 negotiis,
1257 291 1355 329 solo
1382 288 1557 340 judicio
1580 290 1759 340 proprii

129 367 285 415 animi,
310 374 354 406 et
376 377 538 406 eorum
561 377 680 416 quae
701 370 807 404 sunt
834 362 964 412 fidei,
988 373 1162 401 vacare
1189 360 1349 412 possit.
1379 359 1633 410 Speramus
1660 361 1758 400 sore

127 444 191 489 ut,
215 438 304 477 tuis
326 443 369 477 et
393 437 591 476 aliorum
614 435 798 487 adjutus
821 433 1127 482 orationibus,
1152 433 1198 472 in
1221 432 1319 471 dies
1341 431 1492 481 magis
1523 443 1578 470 ae
1607 432 1759 482 magis

126 509 354 560 proficiat.

209 580 475 620 Secundum
498 580 609 619 illud
631 585 721 628 est,
745 577 871 629 quod
897 576 1076 616 Doctor
1104 575 1370 624 Cebadilla,
1401 575 1475 614 eui
1502 586 1615 614 eura
1645 575 1759 613 invi-

137 652 269 691 sendi
311 651 783 702 Arehiepiseopatum
822 647 1100 689 demandata
1139 654 1228 695 est,
1267 646 1345 697 qui
1386 652 1431 685 et
1479 645 1759 696 dignitatem

129 723 393 774 proximam
429 722 670 761 canonicis
705 722 751 760 in
787 720 956 771 templo
991 719 1197 758 maximo
1234 717 1369 768 hujus
1405 717 1534 756 urbis
1568 716 1758 766 obtinet,

129 794 341 833 eamdem
377 805 402 832 a
438 792 640 832 Domino
676 803 816 843 quam
850 791 903 841 is,
929 790 984 830 de
1019 801 1109 841 quo
1139 789 1312 829 dudum
1340 787 1577 837 dicebam,
1602 800 1762 828 eonse-

129 871 301 915 quutus
324 872 393 903 est
416 863 803 903 misericordiam.

208 936 414 986 Equites,
440 935 617 974 duriori
639 935 866 974 haetenus
888 939 932 973 et
952 933 1135 972 elatiori
1153 932 1337 971 ceruice
1360 943 1501 982 quam
1518 942 1603 981 par
1621 934 1760 979 esset,

125 1007 222 1058 jam
244 1006 461 1046 videntur
478 1004 590 1057 jugo
613 1005 892 1045 suauissimo
915 1004 1033 1044 Velle
1060 1004 1179 1043 eolla
1208 1002 1500 1051 submittere3
1524 1001 1570 1041 id
1601 1001 1762 1052 depre-

130 1078 377 1118 hendimus
399 1083 442 1116 et
464 1077 587 1128 quod
608 1076 796 1128 saepius
818 1075 1121 1116 concionibus
1143 1073 1358 1114 intersint
1388 1080 1431 1113 et
1454 1072 1764 1112 confiteantur

131 1149 357 1188 Crebrius.
381 1148 514 1187 Libet
537 1147 592 1187 de
614 1159 706 1187 vno
729 1147 900 1195 dicere,
924 1147 1022 1197 qui,
1052 1146 1098 1185 in
1120 1145 1464 1196 aegritudinem
1496 1145 1760 1195 prolapsus,

130 1231 237 1260 eum
254 1220 494 1259 consessus
514 1219 678 1259 fuisset
700 1217 747 1258 P.
773 1217 1002 1268 Magistro
1023 1217 1263 1268 Baptistae
1286 1222 1329 1255 et
1352 1216 1509 1255 diuina
1532 1215 1686 1265 gratia
1705 1214 1763 1254 ab

131 1291 294 1331 eodem
316 1291 621 1340 confortatus,
645 1296 857 1329 caeteros
879 1289 1056 1340 equites
1078 1295 1122 1328 et
1143 1288 1300 1328 verbis
1322 1294 1366 1327 et
1388 1288 1602 1337 exemplo
1625 1285 1766 1337 (quod

133 1364 271 1411 longe
293 1362 350 1401 ab
373 1361 470 1413 ejus
492 1369 593 1401 erat
615 1360 843 1411 instituto)
865 1360 925 1400 ad
946 1360 1166 1412 pietatem
1188 1360 1417 1399 hortatur.

211 1433 452 1473 Voeamur
473 1433 747 1484 saepissime
768 1433 825 1472 iis
846 1432 1049 1472 maxime
1071 1431 1232 1471 diebus
1262 1431 1321 1470 ad
1344 1429 1568 1479 infirmos,
1593 1429 1697 1469 aliis
1716 1438 1766 1469 ut

130 1512 327 1556 peecata
350 1504 609 1554 audiamus,
635 1504 736 1544 aliis
758 1510 807 1544 ut
833 1503 1010 1544 monita
1040 1503 1205 1543 salutis
1232 1503 1558 1554 praebeamus.
1585 1500 1652 1540 1111
1678 1501 1768 1540 5011

132 1577 298 1627 gloria,
324 1576 401 1627 qui
425 1575 579 1615 Omnia
600 1575 647 1614 in
665 1575 879 1615 omnibus
897 1582 1133 1626 operatur3
1153 1574 1363 1625 faxitque
1381 1574 1526 1625 ipsius
1543 1571 1766 1623 Majestas

132 1653 182 1687 ut
203 1647 410 1687 diuinum
426 1646 771 1697 beneplacitum
788 1652 1014 1697 perpetuo
1037 1651 1080 1685 et
1102 1646 1417 1695 intelligamus
1439 1652 1484 1684 et
1506 1656 1646 1695 quam
1668 1644 1765 1684 dili-

133 1718 406 1769 gentissime
434 1729 738 1769 exequamur.

214 1789 434 1840 Hyspali,
468 1788 648 1828 decimo
670 1801 792 1828 nono
820 1788 1046 1828 kalendas
1073 1788 1379 1839 Septembris,
1413 1800 1536 1827 anno
1572 1786 1763 1827 Domini

135 1860 250 1911 (2⁰³0
270 1862 296 1899 5
321 1860 345 1898 ¹.

215 1931 264 1971 P.
289 1931 348 1971 V.
373 1931 729 1979 indignissimus
751 1931 797 1970 in
819 1931 1005 1971 Christo
1027 1930 1169 1980 filius,

1095 2074 1304 2127 JOANNES
1336 2074 1549 2114 XUAREZ.

219 2289 572 2341 Superscrlptz'o
584 2290 633 2328 in
651 2293 824 2341 quarta
839 2290 1048 2341 pagina:
1064 2289 1176 2330 IHS.
1192 2289 1250 2330 Al
1268 2301 1379 2341 muy
1392 2288 1494 2329 R.d0
1507 2300 1564 2328 en
1580 2287 1768 2330 Christo

138 2362 241 2411 Re,
279 2361 320 2401 el
355 2360 425 2401 Re
461 2360 547 2400 M.0
582 2360 763 2411 ignatio
799 2361 856 2400 de
890 2361 1086 2412 Loyola,
1125 2360 1368 2411 Preposito
1403 2359 1598 2411 general
1637 2359 1693 2398 de
1723 2359 1769 2398 la

137 2433 327 2484 Comp.a
349 2432 404 2472 de
423 2433 574 2486 Jesus,
599 2444 656 2471 en
679 2431 843 2471 Roma.

217 2503 327 2543 Alia
350 2515 513 2543 manu:
539 2503 654 2553 1555,
680 2502 875 2554 Hispali.
901 2502 1279 2553 Quadrimestres
1304 2501 1352 2541 14
1372 2501 1591 2553 Augusti.

192 2664 202 2684 ¹
242 2664 528 2698 Quinquagesimo
543 2664 676 2698 quinto.
