2028 3328
804 22 887 58 AN.
919 23 1011 58 1554
1688 28 1733 63 :35

95 119 242 158 multo
265 118 471 158 deterius
499 117 831 169 praestiterant
856 117 879 157 ¹.
912 117 1027 157 Rem
1055 118 1248 158 audiunt
1275 118 1477 169 quotidie
1507 120 1729 167 diuinam,

98 189 176 240 qui
197 201 255 229 ne
277 189 523 229 dominicis
544 187 731 240 quidem
752 199 807 227 ac
829 187 931 228 aliis
953 188 1082 228 festis
1105 189 1265 228 diebus
1294 190 1455 229 audire
1477 202 1726 231 consueue-

94 266 216 300 rant.
241 260 448 300 Extitere
471 260 561 310 alii,
586 259 664 311 qui
684 265 879 311 peccata
902 259 1190 299 confessario
1213 260 1586 310 manifestarunt,
1611 274 1729 313 quae

99 343 181 382 per
202 332 370 382 viginti
391 343 539 372 annos
560 343 671 383 prae
699 329 876 381 pudore
896 330 1100 370 confessi
1129 342 1221 370 non
1243 331 1442 371 fuerant.
1468 332 1628 383 Liber,
1654 334 1730 385 qui

100 403 406 454 Contemptus
428 402 598 443 mnndi
614 401 898 452 inscribitur,
922 401 1215 442 vendebatur
1237 401 1422 453 quidem
1442 410 1665 453 argenteo
1684 411 1728 444 et

92 474 304 525 -dimidio;
328 475 466 515 modo
488 480 645 515 autem
666 473 844 513 duobus
872 478 916 513 et
938 473 1129 513 dimidio
1158 478 1358 512 constat.
1389 472 1587 524 Quidam
1608 507 1614 524 ,
1649 476 1727 526 qui

95 556 274 585 merces
297 545 458 586 diebus
483 545 729 586 dominicis
759 544 1131 595 venumdabant,
1163 555 1374 596 opusque
1401 545 1728 586 mechanicum

90 616 340 667 iaciebant,
366 617 458 657 iam
487 617 673 657 omnino
703 616 759 656 ab
790 615 1007 667 incoepto
1036 615 1270 656 destitere.
1304 615 1566 656 Conciones
1596 628 1727 667 prae-

88 694 216 727 terea
240 688 285 728 in
307 689 541 728 nonnullis
562 688 731 728 fiebant
752 686 956 738 templis,
980 686 1111 727 festis
1134 692 1272 738 atque
1294 686 1515 738 profestis
1545 687 1722 728 diebus.

92 758 309 799 Priuatae
338 759 396 799 ad
418 760 534 799 haec
563 759 798 799 orationes
826 758 1014 798 habitae
1035 763 1164 809 sunt,
1189 764 1286 798 tum
1317 758 1364 798 in
1385 758 1602 807 uinculis,
1626 765 1725 799 tum

85 831 134 870 in
156 830 434 881 quibusdam
456 842 670 871 sororum
692 829 940 878 coenobiis,
965 840 1057 881 qua
1085 828 1272 881 quidem
1293 829 1340 868 in
1361 840 1410 869 re
1432 841 1524 869 non
1554 841 1720 881 parum

88 901 298 953 profecto
321 902 532 954 obsequii
558 900 883 953 praestabatur
904 900 1019 940 Deo.
1052 899 1253 951 Quidam
1274 900 1415 940 etiam
1442 906 1654 941 nostrum
1677 902 1722 941 in

89 974 261 1025 templo
294 973 461 1013 maiori
496 973 782 1022 concionem,
821 982 961 1023 quam
997 971 1207 1012 mandati
1242 972 1479 1023 appellant
1514 971 1543 1022 ²,
1580 973 1723 1013 latine

84 1044 397 1084 concionatus
418 1050 507 1095 est;
530 1056 647 1096 quae
674 1054 839 1084 reuera
868 1043 1033 1084 concio
1060 1045 1236 1083 clerum
1263 1043 1431 1083 mirum
1458 1043 1505 1083 in
1531 1044 1723 1084 modum

89 1115 333 1155 consolata
356 1122 439 1156 est.
465 1115 581 1156 Cum
602 1115 725 1155 enim
746 1120 923 1166 septem
945 1121 1024 1154 aut
1047 1121 1153 1155 octo
1176 1121 1284 1154 ante
1301 1114 1464 1154 diebus
1486 1126 1626 1166 quarn
1643 1115 1720 1155 ha-

87 1186 239 1226 benda
274 1192 417 1236 esset,
447 1187 550 1226 aliis
584 1186 833 1226 commissa
860 1186 1044 1234 fuisset,
1078 1197 1163 1226 nec
1195 1185 1485 1226 inveniretur
1518 1186 1595 1238 qui
1625 1194 1722 1226 tam

85 1257 219 1297 breui
247 1258 471 1308 temporis
500 1259 650 1309 spatio
681 1268 785 1297 eam
812 1256 1077 1297 habendam
1109 1257 1388 1308 susciperet,
1426 1263 1619 1297 ventum
1651 1266 1721 1297 est

86 1328 145 1368 ad
169 1328 278 1368 Rem
299 1335 526 1379 nostrum,
551 1329 630 1380 qui
650 1328 738 1369 illis
1046 1326 1059 1345 ³
1078 1328 1325 1368 authorem
1351 1328 1509 1368 statim
1539 1328 1717 1368 obtulit.

82 1399 249 1450 Vsque
271 1399 387 1440 adeo
416 1406 486 1440 est
515 1406 652 1451 grata
677 1399 785 1440 huic
812 1400 986 1451 populo
1015 1398 1243 1449 Societas,
1266 1404 1317 1439 Vt
1339 1399 1605 1439 diuinarum
1626 1400 1719 1439 lau-

79 1470 193 1511 dum
229 1471 439 1511 carmina
474 1483 656 1523 quoque
691 1471 909 1511 Baeticae
944 1482 1276 1522 usquequaque
1312 1469 1716 1521 circumferantur,

82 1543 208 1594 quod
225 1554 326 1583 eam
346 1542 576 1583 Dominus
592 1542 683 1583 huc
705 1543 896 1583 allatam
913 1542 1129 1593 voluerit,
1149 1541 1272 1594 quod
1289 1541 1476 1594 quidem
1493 1553 1719 1593 magnum

81 1613 172 1654 Dei
195 1614 369 1655 donum
390 1615 682 1665 existimant,
706 1614 984 1666 praesertim
1010 1625 1118 1654 cum
1138 1613 1330 1654 videant
1351 1613 1599 1665 virtutum,
1624 1613 1720 1654 lite-

82 1697 261 1736 rarum,
286 1686 628 1726 recollectionis
657 1692 796 1737 atque
823 1685 1086 1726 honestatis
1111 1685 1338 1736 fructum,
1369 1696 1508 1737 quem
1535 1685 1616 1725 filii
1648 1686 1720 1725 sui
1750 1716 1753 1719 Α

78 1770 140 1797 ex
161 1758 393 1797 Societate
414 1757 582 1797 ferunt.
612 1757 820 1798 Extitere
847 1769 1032 1806 omnes,
1066 1757 1143 1809 qui
1170 1762 1334 1797 nostra
1362 1756 1720 1808 frequentarunt

79 1829 332 1880 gymnasia
360 1828 691 1880 quadringenti
716 1814 834 1880 fere,
867 1829 1070 1869 maxime
1098 1829 1138 1868 si
1158 1840 1262 1879 eos,
1292 1828 1371 1880 qui
1401 1827 1719 1868 conscientiae

80 1911 219 1940 casus
241 1900 449 1950 audiunt,
473 1900 512 1940 si
532 1911 752 1952 graecos,
776 1900 816 1940 si
835 1900 1072 1951 rhetores,
1102 1900 1141 1940 si
1162 1900 1353 1941 tandem
1380 1900 1717 1951 grammaticos

74 1983 484 2012 connumeremus.
509 1971 693 2012 Habent
714 1972 851 2012 huius
881 1972 1039 2023 oppidi
1060 1971 1332 2012 scholastici
1353 1971 1445 2011 duo
1468 1970 1720 2011 admodum

71 2049 242 2083 notatu
260 2043 417 2094 digna,
438 2043 677 2094 ingenium
693 2054 858 2095 nempe
875 2044 1188 2095 praeclarum,
1208 2054 1299 2094 quo
1317 2043 1526 2094 plerique
1543 2042 1719 2093 pollere

76 2115 320 2165 videntur,
345 2126 399 2155 ac
421 2114 616 2166 proinde
636 2126 749 2154 sane
776 2121 882 2155 sunt
903 2116 1099 2155 multum
1126 2115 1321 2154 solertes
1342 2113 1371 2162 ⁴,
1397 2120 1441 2154 et
1462 2113 1716 2154 maximam

77 2186 263 2226 habitus
290 2186 604 2236 honestatem;
635 2185 843 2238 plerique
864 2187 988 2226 enim
1015 2186 1156 2238 pallia
1184 2186 1388 2236 oblonga
1410 2191 1455 2225 et
1475 2185 1624 2236 pileos
1655 2184 1715 2225 ad

77 2257 399 2298 sacrificorum
421 2255 434 2275 ⁵
455 2256 806 2297 similitudinem
825 2263 1028 2309 gestant,
1053 2257 1116 2297 ita
1138 2262 1188 2297 vt
1216 2268 1323 2296 curn
1345 2255 1715 2296 salmanticensi-

132 2370 142 2390 1
182 2370 271 2398 Vide
289 2370 456 2405 quomodo
472 2370 568 2403 haec,
586 2377 672 2404 quae
689 2370 831 2397 obscure
847 2369 932 2397 satis
948 2369 1042 2397 dicta
1057 2374 1154 2404 sunt,
1170 2369 1342 2396 intellexit
1360 2369 1537 2396 Pomncus
1552 2376 1557 2395 z
1574 2369 1635 2396 “et
1650 2368 1710 2402 eis,

69 2419 131 2453 -qui
146 2422 349 2453 egestatem,
367 2425 505 2446 suorum
521 2418 689 2445 malorum
704 2424 853 2448 causam.
869 2419 1129 2452 praetexebant,
1144 2424 1346 2452 persuasum
1361 2421 1411 2444 est
1429 2416 1516 2451 quod
1532 2417 1616 2444 haec
1637 2424 1713 2450 pro-

71 2471 150 2500 pter
164 2471 309 2500 peccata
324 2467 474 2501 ipsorum
490 2466 522 2493 in
536 2465 645 2492 Deum
659 2465 874 2500 accidebant,
890 2473 976 2499 cum,
993 2465 1021 2493 si
1036 2472 1179 2499 regnum
1194 2465 1258 2492 Dei
1274 2467 1481 2499 quaererent
1497 2464 1714 2499 etjustitiam

66 2515 156 2549 ejus,
170 2515 375 2549 temporalia
390 2522 455 2541 non
469 2514 518 2541 eis
533 2517 649 2541 essent
665 2513 854 2547 defutura.„
872 2513 1075 2548 Chronicon‚
1092 2518 1116 2541 t.
1132 2520 1178 2544 1v.
1191 2520 1270 2547 pag.
1285 2512 1348 2546 450,
1365 2520 1384 2539 n
1409 2512 1477 2540 964.

127 2562 141 2581 ὲ
180 2562 385 2590 Concionem
401 2562 440 2589 de
456 2561 651 2595 Evangelio
673 2561 763 2588 Ante
784 2561 880 2588 diem
889 2561 1028 2596 festum
1045 2560 1224 2593 Paschae,
1238 2568 1326 2596 quae
1343 2560 1416 2588 fieri
1433 2561 1521 2588 solet
1544 2559 1596 2587 die
1621 2559 1715 2592 Jovis

71 2610 182 2637 sancti
198 2614 278 2638 ante
293 2611 349 2638 vel
365 2614 439 2645 post
455 2609 577 2644 pedum
592 2609 765 2636 lotionem.
780 2608 869 2636 Vide
885 2609 1037 2636 Pomm
1053 2608 1259 2641 Clzronicon,
1274 2612 1296 2636 t.
1314 2616 1360 2642 1v‚
1378 2615 1458 2642 pag.
1475 2607 1538 2641 449,
1555 2615 1586 2634 n.
1600 2606 1665 2634 961.

125 2658 139 2677 ⁷³
177 2657 334 2693 Spatium
349 2658 404 2686 hie
420 2658 453 2685 in
469 2656 669 2692 apographo
685 2661 802 2684 nostro
817 2664 965 2684 vacuum
979 2657 1138 2684 relictum
1154 2660 1217 2687 est,
1237 2656 1445 2691 implendum
1461 2654 1620 2683 fortassis
1636 2661 1712 2682 eon-

66 2705 258 2733 -cionatoris
272 2708 416 2734 nomine.
432 2706 468 2734 Id
484 2706 639 2739 implevit
656 2705 840 2736 PonAx‘cus.
858 2705 877 2732 l.
895 2712 911 2732 c
926 2726 932 2736 .
950 2705 1014 2732 hoc
1030 2705 1137 2732 modo:
1153 2705 1213 2732 “et
1227 2704 1276 2732 ita
1291 2708 1434 2731 ventum
1455 2707 1508 2730 est
1533 2703 1576 2730 ad
1593 2702 1627 2730 Ρ.
1646 2702 1714 2728 An·

68 2754 213 2787 ionium,
229 2753 423 2788 Rectorem,
440 2754 494 2789 qui
510 2754 574 2781 hoc
589 2760 710 2780 munus
724 2752 824 2780 Patri
838 2752 998 2780 Navarro
1014 2752 1194 2780 commisit.
1206 2773 1221 2786 „

122 2802 137 2821 ⁴
174 2801 264 2829 Vide
279 2802 312 2830 in
328 2802 477 2831 Ponmct
495 2801 699 2833 chronicon,
715 2804 738 2828 t.
756 2807 803 2834 1v,
820 2807 903 2835 pag.
921 2800 986 2832 444,
1002 2804 1118 2827 annot⁴
1138 2800 1169 2827 2.

124 2849 138 2869 5
175 2849 414 2881 sacerdotum,
427 2857 486 2876 seu
502 2849 622 2876 melius
637 2848 860 2875 clericorum.
