2028 3328
255 193 326 230 694
770 190 996 228 LITTERAE
1015 197 1374 234 QUADmMESTREs

259 289 379 330 bono
402 289 614 341 exemplo
640 288 803 329 fuisset
829 286 1111 337 domesticiS,
1134 286 1375 336 ingressus
1406 288 1475 324 est
1495 288 1708 323 nostram
1731 280 1886 322 Socie-

261 367 417 401 tatem.

338 431 574 472 Visitante
595 442 681 472 nos
701 430 838 471 Patre
859 429 1029 479 Natali,
1052 426 1385 468 renouauimus
1404 430 1518 465 vota
1543 435 1705 465 omnes
1733 423 1884 463 simul.

338 502 448 543 Dux
468 502 505 543 F
509 502 716 543 errariae
737 501 923 553 scripsit
945 500 1003 540 ad
1031 498 1406 539 Gubernatorem
1431 502 1475 536 et
1497 495 1780 547 Episcopum
1801 506 1885 545 pro

259 574 475 615 habendo
494 574 617 625 loco,
640 579 685 613 et
705 584 813 613 cum
845 571 959 612 nihil
995 571 1170 610 factum
1204 568 1367 608 fuisset
1401 579 1483 619 per
1505 578 1600 617 eos,
1630 567 1729 618 ipse
1750 565 1884 606 nobis
1918 587 1922 589 -

259 645 520 697 assignauit
540 645 695 684 locum
715 644 795 684 vbi
823 641 1080 695 poterimus
1118 640 1300 691 erigere
1335 638 1647 689 collegiolum,
1684 637 1743 677 ad
1765 636 1887 687 quod

259 716 600 757 aedificandum
621 715 759 756 amici
793 713 1095 763 adiuuabunt,
1128 723 1177 751 se
1199 711 1322 751 enim
1344 710 1403 750 ad
1423 709 1513 750 hoc
1539 709 1820 758 obtulerunt,
1845 714 1890 747 et

260 801 315 829 eo
337 794 608 829 constructo
641 797 885 839 speramus
920 795 1143 836 magnum
1178 783 1381 824 fructum
1413 781 1512 822 fore
1542 780 1591 821 in
1625 780 1888 829 animabus,

262 860 340 912 qui
374 860 601 900 hactenus
639 857 777 899 valde
807 857 1005 908 exiguus
1039 854 1124 895 fuit
1158 859 1352 906 propter
1382 863 1553 893 causas
1584 850 1643 892 ad
1678 857 1723 891 te
1751 862 1890 902 saepe

263 931 478 983 scriptas.

341 1002 562 1052 Mutinae,
591 1001 634 1040 11
660 999 879 1041 Octobris
904 998 1020 1039 1555.

582 1072 653 1112 Ex
674 1076 926 1123 praecepto
949 1076 1143 1110 sanctae
1165 1067 1452 1115 obedientae,

1034 1211 1310 1252 STEPHANUS
1339 1209 1635 1250 BAROELLUS.

342 1358 433 1398 Hic
462 1357 646 1397 addidit
667 1368 811 1397 mauu
840 1355 1046 1408 propria
1072 1355 1133 1396 P.
1156 1354 1374 1406 soczmzes
1401 1352 1468 1392 Le
1502 1350 1746 1396 Pelletz'ew
1782 1350 1895 1390 Fer-

267 1429 501 1469 rariensz's
529 1427 937 1479 Collegn'Rector,
959 1426 1036 1466 cui
1052 1429 1095 1466 et
1117 1425 1388 1465 Mutinense
1408 1422 1703 1474 subjacebat:
1725 1421 1896 1472 Queste

265 1512 378 1540 sono
399 1501 440 1540 le
462 1499 790 1551 quadrimestri
811 1498 856 1538 di
872 1498 1072 1538 Modena
1094 1497 1213 1538 doue
1234 1496 1274 1536 si
1295 1507 1353 1547 po
1388 1494 1561 1535 vedere
1596 1493 1682 1534 che
1703 1504 1816 1533 cosa
1835 1503 1895 1544 po

266 1570 326 1611 M.
352 1570 589 1623 Stephano
618 1571 692 1610 nel
725 1570 885 1620 latino,
922 1580 1016 1609 non
1049 1580 1102 1608 so
1138 1568 1223 1608 che
1258 1578 1366 1607 sara
1389 1567 1462 1606 col
1497 1577 1582 1606 suo
1605 1564 1796 1615 hebreo,
1821 1563 1898 1603 dal

266 1642 495 1694 principio
513 1642 556 1681 io
578 1642 716 1681 volea
737 1641 840 1681 chel
861 1640 1093 1681 studiasse
1116 1639 1339 1690 alquanto
1361 1638 1408 1677 in
1424 1636 1683 1687 humanita,
1706 1647 1783 1675 ma
1801 1645 1897 1674 non

268 1713 334 1764 gli
354 1712 401 1753 fu
419 1713 598 1764 ordine3
613 1724 699 1764 pur
716 1712 906 1752 tandem
922 1722 1035 1763 pare
1053 1709 1176 1751 seria
1193 1709 1272 1761 piu
1289 1708 1522 1749 necessita
1542 1706 1627 1747 che
1654 1705 1767 1746 dare
1790 1716 1895 1757 ope-

267 1796 321 1825 ra
344 1785 388 1824 al
409 1784 580 1824 hebreo
601 1789 645 1823 et
666 1795 760 1824 non
780 1794 946 1835 sapere
967 1782 1109 1822 niuno
1132 1781 1239 1821 delli
1261 1779 1366 1820 dua.

1123 1922 1332 1976 JOANNES
1359 1921 1703 1962 PELLETARIUS.

348 2069 783 2121 Superscriptz‘om's
811 2068 910 2108 loco
940 2067 990 2108 in
1019 2066 1223 2107 altanus
1257 2063 1562 2116 autographi
1590 2061 1801 2114 exempli
1830 2073 1881 2101 se

266 2141 422 2182 cunda
436 2146 644 2192 pagena:
665 2139 871 2181 Litterae
893 2138 1260 2190 quadrimestres
1283 2135 1483 2187 Collegii
1505 2133 1798 2175 Mutinensis.
