2028 3328
782 119 866 156 AN.
898 119 989 156 1555)
1644 117 1716 155 505

78 230 282 270 magnae
312 217 624 259 consolationi
659 226 757 257 tum
791 202 1078 267 parentibus,
1116 221 1214 254 tum
1250 215 1339 253 illis
1375 215 1604 262 omnibus,
1637 214 1714 265 qui

80 290 256 330 factum
278 301 546 341 percepere.

162 361 431 401 Canonicus
452 360 736 400 Franciscus
756 358 940 407 Turris,
964 357 1020 397 de
1042 369 1132 408 quo
1154 356 1272 396 alias
1295 356 1354 396 ad
1380 355 1529 395 Tuam
1560 355 1717 394 Pater-

81 432 274 472 nitatem
295 432 477 482 scripsi,
499 431 689 483 praebet
706 441 798 470 non
814 429 1098 469 mediocrem
1115 427 1490 467 aedificationem
1507 432 1550 466 et
1569 427 1615 465 in
1633 437 1717 465 sua

83 503 295 552 ecclesia,
321 508 365 542 et
387 502 601 542 omnibus
623 501 751 551 lociS‚
782 501 830 540 in
851 499 1017 551 quibus
1045 503 1277 538 uersatur.
1301 497 1531 537 Dominus
1564 503 1719 536 autem

82 574 147 613 illi
169 575 372 624 adauget
404 573 688 613 desiderium
715 571 997 612 Societatem
1026 570 1337 621 ingrediendi3
1372 569 1621 620 impeditus
1653 574 1717 607 ta-

83 657 188 685 men
207 644 486 696 quibusdam
504 644 719 695 negotiis,
736 643 781 683 id
799 643 845 682 in
861 642 1235 693 praesentiarum
1249 648 1491 691 praestare
1508 651 1601 679 non
1620 645 1718 690 pot-

82 722 167 756 est.
191 716 254 756 At
275 728 388 755 vero
410 716 455 755 in
479 716 661 756 ratione
683 713 869 754 uiuendi
888 712 1135 754 Societatis
1157 712 1343 763 quidem
1366 717 1449 751 est.

161 786 393 827 Dominus
417 794 575 827 autem
596 785 994 837 Archiepiscopus
1015 795 1162 834 vsque
1191 783 1308 822 adeo
1332 783 1448 822 bene
1480 782 1536 822 de
1568 780 1721 821 Socie-

81 863 177 898 tate
196 858 350 908 sentit,
372 864 422 897 vt
440 859 515 898 vel
534 858 645 897 mihi
662 856 848 897 iusserit
865 855 1027 895 audire
1045 854 1387 894 confessionem
1406 853 1721 893 auricularem

83 929 395 980 quarumdam
418 929 692 969 monialium
709 929 797 968 sibi
814 927 1122 967 subditarum.
1144 925 1263 976 Quia
1282 937 1394 964 vero
1417 924 1605 975 percepi
1627 936 1722 963 non

85 1012 250 1051 parum
269 1000 602 1041 consolationis
621 1000 869 1039 allaturum
882 997 1205 1039 Dominationi
1222 1009 1350 1043 suae,
1371 997 1409 1035 si
1427 1008 1507 1035 eas
1524 995 1720 1036 Sorores

85 1079 335 1123 Vtcumque
349 1073 717 1122 consolaremur,
732 1077 978 1122 propterea
993 1070 1163 1110 tradidi
1177 1069 1401 1109 exercitia
1415 1074 1615 1119 quatuor
1627 1078 1723 1106 mo-

85 1144 293 1184 nialium.
318 1143 381 1184 At
402 1143 662 1193 Praefecta,
694 1142 1075 1182 animadvertens
1097 1142 1312 1189 fructum,
1338 1140 1414 1191 qui
1438 1139 1542 1179 inde
1563 1150 1724 1189 seque-

86 1221 228 1265 retur,
257 1222 385 1266 optat
407 1222 457 1254 vt
481 1226 643 1254 omnes
666 1214 878 1254 subditae
896 1213 1120 1253 exercitia
1136 1212 1328 1262 faciant,
1354 1224 1407 1251 ea
1429 1217 1585 1250 tamen
1602 1211 1721 1260 lege,

85 1292 136 1326 vt
158 1287 260 1338 ipsa
282 1286 537 1337 praecedat
556 1297 733 1336 omnes;
754 1286 855 1337 ipsa
872 1297 986 1325 vero
1005 1284 1230 1335 efflagitat
1250 1296 1275 1324 a
1292 1283 1494 1323 Domino
1512 1281 1724 1332 frequen-

84 1364 154 1398 ter
176 1359 395 1409 dignetur
419 1357 603 1397 mittere
626 1357 717 1396 huc
736 1358 906 1397 multos
927 1355 1107 1396 Patres:
1131 1367 1249 1407 quae
1274 1354 1459 1406 quidem
1489 1353 1555 1403 (vt
1577 1353 1724 1400 aiunt)

86 1436 156 1470 est
178 1440 351 1480 magna
373 1428 461 1468 Dei
485 1428 670 1478 ancilla,
694 1434 737 1467 et
758 1434 828 1468 est
849 1438 983 1467 soror
1005 1426 1269 1468 Cardinalis
1286 1425 1476 1466 Domini
1495 1424 1726 1475 Gasparis

86 1501 142 1542 de
162 1500 357 1550 Aualos,
381 1499 618 1551 quondam
639 1498 998 1550 Archiepiscopi
1021 1498 1159 1538 huius
1181 1497 1401 1539 ciuitatis.

166 1571 346 1612 Nouem
369 1577 447 1611 aut
470 1571 632 1611 decem
648 1570 824 1622 petiere
842 1570 888 1610 in
904 1569 1187 1610 Societatem
1204 1568 1400 1616 admitti;
1426 1568 1609 1608 illorum
1631 1573 1727 1607 tres

86 1643 303 1692 sacrifici,
329 1644 569 1682 scholares
593 1642 811 1694 quinque,
834 1641 941 1682 laici
963 1642 1069 1681 duo.
1094 1641 1377 1681 Detinentur
1398 1639 1551 1689 mod0‚
1577 1639 1727 1679 donec

90 1715 210 1755 adsit
234 1713 433 1754 facultas
456 1713 712 1765 recipiendi
734 1724 829 1753 eos.
859 1712 956 1753 Alii
976 1713 1116 1752 etiam
1148 1718 1276 1760 sunt,
1301 1718 1345 1751 et
1368 1711 1494 1751 docti
1521 1710 1724 1761 quidem,

88 1786 167 1838 qui
184 1785 379 1837 cupiunt
395 1784 648 1826 Societatis
665 1796 782 1824 esse:
802 1785 1153 1835 praestolantur
1169 1790 1327 1823 tamen
1345 1793 1557 1823 murmur
1573 1781 1728 1831 magis

87 1868 317 1897 sonorum
351 1867 493 1908 quam
528 1856 771 1907 hucusque
807 1855 1065 1895 excitatum
1101 1861 1184 1895 est.
1229 1853 1559 1895 Confessiones
1596 1851 1728 1892 fuere

88 1929 261 1968 multae
283 1934 327 1967 et
356 1929 662 1978 collegarum,
691 1933 736 1985 et
763 1926 1070 1977 scholarium,
1102 1931 1146 1966 et
1173 1931 1514 1974 mercatorum,
1539 1930 1583 1964 et
1603 1923 1727 1963 iuue-

89 2011 222 2050 num,
262 2000 340 2051 qui
374 1999 676 2050 frequentant
698 2004 1011 2038 sacramenta.
1048 1997 1112 2037 At
1146 2008 1369 2036 numerus
1405 1995 1728 2036 confitentium

91 2071 277 2121 crescit,
302 2070 524 2121 quoniam
546 2069 684 2109 Pater
705 2068 837 2120 Ruiz,
861 2068 1044 2121 Hispali
1066 2068 1236 2108 missus
1258 2068 1363 2118 huc,
1383 2078 1455 2106 me
1472 2067 1519 2106 in
1536 2066 1723 2107 audien-

92 2142 165 2182 dis
193 2141 568 2182 confessionibus
590 2141 735 2181 iuuat.

171 2213 273 2254 Non
296 2214 403 2253 licet
425 2212 607 2252 silentio
631 2212 889 2264 praeterire
911 2211 1193 2251 charitatem
1214 2211 1350 2251 simul
1379 2216 1422 2250 et
1451 2209 1730 2250 consolatio-

92 2297 212 2336 nem,
239 2297 329 2336 qua
351 2284 484 2324 anus
508 2283 633 2323 D.¹¹1¹⁵
661 2282 1062 2334 Archiepiscopus
1090 2293 1251 2322 omnes
1279 2282 1416 2322 huius
1439 2281 1644 2321 ciuitatis
1665 2280 1732 2320 vi-

92 2368 170 2397 ros
184 2355 324 2395 afficit
337 2355 541 2407 quadam
558 2354 758 2394 lectione
771 2353 882 2394 Divi
896 2353 1028 2394 Pauli
1039 2353 1099 2393 ad
1111 2353 1369 2403 Hebraeos,
1385 2363 1525 2404 quam
1543 2351 1732 2403 quidem

92 2428 242 2478 docte,
268 2428 393 2467 clare
415 2434 460 2466 et
482 2425 687 2477 proficue
709 2425 893 2477 publice
914 2426 1272 2477 interpretatur3
1298 2424 1357 2464 ad
1378 2435 1520 2475 quam
1541 2429 1729 2475 praesto

91 2505 162 2538 est
184 2509 358 2549 magna
380 2497 621 2538 hominum
638 2497 863 2548 cuiusque
879 2496 976 2537 fere
993 2502 1142 2536 status
1160 2495 1436 2548 frequentia.
1456 2495 1537 2535 Est
1556 2505 1731 2546 magna

91 2570 305 2622 profecto
326 2569 464 2609 huius
497 2568 702 2608 Praelati
730 2568 984 2608 humilitas.
1016 2567 1247 2608 Dominus
1279 2573 1527 2607 conseruet
1550 2577 1656 2606 eum
1685 2571 1730 2606 et

96 2640 299 2681 viuificet
321 2651 448 2691 eum,
473 2646 562 2680 etc.

172 2712 274 2752 Hoc
297 2711 494 2763 denique
526 2719 612 2761 est,
643 2711 783 2751 Pater
804 2711 881 2762 mi,
913 2711 1036 2763 quod
1063 2711 1119 2751 de
1146 2710 1234 2751 hoc
1263 2709 1593 2762 quadrimestri
1623 2714 1732 2749 tuae

92 2783 369 2824 Paternitati
391 2783 499 2823 hinc
526 2782 827 2823 scribendum
854 2794 957 2822 sese
986 2782 1136 2822 offert.
1169 2780 1393 2834 Superest
1423 2792 1547 2821 nunc
1574 2786 1619 2821 et
1639 2792 1666 2820 a
1688 2786 1733 2821 te

95 2854 371 2906 efflagitare,
397 2862 441 2895 et
462 2866 489 2893 a
510 2854 728 2894 Patribus
752 2860 795 2894 et
816 2854 1039 2894 fratribus
1062 2853 1352 2894 charissimis
1371 2852 1507 2892 isthic
1525 2852 1733 2903 degenti-

95 2928 204 2975 bus,
243 2939 328 2966 nos
367 2926 511 2966 velint
546 2925 646 2965 Deo
685 2926 854 2965 obnixe
890 2926 1240 2975 commendare,
1278 2935 1474 2976 quorum
1512 2923 1732 2975 precibus
