2028 3328
145 131 213 169 168
659 131 887 168 Ll'rTERAE
915 142 1274 174 QUADRnuESTREs

141 241 232 280 que
253 240 387 268 suum
409 229 672 269 redderent.
696 228 791 269 Alii
813 229 1113 279 concubinas,
1139 241 1242 269 cum
1266 229 1432 280 quibus
1450 229 1526 269 diu
1550 229 1782 281 flagitiose

142 300 378 350 vixerant,
402 300 488 340 sibi
510 300 718 351 legitimo
741 300 960 351 coniugio
989 302 1254 341 iunxerunt.
1280 300 1497 340 Nonnulli
1527 301 1630 341 illas
1651 301 1777 341 dimi·

142 377 317 411 serunt.
336 371 474 412 Pater
497 371 710 422 Michael,
736 371 1039 412 concionator
1055 378 1228 421 noster,
1248 373 1295 411 in
1312 371 1616 423 profectione,
1640 383 1780 423 quam

142 443 410 483 Messanam
431 444 643 492 instituit,
667 443 863 483 verbum
885 443 973 483 Dei
995 444 1150 484 multis
1172 443 1218 483 in
1235 443 1351 483 locis
1372 454 1477 482 cum
1494 454 1668 494 magno
1688 443 1779 484 fru-

142 520 219 553 ctu
240 515 429 565 sparsit.
452 515 500 554 In
524 515 675 554 reditu
697 521 868 565 autem,
892 521 943 555 vt
964 526 1140 565 omneS,
1164 515 1202 554 si
1223 526 1314 565 qua
1335 514 1433 554 fieri
1454 521 1628 566 posset,
1651 515 1780 555 iuua-

143 592 227 636 ret,
251 598 335 637 per
357 587 497 626 aliam
518 587 645 626 viam
668 586 877 636 veniens,
903 587 1025 626 idem
1046 587 1155 626 fecit
1178 585 1303 635 alibi,
1323 591 1420 626 tum
1442 586 1692 637 praecipue
1709 586 1780 626 Bi—

144 658 307 697 bonae.
345 657 393 697 P.
424 656 651 708 Elpidius‚
683 663 936 709 antequam
970 659 1029 698 ad
1056 657 1236 698 Ducem
1257 657 1650 708 proficisceretur,
1675 669 1779 697 cum

144 727 337 768 Vicario
373 728 713 779 Agrigentino,
751 730 895 769 multa
934 729 1128 781 oppida,
1161 729 1375 778 castella,
1412 739 1563 780 pagos
1597 729 1777 769 inuisit:

143 800 478 850 peregrinatio,
503 807 555 840 vt
576 800 692 840 satis
722 800 807 840 fuit
829 802 986 851 longa,
1018 801 1081 841 ita
1111 811 1293 851 quoque
1320 799 1575 840 fructuosa.
1609 799 1781 840 Multas

143 871 267 911 enim
301 882 475 922 prauas
497 872 859 912 consuetudines
880 872 1261 921 emendauerunt,
1292 876 1337 911 et
1365 871 1626 911 animarum
1649 882 1779 911 cura-

141 951 268 982 tores
299 943 358 982 ad
386 943 611 983 maiorem
634 944 925 994 diligentiam
947 944 1275 993 incitauerunt,
1301 954 1486 993 vsuras,
1509 943 1713 995 periuria
1737 949 1780 983 et

142 1014 321 1065 reliqua
356 1015 487 1064 vitia,
525 1026 645 1066 quae
679 1022 812 1056 erant
847 1017 1142 1067 pervulgata,
1168 1015 1506 1064 diminuerunt,
1543 1015 1780 1066 multaque

141 1086 474 1126 substulerunt.
512 1086 748 1126 Exercitia
782 1088 1041 1139 spiritualia
1077 1087 1232 1127 multis
1262 1086 1434 1126 tradita
1470 1093 1590 1135 sunt,
1630 1086 1779 1126 multi-

142 1169 231 1208 que
259 1169 316 1197 ex
345 1157 434 1197 illis
461 1158 774 1209 profecerunt:
812 1165 1033 1210 petuntur
1060 1159 1199 1198 etiam
1228 1171 1254 1198 a
1291 1158 1516 1210 plurimis.
1555 1157 1780 1209 Virgines

140 1229 371 1279 quaedam
394 1229 567 1280 pietate
588 1236 631 1270 et
653 1241 812 1270 amore
835 1230 1008 1271 Christi
1039 1231 1258 1270 incensae
1286 1235 1447 1281 petunt
1480 1231 1526 1269 in
1548 1229 1777 1269 Monaste-

142 1300 223 1339 riis
245 1300 331 1340 sibi
354 1302 508 1340 locum
532 1301 632 1341 dari
655 1313 760 1341 cum
783 1313 956 1352 magna
977 1301 1243 1341 constantia
1266 1308 1309 1341 et
1330 1301 1523 1341 summis
1544 1301 1774 1352 precibus.

140 1371 334 1412 Fratres
361 1373 511 1412 nostri
544 1373 591 1412 in
623 1373 749 1413 omni
776 1373 1017 1414 literarum
1046 1384 1219 1424 genere
1247 1385 1350 1413 sese
1382 1373 1629 1424 diligentes
1651 1384 1780 1412 exer-

141 1450 249 1483 cent
269 1456 356 1484 nec
378 1445 531 1484 minus
558 1445 605 1485 in
626 1446 791 1496 spiritu
824 1445 1085 1497 proficiunt.
1116 1445 1210 1485 Alii
1231 1445 1458 1495 carmina,
1483 1456 1603 1496 quae
1624 1444 1778 1484 valuis

140 1516 299 1566 templi
316 1515 448 1556 festis
466 1516 626 1556 diebus
644 1516 907 1568 affigantur,
928 1517 1137 1557 studiose
1159 1516 1475 1556 conscribunt.
1495 1515 1588 1556 Alii
1607 1515 1776 1555 oratio-

140 1597 224 1626 nes
246 1598 301 1626 ac
330 1587 699 1628 declamationes
727 1588 910 1639 publice
938 1589 1125 1628 habent.
1154 1588 1374 1628 Nonnulli
1402 1587 1519 1627 haec
1540 1586 1697 1627 omnia
1719 1587 1775 1626 si-

140 1658 249 1697 mul.
274 1657 451 1698 Diebus
482 1659 613 1700 festis
635 1659 760 1699 domi
789 1660 1182 1711 disputationibus
1204 1664 1497 1709 exercentur,
1526 1657 1650 1698 vnde
1681 1670 1774 1698 mar

137 1740 262 1779 gnus
296 1731 575 1771 eruditionis
609 1732 822 1771 cumulus
858 1732 1059 1771 accedit:
1098 1743 1260 1771 omnes
1301 1731 1625 1782 magistratus,
1669 1741 1774 1769 cum

138 1808 295 1841 essent
315 1813 480 1842 recens
503 1803 663 1853 creati,
696 1815 781 1843 nos
808 1803 1083 1853 inuiserunt,
1117 1803 1283 1854 quibus
1312 1802 1604 1853 dignitatem,
1635 1812 1774 1853 quam

136 1872 295 1923 adepti
328 1882 479 1924 erant,
517 1874 676 1914 habita
704 1875 929 1923 oratione,
962 1875 1334 1925 gratulabamur;
1367 1874 1509 1914 etiam
1543 1873 1773 1924 epigram—

136 1950 263 1983 mata
297 1955 472 1995 graeca
508 1952 552 1985 et
581 1945 726 1985 latina
753 1946 802 1985 in
831 1957 993 1986 eorum
1021 1945 1474 1986 commendationem
1496 1943 1773 1996 pronuncia·

135 2015 321 2066 bantur,
347 2017 513 2067 quibus
540 2017 755 2058 omnibus
777 2017 1027 2057 admodum
1057 2017 1426 2067 delectabantur,
1451 2021 1502 2056 vt
1529 2015 1776 2055 alacritate

136 2088 296 2127 vultus
316 2093 360 2127 et
382 2088 539 2128 verbis
561 2089 909 2139 significabant,
934 2095 1021 2129 etc.

218 2157 452 2209 Panormi,
473 2160 622 2210 pridie
645 2160 749 2200 idus
771 2159 1003 2208 Octobris,
1032 2160 1145 2200 1554.

218 2229 272 2269 R.
297 2229 346 2270 Ρ.
370 2229 423 2270 Τ.
448 2230 569 2270 filius
591 2231 635 2270 in
658 2231 846 2271 Christo
866 2231 1329 2282 obsequentissimus,

1037 2374 1296 2415 GERARDUS
1324 2375 1392 2414 LA
1399 2385 1559 2414 PIDIUS.

219 2518 280 2557 In
302 2522 475 2569 quarta
491 2519 698 2569 pagina,
721 2531 838 2571 quae
859 2519 1266 2570 szsaperscmptz'one
1300 2521 1445 2568 caret,
1471 2517 1583 2557 haec
1606 2516 1773 2568 legun-

135 2593 238 2629 tur:
262 2588 375 2629 1554.
399 2589 625 2630 Palermo.
651 2590 992 2641 Quadrimestri
1015 2590 1057 2630 d'
1078 2592 1152 2629 un’
1175 2602 1296 2630 anno
1314 2587 1775 2638 intero.—Originali

139 2661 297 2700 latine.

219 2732 348 2772 Haec
368 2733 613 2772 annotatio
645 2734 860 2784 refertur
880 2734 942 2773 ad
963 2737 1062 2773 tres
1082 2732 1312 2784 epistolas
1333 2731 1482 2782 hujus
1503 2729 1635 2779 anni,
1656 2740 1777 2781 quae

132 2803 445 2854 praecedunt,
465 2814 672 2855 quaeque
694 2804 1145 2853 Panormz’fuerunt
1165 2807 1398 2843 exaratae
1417 2801 1577 2842 diebus
1598 2801 1668 2841 23
1690 2800 1774 2852 Ja-

139 2874 306 2914 mtarz‘z'
323 2874 444 2924 (vide
466 2885 629 2926 supra,
655 2881 685 2914 t.
716 2887 761 2924 11,
785 2886 892 2926 pag.
916 2875 1027 2926 561),
1051 2875 1121 2915 24
1143 2874 1272 2926 Jnlz'e'
1289 2874 1410 2925 (vide
1432 2884 1596 2924 supra,
1615 2873 1662 2912 in
1684 2873 1776 2913 hoc

139 2952 171 2986 t.
194 2957 255 2996 111,
280 2956 388 2997 pag.
422 2945 507 2995 59),
530 2949 574 2985 et
602 2946 666 2985 14
693 2946 920 2986 Octobris.
