2028 3328
194 90 265 129 288
710 90 935 127 LlTTERAE
954 100 1312 133 QUADRIMESTRES

194 194 322 228 terea
345 194 413 227 est
436 200 462 227 a
482 187 702 238 Regibus,
727 187 1031 238 religionibus
1052 186 1308 238 quibusuiS,
1329 191 1379 225 vt
1401 196 1719 236 quascumque
1742 184 1828 224 cir-

195 271 250 299 ca
272 259 450 306 domos,
475 259 532 298 ab
555 258 931 298 aedificatoribus
966 264 1123 298 tamen
1158 262 1362 305 taxatas
1396 256 1575 307 possint
1596 255 1746 306 pretio
1769 255 1826 295 ab

194 330 261 370 eis
283 336 444 370 taxato
466 341 635 369 emere.
668 329 862 369 Reditus
898 328 1039 368 annui
1067 328 1204 367 huius
1227 327 1423 377 Collegii
1452 333 1557 366 sunt
1579 326 1826 376 sexaginta

195 402 319 441 mille
341 401 673 441 terunciorum.

273 471 336 513 At
366 473 406 512 si
441 472 496 512 de
525 472 896 523 Archiepiscopo
927 470 935 488 ¹
967 472 1228 520 loquamur,
1257 468 1515 508 delectatus
1544 468 1729 520 quidem
1758 474 1827 508 est

194 544 363 584 mirum
390 544 436 583 in
464 543 652 583 modum
681 543 885 582 aduentu
908 540 1159 581 Societatis
1180 539 1227 579 in
1255 539 1377 579 hanc
1398 539 1578 589 vrbem,
1603 551 1694 590 quo
1717 546 1825 579 tem-

193 627 306 666 pore
328 614 561 666 parochos
583 625 743 653 omnes
765 619 808 652 et
829 611 1131 652 beneficiatos
1154 610 1212 650 ad
1229 621 1278 649 se
1297 610 1560 650 accersiuit.
1583 610 1705 650 Inter
1728 621 1829 650 cae-

194 694 295 726 tera
317 692 488 735 autem,
513 696 631 736 quae
654 684 743 724 illis
765 682 1063 734 significauit,
1088 682 1178 721 hoc
1206 681 1347 721 etiam
1375 681 1421 720 in
1453 681 1657 721 medium
1688 681 1828 720 addu-

193 757 276 807 xit,
300 768 488 807 nempe,
513 756 634 795 hanc
657 754 938 795 Societatem
960 753 1236 793 suscitatam
1258 764 1284 791 a
1305 751 1406 792 Deo
1428 752 1602 803 optimo
1624 752 1833 792 maximo

195 840 248 869 eo
270 834 479 880 tempore
500 827 796 878 potissimum
817 825 975 874 fuisse,
999 836 1090 876 quo
1114 823 1358 863 charitatis
1380 823 1538 863 feruor
1566 823 1690 875 apud
1712 823 1828 863 chri-

191 901 369 940 stianos
396 899 533 939 Valde
569 898 855 949 multumque
891 901 1166 949 tepesceret.
1205 895 1359 946 Atque
1395 895 1589 946 proinde
1626 905 1830 946 magnae

194 972 280 1012 sibi
302 971 565 1012 confusioni
586 970 791 1010 futurum
813 976 861 1009 ut
883 969 1068 1009 aliunde
1091 970 1239 1010 exteri
1261 970 1351 1009 huc
1384 974 1647 1008 commeent
1676 966 1831 1006 factu-

193 1044 232 1083 ri
260 1054 378 1094 quae
399 1042 487 1093 ipsi
515 1041 688 1093 alioqui
718 1041 874 1081 facere
903 1046 1189 1081 tenerentur.
1221 1041 1283 1081 At
1309 1051 1422 1080 uero
1451 1038 1829 1090 quandoquidem

193 1114 431 1166 piissimus
452 1113 580 1153 Deus
602 1111 887 1153 Societatem
909 1112 998 1152 huc
1017 1114 1266 1163 attulisset,
1286 1111 1480 1151 Patrum
1497 1110 1596 1150 eius
1615 1109 1830 1160 exemplo

192 1185 338 1225 vitam
362 1196 495 1224 suam
516 1195 698 1225 morum
720 1184 990 1234 integritate
1013 1190 1152 1235 atque
1183 1183 1409 1223 uirtutum
1431 1181 1677 1233 splendore
1699 1179 1827 1220 insti-

193 1262 388 1296 tuerent.
426 1255 552 1295 Idem
580 1255 678 1306 ipse
699 1261 944 1306 praeterea
973 1254 1203 1294 Dominus
1240 1253 1640 1304 Archiepiscopus
1661 1250 1825 1301 elargi-

191 1334 266 1367 tus
294 1326 428 1366 nobis
459 1332 528 1366 est
563 1326 705 1365 tritici
726 1326 1073 1373 eleemosinam,
1098 1325 1213 1365 mihi
1234 1325 1379 1365 etiam.
1397 1323 1510 1364 nihil
1531 1322 1720 1374 petenti,
1745 1321 1823 1361 im-

193 1409 268 1438 mo
293 1397 419 1437 aliud
455 1396 628 1448 agenti,
660 1408 770 1436 suos
798 1397 1030 1436 concessit
1058 1407 1195 1436 casus
1217 1395 1245 1436 ⁶².
1269 1394 1455 1435 Gaudet·
1486 1406 1511 1433 a
1534 1393 1668 1433 nobis
1689 1392 1830 1432 inuisi

197 1475 337 1520 atque
359 1468 569 1508 salutari.
592 1467 723 1508 Haec
746 1468 915 1508 ciuitas
942 1475 1012 1508 est
1042 1467 1250 1507 omnium
1281 1466 1417 1506 huius
1447 1471 1636 1505 nostrae
1664 1464 1830 1515 Hispa—

192 1540 298 1580 niae
320 1540 541 1580 maxima.
565 1539 717 1579 Habet
737 1539 1109 1588 vniuersitatem,
1134 1539 1178 1579 in
1202 1550 1293 1590 qua
1317 1543 1458 1587 artes,
1481 1535 1734 1587 theologia,
1758 1546 1829 1574 sa—

194 1612 262 1652 cri
297 1611 437 1652 etiam
472 1623 679 1651 canones
712 1611 1096 1662 interpretantur.
1132 1609 1342 1651 Conatur
1377 1609 1518 1649 etiam
1553 1607 1669 1647 alias
1704 1606 1831 1646 insti-

193 1689 323 1723 tuere
346 1682 610 1731 cathedras,
635 1688 797 1733 vtpote
818 1682 932 1722 iuris
954 1681 1191 1732 Caesarei,
1215 1680 1490 1730 medicinae,
1515 1679 1653 1719 simul
1682 1684 1726 1718 et
1747 1678 1833 1718 lin·

191 1764 407 1805 guarum.
431 1753 584 1793 Habet
605 1752 664 1793 ad
686 1753 802 1793 haec
825 1752 1035 1804 Collegia
1056 1753 1146 1792 tria
1168 1751 1197 1802 ³,
1222 1750 1509 1792 continentia
1544 1749 1730 1801 quidem
1755 1760 1827 1788 oc-

192 1825 376 1876 toginta
411 1825 634 1875 collegas:
673 1830 742 1864 est
769 1824 910 1864 etiam
940 1823 1173 1864 Sacellum
1201 1821 1414 1873 Regium,
1448 1832 1538 1873 quo
1568 1819 1827 1871 Hispaniae

192 1895 347 1947 Reges
378 1896 657 1942 conduntur;
694 1895 826 1935 cuius
855 1894 1177 1935 sacrificorum
1198 1894 1320 1934 bona
1351 1904 1463 1945 pars
1485 1902 1667 1931 morum
1690 1890 1829 1930 hone·

191 1973 312 2007 state
347 1973 390 2007 et
420 1966 733 2007 sanctimonia
761 1966 948 2017 pollent:
980 1972 1088 2006 sunt
1119 1965 1229 2005 item
1256 1965 1373 2004 bene
1402 1974 1516 2014 erga
1545 1974 1631 2002 nos
1653 1960 1826 2001 affecti:

193 2045 262 2079 est
290 2038 431 2078 etiam
463 2038 538 2078 hic
567 2037 721 2077 forum
755 2037 973 2077 iudiciale
1001 2036 1217 2088 Regium,
1248 2035 1372 2087 quod
1403 2033 1656 2075 Audientia
1679 2032 1829 2083 Regia

191 2115 378 2158 vocant3
411 2110 544 2149 cuius
574 2108 786 2156 Praeses,
816 2108 1080 2159 Episcopus
1108 2106 1362 2148 Auulensis
1392 2104 1421 2156 ⁴,
1455 2105 1589 2145 nobis
1624 2103 1831 2144 amicitia

192 2180 468 2233 conjunctus
502 2186 586 2230 est,
612 2180 690 2232 qui
724 2179 912 2231 quidem
947 2180 1058 2220 mihi
1080 2178 1250 2219 nudius
1280 2178 1445 2218 tertius
1474 2176 1596 2216 serio
1617 2174 1831 2215 narrauit

193 2252 459 2293 decreuisse
486 2263 536 2292 se
557 2251 679 2291 mille
702 2262 871 2291 aureos
893 2251 1091 2291 ducatos
1113 2249 1322 2301 Collegio
1346 2248 1573 2289 Auulensi
1595 2247 1827 2287 instruen—

193 2323 251 2363 do
274 2323 401 2364 dare.

273 2394 422 2434 Huius
451 2394 658 2434 ciuitatis
685 2394 897 2434 homines
932 2399 1039 2433 sunt
1073 2393 1291 2433 nimirum
1320 2392 1416 2444 apti
1443 2389 1685 2431 doctrinae
1709 2387 1828 2427 chri-

193 2466 374 2505 stianae
395 2464 692 2516 recipiendae
713 2472 757 2505 et
779 2476 882 2505 eam
912 2464 1028 2504 mire
1049 2464 1227 2504 sitiunt:
1249 2469 1357 2503 sunt
1379 2462 1520 2503 etiam
1543 2458 1824 2512 quampluri-

193 2535 269 2584 mi,
294 2535 372 2587 qui
392 2535 539 2576 vitam
562 2535 814 2576 virtutibus
845 2542 1088 2585 exornent,
1121 2540 1282 2586 vtpote
1310 2532 1534 2585 reliquiae
1564 2531 1685 2580 illae,
1710 2540 1829 2580 quae

250 2771 260 2787 ¹
299 2768 403 2794 Petro
419 2766 590 2794 Guerrero

247 2815 260 2833 ²
299 2814 446 2843 Scilicet.
467 2813 665 2840 facultatem
679 2812 879 2839 absolvendi
895 2812 927 2838 in
943 2812 1077 2838 casibus
1091 2811 1152 2844 ipsi
1169 2810 1436 2845 Art-hiepiscopo
1452 2807 1654 2836 reservatis.

248 2862 261 2880 ³
299 2861 415 2889 Sancti
433 2861 572 2888 Caecilii
589 2860 806 2886 seminarium
823 2863 855 2885 et
873 2858 1025 2891 Collegia
1042 2857 1156 2885 Sancti
1174 2857 1290 2884 ,Jacobi
1306 2862 1339 2884 ct
1356 2857 1503 2884 Sanctae
1519 2855 1737 2884 Catherinae.

249 2910 263 2929 ‘⁴
300 2909 450 2936 Didacus
467 2908 505 2934 de
523 2908 634 2934 Alaba
651 2912 682 2934 et
698 2906 875 2940 Esquivcl.
