2028 3328
839 85 922 121 AN.
954 84 1045 121 1555
1689 82 1759 119 203

124 185 241 225 biles
263 197 319 226 ac
340 186 575 237 principes
596 183 798 225 ciuitatis
820 182 1025 222 maximo
1047 194 1133 222 nos
1169 192 1328 221 amore
1360 180 1593 231 prosequi,
1627 180 1760 220 cuius

126 257 193 296 rei
215 268 375 296 eorum
396 256 614 307 frequens
645 255 704 295 ad
733 253 981 304 collegium
1014 258 1226 292 nostrum
1260 250 1490 291 aduentus
1525 250 1658 289 nobis
1688 262 1759 289 ar—

126 333 349 378 gumento
373 339 475 367 esse
496 332 662 378 potest.
683 325 899 366 Gaudent
926 324 1099 364 mutuis
1130 322 1324 363 Patrum
1350 321 1640 372 fratrumque
1670 323 1759 360 col-

124 398 307 449 loquiis,
331 398 497 450 quibus
518 397 582 437 ita
605 396 664 437 ad
685 397 906 436 uirtutem
928 407 983 435 ac
1010 394 1098 434 Dei
1119 405 1328 434 amorem
1349 392 1686 442 accenduntur,
1711 397 1760 431 ut

125 470 255 510 multi
278 481 467 509 usuram
488 468 627 521 (quod
649 467 910 508 execrabile
943 466 1109 506 uitium
1143 465 1393 505 multorum
1424 463 1568 504 corda
1596 463 1643 502 in
1670 463 1762 502 hac

126 541 404 592 praesertim
427 541 618 580 ciuitate
649 544 861 590 occupat,
899 544 943 578 et
977 545 1203 588 tanquam
1239 535 1579 576 immanissima
1613 534 1761 574 bestia

126 611 277 651 saeuit
295 622 349 650 ac
369 610 701 660 debacchatur)
714 621 859 661 aequo
874 612 1143 660 paratoque
1162 607 1319 647 am'mo
1338 607 1602 657 relinquant
1625 612 1762 656 atque

126 681 384 732 repudient;
409 693 604 732 quorum
622 681 834 720 nonnulli
854 680 998 720 totius
1021 680 1146 719 uitae
1173 678 1372 719 crimina
1407 677 1461 717 R.
1498 676 1548 716 P.
1584 676 1762 729 Jacobo

125 751 300 792 Lainez
329 751 568 803 detexere,
601 752 720 792 inter
743 763 859 803 quos
890 750 1138 802 quemdam
1169 750 1352 789 silentio
1383 748 1641 800 praeterire
1671 759 1767 788 non

130 834 335 875 possum,
356 823 485 863 cuius
508 829 636 863 tanta
654 828 754 862 erat
772 822 921 862 uirtus
937 820 1428 872 uitaequeintegritas,
1446 825 1494 859 ut
1512 819 1601 858 hoc
1624 829 1763 868 anno,

129 894 366 934 communi
402 895 609 935 omnium
645 905 875 935 consensu
907 900 1045 945 atque
1082 894 1302 942 clamore,
1340 891 1477 931 huius
1511 890 1639 931 urbis
1671 890 1767 930 dux

130 965 270 1006 fuerit
292 974 492 1006 creatus.
531 965 702 1006 Multos
740 965 1078 1017 praetermitt0‚
1112 964 1189 1016 qui
1216 975 1265 1003 56
1302 962 1360 1003 ad
1394 962 1579 1014 frugem
1608 961 1763 1002 melio-

130 1049 230 1077 rem
250 1048 487 1088 recepere,
512 1048 628 1088 quos
649 1037 696 1077 εί
719 1048 958 1077 recensere
985 1035 1173 1086 uellem,
1208 1034 1399 1075 modum
1433 1034 1658 1085 epistolae
1689 1044 1763 1073 ex—

130 1107 347 1149 cederem
378 1108 402 1149 ¹.

206 1178 309 1219 Hoc
329 1185 487 1220 tamen
507 1179 653 1220 silere
674 1191 846 1230 nequeo
864 1178 892 1230 ²,
915 1178 1107 1219 militem
1131 1177 1379 1229 quemdam
1398 1176 1664 1227 hispanum,
1688 1175 1768 1227 qui

132 1262 239 1290 cum
258 1250 313 1290 R.
337 1250 476 1290 Patre
498 1258 658 1290 nostro
687 1250 863 1303 Jacobo
894 1249 1068 1289 Lainez
1101 1248 1341 1289 Florentia
1377 1258 1599 1298 egressus
1621 1252 1690 1287 est
1711 1258 1765 1286 ea

132 1329 286 1362 mente
309 1333 456 1373 eoque
479 1322 688 1372 consilio,
720 1328 769 1362 ut
802 1322 849 1361 in
869 1320 1083 1361 militiam
1116 1319 1508 1372 proficisceretur,
1535 1318 1667 1358 cuius
1695 1318 1764 1357 rci

128 1393 282 1443 gratia
321 1404 490 1444 equum
530 1393 617 1432 sibi
658 1392 851 1433 Genuae
890 1397 1087 1442 emerat,
1129 1391 1194 1431 ita
1234 1389 1425 1430 Patrum
1470 1389 1765 1440 fratrumque

132 1464 345 1515 exemplo
369 1469 654 1504 commotum
689 1475 806 1514 esse,
829 1469 879 1503 ut
914 1468 1117 1503 mentem
1146 1462 1520 1512 sententiamque
1554 1460 1765 1509 mutarit,

128 1541 268 1586 atque
290 1535 375 1575 sub
395 1534 580 1575 Christo
604 1535 824 1586 deinceps
844 1535 891 1574 in
912 1533 1146 1575 Societate
1167 1539 1330 1573 nostra
1354 1532 1556 1573 militare
1581 1543 1630 1571 se
1647 1532 1767 1571 uelle

129 1606 364 1657 pollicitus
384 1605 535 1657 fuerit,
561 1607 693 1647 cuius
714 1605 998 1646 sanctissimi
1019 1605 1117 1645 uoti
1147 1615 1341 1656 compos
1375 1603 1542 1654 factus,
1568 1602 1767 1642 Romam

131 1677 368 1728 profectus
386 1684 454 1717 est
477 1690 582 1717 cum
605 1678 694 1718 alio
716 1677 878 1728 fratre,
901 1677 979 1728 qui
999 1682 1109 1716 tunc
1137 1676 1361 1728 temporis
1384 1675 1460 1715 hic
1488 1676 1533 1715 in
1563 1674 1768 1714 Societa-

130 1756 225 1788 tem
251 1748 403 1788 fuerat
426 1748 676 1788 admissus.

210 1818 306 1859 Nec
338 1820 618 1859 multonem
641 1826 746 1871 post
781 1819 1004 1860 sacerdos
1042 1819 1234 1872 quidam
1264 1818 1530 1858 Mediolano
1553 1817 1767 1857 Genuam

130 1891 257 1930 uenit
277 1889 559 1931 Societatem
580 1891 896 1941 ingressurus,
921 1891 1044 1942 quod
1066 1902 1172 1931 cum
1193 1890 1511 1941 impetrasset,
1535 1888 1665 1928 iussu
1683 1887 1769 1927 Pa-

135 1962 220 2001 tris
241 1961 415 2001 Lainez
435 1961 633 2002 Romam
654 1962 798 2013 petiit.
819 1962 935 2002 Tres
956 1968 1063 2002 sunt
1084 1961 1239 2010 modO,
1264 1961 1342 2012 qui
1363 1960 1568 2000 maximo
1591 1959 1769 1999 deside-

134 2033 203 2073 rio
225 2039 442 2072 tenentur
464 2039 513 2073 ut
534 2033 622 2073 sibi
645 2033 797 2073 aditus
820 2033 879 2073 ad
900 2045 985 2073 nos
1008 2038 1180 2085 pateat,
1205 2032 1327 2072 inter
1348 2043 1465 2082 quos
1487 2034 1556 2070 est
1577 2030 1769 2082 quidam

133 2104 299 2144 doctor
319 2104 560 2156 utriusque
582 2104 711 2151 iuris,
736 2104 813 2155 qui
840 2105 887 2144 in
908 2104 997 2144 hac
1020 2104 1212 2144 ciuitate
1233 2103 1399 2143 iudicis
1423 2101 1573 2141 officio
1597 2113 1651 2141 ac
1673 2113 1768 2141 mu-

134 2187 245 2215 nere
261 2175 486 2226 fungitur‚
510 2175 679 2226 quique
702 2175 820 2214 inter
837 2175 1053 2215 hommes
1074 2174 1254 2215 nobiles
1275 2174 1453 2225 primos
1482 2172 1669 2213 ordines
1691 2172 1767 2213 du-

134 2246 209 2285 cit.
234 2245 489 2298 Spectabat
523 2245 536 2263 ⁵
572 2245 626 2285 R.
652 2244 700 2285 Ρ.
737 2245 911 2285 Lainez
944 2245 1296 2297 profectionem,
1330 2255 1470 2296 quam
1499 2242 1773 2295 propediem

132 2317 339 2356 futuram
368 2316 602 2367 credebat,
640 2328 746 2356 cum
769 2328 859 2367 quo
896 2316 1202 2365 Florentiam,
1233 2315 1399 2355 deinde
1436 2325 1549 2354 uero
1572 2313 1770 2354 Romam

133 2388 307 2427 iturum
328 2398 377 2426 se
399 2387 634 2438 sperabat.
657 2387 791 2426 Laus
820 2387 916 2427 Deo
948 2388 1052 2438 Opt.
1077 2387 1236 2436 Adam,
1268 2385 1351 2437 qni
1377 2384 1476 2424 illis
1498 2384 1620 2424 Itane
1649 2397 1772 2424 men·

133 2461 226 2498 tem
242 2458 406 2507 donat,
428 2461 496 2507 ut,
518 2457 805 2497 conculcatis
822 2457 966 2497 lzm'zcs
982 2457 1151 2497 munds
1168 2457 1427 2496 honoribus
1444 2467 1498 2495 ac
1515 2455 1772 2506 dignitati-

135 2529 238 2575 bus,
257 2528 358 2568 illis
375 2532 562 2568 tantum
584 2527 782 2577 llllzc'ent,
805 2539 922 2579 qnae
945 2529 1007 2568 acl
1024 2527 1268 2568 coelestem
1286 2526 1421 2567 illam
1437 2527 1653 2578 patriam
1663 2532 1771 2578 per-

135 2600 331 2640 ducunt.

216 2670 338 2710 Rflus
366 2669 416 2710 P.
440 2670 612 2710 Lainez
641 2670 946 2711 concionatus
975 2676 1045 2710 est
1066 2671 1154 2710 hoc
1177 2670 1381 2710 aduentu
1409 2670 1455 2710 in
1484 2670 1655 2721 templo
1677 2680 1772 2709 ma-

193 2806 200 2824 '=
243 2814 285 2833 ne
301 2807 375 2833 mod
384 2814 437 2833 um
455 2807 621 2841 epistolae
635 2807 814 2834 excedam.
831 2807 1020 2834 Pomxcus.

190 2854 204 2872 ²¹
242 2853 370 2880 dicam.
392 2853 440 2879 ld.

189 2900 204 2917 ⁵
243 2899 475 2934 Expectabat.
493 2900 539 2927 ld.
