2028 3328
219 109 290 146 ‘294
737 108 963 145 LITTERAE
983 118 1341 151 QUADRIMEsTRES

218 205 315 245 lori
332 206 341 225 ¹
360 205 495 244 huius
517 205 659 255 urbis,
683 205 889 245 maximo
912 205 1117 244 omnium
1135 205 1362 254 applausu
1382 210 1424 242 ct
1444 202 1583 252 (quod
1598 202 1748 242 maius
1766 203 1851 252 est)

219 277 425 316 maxima
448 288 554 316 cum
572 276 793 327 utilitate;
823 276 880 315 ad
905 277 1036 316 cuius
1066 275 1339 314 concionem
1368 285 1530 313 omnes
1556 273 1652 313 fere
1681 273 1852 324 princi-

222 359 304 398 pes
326 347 531 387 ciuitatis
552 358 606 386 ac
624 347 941 387 honestissimi
959 347 1047 386 uiri
1068 345 1081 363 “²
1103 345 1415 395 confluebant,
1437 344 1528 395 qui,
1548 355 1690 395 aegre
1706 343 1853 383 feren-

219 426 290 458 tes
311 419 409 458 eius
429 417 766 470 profectionem
786 417 1075 458 Florentiam
1096 427 1281 466 uersus,
1305 427 1409 455 eam
1436 414 1662 465 impedire
1695 414 1854 454 conati

219 496 327 530 sunt
347 489 493 530 literis
514 489 573 529 ad
594 489 647 529 R.
672 489 720 529 P.
740 489 890 529 Tuam
906 488 1073 537 missis,
1098 494 1146 527 ut
1170 498 1251 537 per
1269 498 1372 526 eam
1388 486 1549 526 liceret
1564 485 1752 525 Patrem
1763 486 1853 525 hac

221 561 584 612 quadragesima
606 561 680 600 hic
698 559 995 600 commorari.
1026 558 1116 599 Sed
1147 559 1286 608 longe
1308 557 1443 597 aliter
1465 563 1602 608 atque
1638 556 1726 607 ipsi
1754 567 1853 608 spe-

220 632 389 672 rabant
416 632 586 672 euenit:
615 631 816 683 receptis
851 630 972 671 enim
1007 629 1168 679 literis,
1203 629 1250 669 in
1284 628 1586 668 Germaniam
1616 626 1854 679 profectus

221 711 291 743 est
313 701 341 754 ³,
365 714 484 754 quae
506 715 581 743 res
615 703 845 743 minorem
865 702 954 741 illis
990 700 1144 741 attulit
1180 700 1403 750 dolorem,
1442 711 1581 751 quam
1603 699 1642 738 si
1667 698 1854 739 Floren—

219 774 335 814 tiam
355 774 531 824 iuisset‚
556 786 663 815 cum
683 774 896 825 publicae
923 772 1138 812 utilitatis
1159 782 1303 812 causa
1337 770 1477 821 ducti,
1507 781 1646 821 quam
1672 769 1731 810 ad
1752 780 1853 820 ger-

221 857 387 886 manos
404 846 772 886 redundaturam
789 849 996 895 sperant,
1014 849 1113 883 tum
1126 843 1265 883 etiam
1283 841 1404 894 quod
1422 841 1657 881 malebant
1668 840 1854 880 Patrem

221 918 414 958 Genuae
450 928 659 967 manere,
698 927 839 967 quam
871 914 1158 954 Florentiam
1191 912 1205 931 ⁴²
1229 912 1497 965 proficisci,
1526 915 1728 963 propter
1760 923 1855 950 ma-

222 1000 374 1039 gnam
406 987 633 1028 utilitatis
667 992 815 1038 spem,
846 997 987 1038 quam
1021 997 1084 1025 ex
1114 985 1214 1025 ez'zts
1255 983 1501 1024 mansione
1531 986 1853 1034 conceperant.

218 1059 488 1111 Antequam
509 1058 647 1098 Pater
669 1058 963 1107 decessisset,
1001 1056 1162 1097 habuit
1195 1056 1473 1096 concionem
1506 1055 1553 1094 in
1574 1054 1745 1105 templo
1776 1065 1854 1093 no-

219 1138 317 1170 stro
339 1131 397 1170 ad
420 1130 744 1179 scholasticos,
778 1129 853 1169 cui
873 1128 1139 1179 Episcopus
1160 1125 1173 1145 ⁵
1197 1126 1406 1167 interfuit
1427 1126 1649 1180 multique
1677 1124 1857 1165 nobiles

219 1202 361 1251 ciues,
387 1213 478 1253 qua
498 1201 643 1251 finita,
667 1200 927 1252 Episcopus
951 1211 1056 1239 cum
1076 1199 1214 1239 Patre
1235 1198 1282 1238 in
1299 1197 1550 1249 collegium
1566 1196 1693 1236 uenit
1715 1202 1855 1247 atque

216 1273 463 1313 nobiscum
483 1284 684 1324 pransus
706 1277 788 1311 est.
814 1270 951 1310 Pater
974 1270 1223 1320 collegium
1245 1269 1310 1309 illi
1327 1266 1689 1317 commendauit,
1715 1271 1854 1318 atque

224 1351 272 1384 ut
295 1344 447 1395 ipsum
467 1343 736 1395 frequenter
757 1342 980 1382 inuiseret
1010 1340 1273 1381 obsecravit
1291 1338 1319 1380 ⁰.
1358 1340 1485 1379 Tunc
1514 1339 1589 1378 ille
1622 1337 1856 1389 pollicitus

214 1422 289 1455 >est
311 1414 324 1433 ⁷
346 1427 395 1455 se
418 1414 676 1455 commodis
697 1413 870 1453 nostris
891 1423 1130 1464 nunquam
1165 1411 1445 1462 defuturum,
1470 1409 1510 1450 si
1538 1409 1685 1462 ipsius
1706 1420 1850 1460 opera

221 1487 289 1526 uti
306 1486 608 1526 uoluerimus.

299 1557 495 1607 Quidam
520 1568 665 1596 senex
679 1555 906 1607 princeps
928 1554 1138 1595 ciuitatis
1168 1553 1196 1605 ⁸,
1221 1553 1382 1605 grauis
1403 1553 1540 1592 simul
1561 1557 1605 1592 et
1636 1552 1764 1604 pius,
1789 1551 1854 1591 ita

214 1628 470 1669 ,tenerrime
486 1627 500 1646 ⁰
521 1627 710 1668 Patrem
731 1627 968 1678 diligebat,
993 1632 1042 1666 ut
1075 1625 1168 1666 etsi
1191 1624 1403 1676 cupiebat
1426 1622 1454 1642 ¹⁰
1477 1623 1772 1664 dissimulare
1803 1635 1852 1662 se

216 1699 370 1739 Patris
393 1698 653 1739 discessum
674 1698 867 1738 moleste
887 1697 1024 1748 ferre,
1050 1702 1190 1748 atque
1213 1695 1356 1736 animi
1393 1695 1601 1734 dolorem
1634 1695 1766 1734 uultu
1790 1699 1855 1733 te-

215 1781 343 1821 gere,
363 1777 407 1810 et
424 1770 745 1810 taciturnitate
762 1770 931 1819 celare,
952 1779 1048 1808 ecce
1065 1772 1222 1808 tamen
1239 1771 1467 1817 tanquam
1484 1777 1599 1817 puer
1615 1764 1640 1784 ¹¹
1657 1765 1704 1805 in
1720 1765 1855 1805 lacri-

216 1853 318 1881 mas
329 1841 610 1893 promtmpz't
629 1845 656 1865 ¹2
673 1846 717 1880 et
735 1851 958 1890 amorem,
980 1851 1070 1891 quo
1088 1839 1240 1890 ipsum
1258 1837 1630 1889 amplexabatur,
1654 1836 1765 1876 fletu
1789 1842 1855 1875 at-

215 1924 305 1964 que
327 1912 609 1964 singultibus
645 1911 852 1951 indicare
876 1910 1070 1961 cogitur
1107 1908 1150 1950 ¹³.
1187 1908 1475 1949 Benedictus
1508 1907 1572 1948 sit
1592 1908 1743 1957 Deus,
1773 1917 1852 1958 qm

218 1983 330 2023 haec
351 1983 509 2023 omnia
533 1982 581 2022 in
604 1982 818 2022 omnibus
841 1985 1084 2033 operatur.

296 2055 379 2095 Est
400 2054 540 2094 etiam
561 2054 781 2105 frequens
803 2053 863 2093 ad
879 2064 964 2093 nos
982 2039 1303 2092 confitentium
1319 2061 1591 2100 concursus,
1612 2060 1746 2101 quos,
1765 2049 1854 2088 etsi

218 2126 322 2175 loci,
348 2126 394 2165 in
415 2137 506 2177 quo
529 2125 779 2175 collegium
806 2130 1022 2164 nostrum
1057 2123 1197 2163 situm
1227 2128 1311 2173 est,
1336 2120 1648 2162 commoditas
1667 2119 1856 2160 minime

273 2264 283 2282 ¹
323 2269 477 2288 summo.
497 2261 683 2288 POLANCUS.

272 2312 286 2329 2'
324 2309 554 2336 honestissimi
571 2309 698 2342 quique
714 2308 792 2335 viri.
804 2307 853 2334 Id.

272 2358 286 2376 ³
322 2357 359 2384 In
381 2357 602 2384 Germaniam
624 2356 798 2390 profectus
812 2358 863 2382 est
889 2361 964 2381 eum
981 2353 1017 2380 P.
1039 2352 1249 2388 Hieronymo
1265 2351 1381 2379 Natali
1405 2352 1438 2379 in
1461 2351 1626 2379 comitatu
1662 2350 1856 2378 Cardinalis

218 2405 369 2438 Μοτοηε,
384 2405 439 2439 qui
454 2412 474 2432 a
489 2404 578 2438 Julio
592 2404 639 2431 111
656 2404 698 2430 ad
715 2403 875 2430 Diaetam
891 2402 1134 2436 Augustanam
1150 2401 1334 2435 deputatus
1349 2403 1412 2427 est.
1427 2399 1516 2426 Vide
1528 2398 1723 2432 RAYNALm,
1737 2397 1856 2425 Anna-

224 2453 271 2479 Jes
288 2452 534 2484 ecclesiastici,
548 2452 626 2479 anni
642 2451 721 2484 1555,
736 2458 767 2478 n.
781 2450 839 2478 111.

275 2499 287 2518 4
324 2499 539 2526 Florentiae.
554 2499 743 2526 POLANCUS.

272 2547 286 2566 5
323 2547 410 2574 Vide
429 2546 633 2579 chronicon,
647 2550 671 2574 t.
689 2553 735 2580 ιν,
752 2553 829 2581 pag.
845 2545 890 2579 33,
905 2549 1021 2573 annot.
1035 2545 1053 2572 3

275 2593 288 2613 6
327 2595 477 2627 rogauit.
494 2594 682 2621 PoLANcus.

275 2643 289 2662 ⁷
327 2642 383 2668 ille
399 2648 482 2669 vero
497 2641 671 2676 pollicitus
686 2645 753 2669 est.
771 2641 819 2669 Id.

271 2688 287 2709 8
323 2690 381 2716 vir
394 2689 596 2723 primarius
614 2689 649 2715 in
666 2689 826 2716 ciuitate.
844 2688 892 2715 Id.

274 2736 290 2756 9
327 2739 462 2764 tenere.
480 2736 529 2763 Id.

258 2785 286 2805 ¹0
325 2792 404 2811 cum
424 2783 539 2810 vellet.
555 2783 604 2810 Id.

257 2831 286 2852 Η
325 2834 362 2858 ut
376 2836 467 2866 puer
482 2832 614 2857 tamen.
630 2831 678 2858 Id.

258 2879 285 2899 ¹2
323 2882 582 2914 prorumperet
602 2879 646 2905 [d.

256 2928 285 2947 ¹³
324 2930 518 2959 cottvretttr.
542 2927 575 2953 ld
