2028 3328
903 125 985 162 AN.
1018 125 1109 162 1554
1778 126 1824 162 50

180 225 411 266 ‘Cavallar
440 228 450 248 ¹
479 223 656 265 scilicet
678 228 722 263 et
743 220 927 273 Gaspar
955 221 1164 271 Dueflas‚
1193 220 1531 261 febricitarunt.
1560 220 1695 260 Prior
1727 222 1817 261 iam

189 302 318 337 recte
339 297 480 346 valet,
506 296 621 335 alter
643 293 839 334 decocta
860 293 939 333 bili
962 292 1157 332 laborat.

269 367 400 408 Haec
422 373 549 418 sunt,
574 377 693 418 quae
715 364 774 404 ad
794 370 838 404 te
860 362 1109 404 scribenda
1137 374 1407 413 occurrere,
1433 361 1708 402 charissime
1740 362 1821 402 Pa-

187 445 276 478 ter:
300 443 513 489 superest
536 437 780 478 dumtaxat
802 447 828 475 a
850 440 894 475 te
912 434 1082 474 obnixe
1104 433 1386 475 contendere
1404 439 1454 473 vt
1470 433 1562 473 tuis
1579 433 1823 473 sacrificiis

188 515 327 560 atque
350 509 640 549 orationibus
660 507 762 547 Deo
785 506 960 558 optimo
983 505 1190 546 maximo
1210 516 1297 545 nos
1319 504 1671 545 commendatos
1689 505 1819 544 velis.

185 579 461 631 Efflagitant
491 580 582 620 hoc
612 580 764 631 ipsum
792 577 849 617 ab
877 576 1092 617 omnibus
1121 575 1340 616 Patribus
1370 586 1425 615 ac
1458 574 1683 615 fratribus
1718 575 1821 615 istic

186 651 585 691 commorantibus
606 650 655 691 P.
678 655 838 690 noster
858 647 1169 689 Prouincialis
1187 659 1242 687 ac
1259 646 1308 687 Ρ.
1328 646 1563 687 Antonius
1584 645 1820 695 Corduba,

179 723 456 774 caeterique
478 733 640 762 omnes
666 721 830 761 Patres
858 731 913 760 ac
934 719 1126 769 fratres,
1149 723 1201 758 vt
1229 730 1255 758 a
1276 718 1480 758 Domino
1510 717 1717 768 gratiam
1744 717 1823 756 im-

185 800 439 845 petremus,
463 805 554 846 qua
581 803 764 844 semper
794 791 892 832 eius
919 791 1212 831 voluntatem
1242 789 1498 830 sentiamus
1519 788 1823 839 eamdemque

179 865 247 905 -ad
268 876 475 916 unguem
502 875 804 917 exequamur.

269 937 519 978 Corduuae
541 936 722 977 decimo
744 940 913 975 octauo
936 932 1169 974 Calendas
1190 931 1395 983 Augusti
1421 931 1535 972 1554.

267 1009 397 1049 Tuae
420 1007 720 1048 Paternitatis
740 1005 862 1046 filius
882 1005 1103 1055 indignus
1130 1004 1178 1044 in
1199 1003 1417 1044 Domino.

266 1079 338 1119 Ex
360 1079 688 1120 commissione
708 1077 861 1118 Patris
888 1075 1082 1117 Antonii
1104 1074 1366 1123 Cordubae,

1338 1216 1612 1257 NAUARRUS.

871 1645 1135 1703 GGGVII

254 1876 489 1915 Gerardus
517 1874 728 1923 Lapidius

306 1942 427 1980 Patri
445 1941 615 1989 Ignatio
636 1941 689 1979 de
705 1941 888 1989 Loyola.
986 1986 988 1988 ¹

352 2008 585 2053 Panormo,
606 2008 652 2044 24
670 2007 776 2054 Julii
796 2007 887 2046 1554
905 2007 930 2045 ².

263 2146 337 2186 Ex
359 2146 463 2186 aliis
483 2145 555 2186 his
576 2146 590 2165 ³
606 2144 631 2185 9
651 2143 750 2186 Cal.
773 2144 979 2196 Augusti
998 2144 1119 2185 1554.

264 2217 382 2259 Cum
401 2216 454 2257 30
474 2216 673 2268 orphani
694 2215 819 2267 apud
839 2214 884 2257 S.
907 2215 1135 2269 Jacobum
1162 2217 1209 2257 in
1237 2216 1452 2267 angustis
1481 2216 1674 2256 aedibus
1694 2215 1822 2256 habi-

176 2295 353 2340 tarent,
376 2294 590 2329 curatum
612 2293 682 2328 est
700 2292 752 2327 vt
772 2287 937 2328 eodem
957 2287 1004 2328 in
1020 2289 1125 2329 loco
1144 2287 1309 2328 domus
1330 2288 1484 2328 laxior
1507 2293 1821 2337 extrueretur,

176 2372 304 2413 —quae
325 2361 418 2401 iam
438 2365 568 2400 tanto
590 2358 787 2410 amplior
808 2358 935 2400 facta
957 2364 1028 2400 est
1048 2365 1099 2400 vt
1119 2358 1172 2399 50
1193 2359 1349 2410 capiat
1370 2364 1415 2399 et
1443 2358 1503 2399 ad
1528 2357 1603 2398 100
1634 2357 1823 2399 extendi

176 2431 347 2484 possit.

260 2501 553 2544 Habitationi
574 2502 713 2542 vinea
736 2501 957 2542 adiuncta
984 2507 1067 2551 est,
1100 2514 1219 2554 quae
1247 2501 1337 2541 illis
1368 2501 1620 2553 quotannis
1648 2499 1702 2540 50
1722 2499 1821 2540 red-

237 2665 246 2682 ·
289 2664 440 2693 Didacus
454 2664 494 2691 de
510 2662 686 2691 Cavallar.

234 2714 249 2732 ²
289 2711 538 2748 Apographum
552 2711 586 2738 in
601 2709 724 2743 duplici
741 2708 832 2742 solio,
850 2716 904 2736 nn.
919 2709 972 2736 243
990 2712 1024 2736 et
1042 2709 1105 2736 244.
1121 2709 1186 2737 Est
1211 2709 1303 2737 aliud
1319 2709 1557 2744 apographum
1581 2710 1715 2742 partem
1729 2705 1824 2733 solio-

176 2766 258 2787 Tum
274 2760 325 2787 173
339 2764 373 2787 et
390 2760 440 2787 174
455 2759 697 2793 complectens,
714 2760 747 2784 et
762 2756 866 2791 aliud,
882 2755 964 2784 licet
978 2764 1044 2784 non
1058 2757 1242 2791 integrum,
1259 2757 1292 2784 in
1307 2757 1352 2784 fol
1381 2755 1573 2783 los—Vere
1585 2754 1677 2782 aliud
1690 2753 1755 2780 hae
1768 2753 1824 2779 lit-

181 2812 280 2835 terae
295 2815 360 2835 non
372 2810 450 2835 sunt
465 2807 542 2839 nisi,
558 2807 591 2833 in
603 2805 720 2839 paucis
734 2804 928 2836 decurtata,
945 2804 1054 2832 latina
1069 2803 1183 2832 versio
1199 2805 1396 2832 litterarum
1411 2802 1526 2830 Patris
1542 2800 1742 2835 Hieronymi
1759 2799 1823 2826 Do-

176 2854 335 2890 meneeh‚
352 2862 437 2890 quas
453 2854 606 2881 dedimus
621 2859 737 2886 supra,
752 2859 832 2886 pag.
942 2855 976 2879 et
987 2859 1057 2886 seq.
1069 2851 1153 2879 Illas
1169 2852 1274 2886 igitur
1289 2851 1392 2879 adeat
1407 2851 1516 2878 lector
1532 2852 1680 2884 oportet.
1698 2855 1773 2875 cum
1792 2847 1824 2874 in

176 2902 234 2930 his
250 2902 380 2937 aliquid
395 2901 558 2934 offendat,
575 2900 662 2935 quod
678 2899 915 2926 declaratione
931 2898 1096 2933 indigeat.

234 2949 249 2970 ⁵
287 2949 354 2983 Sic;
371 2949 429 2977 sed
444 2949 582 2977 videtur
597 2955 693 2975 error
707 2954 769 2982 pro
784 2947 875 2979 Iris„
889 2946 1026 2974 litteris,
