2028 3328
223 198 293 235 648
745 201 966 239 LITTERAE
984 212 1342 245 QUADRIMESTRES

893 675 1195 731 CDXXVI

295 930 342 967 Ρ.
364 930 567 969 Sanctius
588 930 751 974 Ochoa‚
774 929 1017 976 Navarrus,

344 994 464 1032 Patri
484 995 654 1042 Ignatio
670 994 722 1031 de
742 994 926 1040 Loyola.

392 1060 732 1107 Monte-Regali,
757 1060 800 1097 15
819 1059 1092 1107 Septembris
1116 1060 1207 1097 1555
1227 1060 1251 1097 ¹.

879 1280 1009 1334 Jhus.
1030 1211 1199 1320 {lm-ia.

304 1437 404 1478 Pax
428 1437 601 1477 Christi
622 1443 710 1476 etc.

671 1507 815 1548 Molto
837 1506 940 1547 R.d0
965 1507 1011 1546 in
1032 1506 1221 1547 Christo
1244 1506 1410 1547 Padre.

305 1579 394 1619 Per
422 1579 610 1619 satisfar
642 1579 732 1618 alla
762 1584 898 1618 santa
933 1577 1211 1628 obedientia,
1248 1589 1330 1629 per
1351 1582 1516 1629 questa
1538 1577 1799 1618 auiseremo
1830 1590 1857 1618 a

223 1657 386 1691 vostra
407 1650 510 1690 Rda
535 1650 776 1690 Paternita
798 1649 855 1690 de
885 1650 1037 1701 quello
1060 1649 1145 1689 che
1168 1649 1215 1689 in
1235 1649 1387 1701 questi
1408 1654 1595 1700 quattro
1617 1648 1733 1689 mesi
1754 1660 1857 1700 pas-

221 1722 312 1762 sati
341 1734 390 1762 se
419 1722 477 1761 ha
506 1728 656 1761 atteso
685 1732 793 1773 qua,
829 1720 1062 1761 mediante
1089 1721 1134 1760 13
1155 1720 1310 1771 gratia
1343 1720 1417 1760 del
1437 1719 1624 1771 Signor‚
1648 1725 1778 1760 tanto
1809 1720 1857 1760 in

223 1805 334 1833 casa
358 1804 489 1833 come
510 1791 565 1832 de
586 1791 736 1832 fuora.

301 1863 352 1904 In
383 1875 494 1904 casa
524 1875 708 1916 sempre
738 1863 779 1903 si
807 1863 868 1903 ha
899 1862 1143 1903 attenduto
1174 1862 1252 1903 alli
1286 1862 1437 1903 nostri
1471 1862 1702 1903 essercitii
1736 1861 1856 1902 ordi-

223 1934 359 1975 narii.

302 2005 439 2047 Circa
461 2006 492 2046 li
513 2006 700 2057 scolari,
726 2005 773 2046 in
794 2005 1018 2057 insegnar
1044 2006 1086 2046 le
1107 2006 1270 2046 lettere
1292 2012 1337 2046 et
1357 2005 1565 2057 leggerle
1585 2005 1630 2044 13
1652 2003 1857 2045 dottrina

222 2077 499 2128 christiana,
530 2078 649 2117 com'
674 2081 698 2117 'e
726 2077 757 2117 il
784 2077 924 2117 solito
952 2084 1130 2127 nostro,
1154 2076 1333 2117 benche
1353 2076 1385 2116 il
1405 2087 1599 2116 numero
1630 2075 1736 2116 delli
1757 2086 1856 2115 sco-

221 2148 311 2188 lari
327 2148 513 2200 quando
531 2159 708 2198 cresce,
727 2148 914 2200 quando
931 2159 1117 2199 manca,
1137 2159 1219 2198 per
1236 2159 1366 2188 esser
1381 2147 1492 2187 stati
1507 2147 1555 2187 in
1572 2152 1705 2198 parte
1722 2156 1857 2198 ques-

219 2220 255 2259 ti
288 2219 376 2259 due
407 2219 517 2260 anni
542 2219 652 2260 forti
680 2226 725 2260 et
753 2219 984 2259 contrarii
1018 2220 1109 2259 alla
1148 2220 1249 2259 loro
1277 2221 1475 2270 pouerta
1507 2206 1779 2269 temporale,
1813 2222 1858 2257 et

221 2291 355 2342 quasi
383 2290 614 2331 conformi
638 2291 730 2331 3113
761 2293 960 2342 pouerta
988 2290 1251 2342 spirituale,
1283 2289 1369 2330 che
1399 2293 1423 2329 6
1450 2288 1623 2341 peggio
1650 2294 1695 2328 et
1721 2287 1857 2339 quasi

219 2362 440 2413 maggior
461 2362 533 2402 del
554 2362 824 2413 temporale,
849 2367 893 2402 et
914 2366 1392 2413 consequentemente
1413 2371 1560 2412 penso
1577 2371 1733 2400 essere
1750 2370 1856 2399 cau-

221 2443 273 2472 sa
295 2432 339 2472 in
362 2439 494 2483 parte
517 2431 562 2472 di
583 2438 714 2473 tanta
735 2436 933 2484 pouerta
953 2433 1227 2483 temporale.

300 2502 371 2543 De
390 2514 584 2543 numero
608 2509 737 2544 certo
764 2502 870 2543 delli
897 2503 1070 2543 scolari
1100 2514 1196 2543 non
1224 2502 1462 2554 possiamo
1495 2502 1607 2542 dare
1642 2513 1669 2542 3
1690 2501 1749 2542 V.
1773 2500 1857 2541 Ρ3-

220 2573 391 2614 ternita
413 2579 639 2624 certezza,
663 2575 835 2626 perche
856 2574 1006 2626 poche
1027 2574 1153 2614 uolte
1174 2585 1323 2614 sonno
1345 2573 1453 2614 tutti
1474 2572 1715 2621 ordinarii,
1736 2583 1857 2612 mas-

221 2643 496 2685 simamente
517 2645 563 2684 in
585 2651 749 2696 questo
772 2652 929 2697 tempo
950 2645 1037 2685 che
1067 2656 1225 2685 vanno
1254 2656 1337 2696 per
1363 2646 1407 2684 la
1429 2644 1664 2684 necessita
1697 2655 1722 2683 a
1745 2654 1854 2694 gua·

220 2713 445 2765 dagnare,
470 2715 544 2755 chi
567 2715 612 2756 di
633 2716 724 2767 qui,
749 2716 827 2756 chi
848 2716 894 2756 di
915 2716 1016 2767 illa;
1039 2715 1227 2767 quando
1249 2715 1289 2755 si
1316 2714 1618 2767 raccogliono
1639 2714 1761 2761 tutti,
1786 2725 1855 2753 so-

219 2785 378 2835 gliono
395 2797 551 2826 essere
571 2798 688 2837 poco
710 2787 789 2838 piu
811 2799 837 2826 o
859 2798 1027 2827 manco
1050 2787 1096 2827 di
1118 2792 1271 2827 cento.
1295 2784 1470 2826 Nostro
1492 2784 1691 2836 Signore
1714 2785 1743 2824 li
1764 2784 1855 2824 fac-

222 2856 294 2895 cia
316 2856 554 2897 abundare
576 2856 631 2897 de
653 2857 837 2898 richeze
860 2857 1101 2909 spirituale
1128 2863 1173 2898 et
1199 2857 1459 2908 temporale
1488 2862 1663 2908 quanto
1684 2859 1854 2907 parera

277 3015 289 3036 ¹
328 3016 578 3051 Autographae
594 3017 721 3051 duplici
736 3017 769 3044 in
784 3016 875 3049 folio,
892 3025 945 3045 nn.
960 3018 1012 3045 ‘252
1026 3023 1059 3045 et
1074 3018 1135 3045 253.
