2028 3328
228 177 294 214 iso
738 176 964 213 LITTERAE
980 188 1338 220 QUADRJMESTRES

224 275 346 325 quod
363 275 553 325 cognati
581 274 620 314 ei
644 274 1032 314 assentiebantur:
1057 281 1101 314 et
1123 286 1228 314 cum
1250 286 1335 314 nec
1357 286 1494 314 orare
1518 287 1602 315 nec
1621 275 1793 316 Missae
1811 284 1859 317 et

223 346 395 385 divinis
426 345 588 385 officiis
610 346 834 385 interesse
864 356 999 396 posse
1033 345 1278 396 fateretur,
1311 346 1403 385 iam
1428 345 1520 385 fere
1550 346 1757 397 quotidie
1793 348 1853 388 ad

218 418 444 467 ,templum
465 416 659 466 accedit,
685 421 729 455 et
749 421 907 466 patres
928 422 1113 456 nostros
1135 428 1218 456 sua
1241 423 1396 456 errata
1420 416 1691 457 confessura
1710 429 1850 470 saepe

223 489 352 528 adire
373 489 504 527 solet.
529 486 647 535 Non,
678 487 884 538 inquam,
909 487 1105 527 mireris:
1146 499 1251 527 cum
1273 488 1344 527 his
1374 486 1536 527 diebus
1558 494 1738 539 septem
1758 501 1852 530 me·

217 560 412 599 retrices
434 570 575 610 opera
597 564 642 597 et
663 558 821 598 labore
838 557 892 598 R.
912 558 959 598 P.
981 558 1192 598 Rectoris
1210 566 1398 609 ereptae
1416 563 1459 598 et
1476 558 1700 599 liberatae
1717 559 1848 600 fuere

220 643 244 670 a
282 632 448 681 laqueo
476 629 573 669 sere
601 629 928 677 inextricabili,
962 641 1053 680 quo
1082 629 1205 678 (licet
1241 629 1411 678 dicere)
1442 630 1744 670 adamantino
1781 631 1847 671 sic

217 702 415 741 daemon
437 713 516 740 eas
538 701 818 745 irretiuerat.
849 707 898 740 ut
933 700 1116 740 nonnisi
1140 700 1297 739 diuina
1321 712 1407 751 ope
1430 701 1657 751 explicari
1679 702 1847 751 potuis-

216 781 332 813 sent:
357 784 555 824 quarum
577 772 762 823 quidem
789 771 908 812 aliae
935 772 979 812 in
1009 783 1111 811 sese
1142 771 1499 822 descendentes,
1532 773 1774 813 conuersis
1796 785 1845 813 se

214 844 368 884 socias
389 843 626 893 addidere,
657 843 703 883 in
734 855 932 894 quarum
963 843 1186 894 religione
1214 843 1471 883 maximum
1494 850 1600 883 sunt
1630 844 1844 884 omnibus

212 916 491 966 exemplum,
516 926 603 954 nec
624 914 777 954 minus
799 925 981 954 summa
1003 914 1090 954 Dei
1111 914 1263 964 gloria
1285 920 1329 953 et
1355 925 1547 954 suarum
1577 914 1844 955 animarum

213 987 361 1026 salute
383 985 656 1037 procedunt:
682 985 737 1025 de
760 985 864 1025 aliis
885 991 1041 1025 autem
1062 985 1108 1024 in
1126 996 1256 1036 spem
1274 985 1480 1035 quotidie
1500 986 1652 1036 magis
1674 986 1844 1036 magis-

212 1069 301 1109 que
322 1057 549 1106 uenimus,
582 1068 813 1096 summum
844 1055 1011 1104 Deum,
1043 1056 1121 1107 qui
1153 1055 1255 1106 pius
1283 1062 1327 1096 et
1351 1055 1620 1096 misericors
1651 1063 1739 1108 est,
1770 1069 1841 1097 ea-

211 1140 315 1169 rum
336 1128 478 1168 menti
507 1128 683 1167 lumina
709 1127 1043 1179 praelaturum,
1075 1133 1123 1166 ut
1150 1126 1498 1178 praedictarum
1527 1127 1848 1178 ingredientes

209 1199 435 1250 uestigiis,
459 1199 657 1239 salutem
678 1198 922 1238 animabus
943 1198 1038 1238 suis
1059 1198 1319 1237 inueniant:
1344 1198 1389 1238 id
1407 1209 1607 1250 namque
1629 1205 1726 1239 tum
1745 1199 1838 1239 illa-

209 1282 312 1310 rum
334 1270 630 1310 conuersatio
652 1269 752 1309 fore
767 1269 956 1318 indicat,
977 1269 1353 1320 quandoquidem
1371 1268 1416 1308 in
1429 1269 1586 1320 probis
1608 1269 1703 1310 fere
1724 1282 1839 1310 sem·

207 1353 289 1393 per
312 1342 494 1381 uersari
516 1341 747 1392 uidentur,
778 1347 876 1381 tum
903 1341 1026 1392 quod
1054 1341 1193 1380 rebus
1221 1340 1370 1380 sacris
1390 1340 1505 1380 satis
1533 1341 1747 1381 addictae
1776 1342 1838 1382 iu-

207 1413 436 1453 dicantur:
461 1412 631 1452 diuinis
650 1413 773 1452 enim
794 1412 958 1452 officiis
980 1412 1225 1461 intersunt,
1250 1411 1479 1451 intersunt
1506 1418 1550 1452 et
1581 1412 1670 1463 piis
1692 1413 1840 1464 operi>

205 1485 305 1535 bus,
330 1495 513 1524 necnon
535 1484 593 1523 ad
615 1483 930 1523 confessarios
948 1495 996 1523 se
1018 1483 1277 1523 conferunt.
1297 1482 1529 1522 Dominus
1544 1483 1681 1536 Jesus
1702 1495 1838 1524 suum

204 1555 430 1596 Sanctum
452 1554 750 1595 Paracletum
773 1555 956 1595 mittere
978 1566 1069 1594 non
1092 1554 1386 1604 dedignetur,
1411 1560 1459 1594 ut
1481 1566 1599 1605 quae
1620 1554 1831 1595 huiusce-

204 1627 330 1667 modi
362 1627 574 1675 uinculis,
605 1626 883 1666 execrandis
912 1626 1129 1665 nimirum
1151 1625 1355 1676 flagitiis,
1376 1625 1603 1676 detentas,
1635 1637 1690 1666 ac
1717 1638 1836 1677 pene

204 1698 404 1749 caligine
426 1709 620 1747 mersas,
647 1698 704 1737 ab
738 1697 931 1737 immani
960 1697 1091 1736 hoste
1113 1697 1359 1748 receperit,
1394 1696 1583 1736 easdem
1605 1697 1663 1737 ad
1692 1698 1835 1737 maio—

203 1781 301 1810 rem
324 1770 394 1809 sui
415 1769 616 1809 nominis
639 1769 853 1819 gloriam,
879 1768 1010 1808 cuius
1033 1780 1177 1808 causa
1202 1775 1267 1808 tot
1290 1768 1608 1819 suscipiuntur
1630 1768 1833 1818 labores,

203 1848 390 1882 tueatur
411 1849 549 1892 atque
572 1847 833 1880 conseruet.

281 1911 328 1953 Si
348 1913 452 1960 hoc,
477 1912 530 1952 R.
555 1912 622 1963 P„
641 1923 865 1964 magnum
881 1911 1064 1952 facinus
1082 1923 1183 1951 esse
1205 1911 1407 1960 testaris,
1432 1923 1525 1951 non
1542 1923 1655 1951 sane
1678 1911 1835 1952 minus

201 1984 502 2025 memorabile
524 1991 608 2034 est,
633 1983 755 2035 quod
778 1983 899 2023 idem
922 1982 1075 2032 Pater,
1106 1983 1264 2023 diuino
1287 1983 1476 2023 numine
1498 1983 1585 2022 sibi
1607 1983 1830 2034 secundo,

200 2056 328 2096 obiit.
346 2055 510 2095 Mulier
529 2055 667 2104 enim,
688 2054 881 2105 indigna
899 2054 1168 2094 calamitate
1188 2065 1367 2106 pressa,
1387 2054 1556 2094 timens
1572 2066 1630 2093 ne
1646 2054 1831 2105 penitus

200 2126 501 2178 affligeretur,
527 2126 713 2166 cuidam
735 2126 913 2177 potenti
935 2125 1101 2165 iudaeo
1124 2132 1168 2165 et
1189 2137 1239 2165 se
1261 2131 1305 2165 et
1335 2125 1475 2165 filiam
1501 2137 1636 2165 suam
1665 2126 1831 2177 prosti-

198 2204 329 2238 tuere
350 2197 641 2238 decreuerat:
665 2208 827 2237 uerum
848 2196 898 2237 Ρ.
921 2196 1104 2246 Rector,
1124 2196 1202 2236 ubi
1218 2202 1400 2236 tantum
1417 2196 1570 2236 scelus
1588 2196 1833 2237 admitten-

199 2269 309 2310 dum
330 2269 526 2320 accepit,
551 2275 594 2308 et
616 2268 715 2308 eius
733 2273 991 2318 egestatem
1012 2279 1115 2308 esse
1142 2267 1402 2316 materiam,
1434 2267 1541 2307 huic
1570 2268 1638 2307 rei
1665 2279 1827 2308 consu-

196 2339 385 2380 lendum
407 2339 619 2389 credidit,
657 2345 702 2379 et
731 2338 929 2390 denique
952 2338 1024 2389 (ne
1047 2338 1094 2378 Ρ.
1122 2338 1273 2378 Tuam
1302 2337 1473 2388 morer)
1495 2344 1718 2379 reuocata
1740 2346 1827 2390 est,

197 2417 242 2451 et
262 2411 469 2451 eiusdem
491 2422 633 2462 opera
665 2411 722 2451 ab
750 2416 1027 2462 paupertate
1055 2410 1314 2450 subleuata.
1345 2409 1462 2450 Illud
1491 2416 1735 2462 praeterea
1762 2417 1825 2450 ta-

196 2483 393 2523 cendum
414 2494 508 2523 non
529 2482 746 2534 arbitror,
770 2481 895 2534 quod
916 2481 1009 2521 filia
1027 2481 1271 2522 cuiusdam
1288 2493 1381 2521 non
1398 2493 1512 2521 sane
1535 2480 1715 2521 minimi
1730 2493 1828 2521 mo—

195 2553 352 2604 menti,
377 2554 453 2594 cui
473 2553 637 2594 uitium
658 2554 867 2594 oblatum
886 2553 1054 2603 fuerat,
1079 2559 1123 2593 et
1144 2564 1171 2592 a
1193 2553 1398 2604 quodam
1417 2557 1605 2604 potente
1628 2551 1730 2592 uiro
1747 2552 1821 2593 de-

194 2630 336 2675 tenta,
360 2624 488 2664 Patri
516 2630 678 2665 nostro
708 2624 941 2675 confessa,
972 2624 1029 2664 de
1056 2635 1147 2675 qua
1176 2624 1372 2664 multum
1400 2622 1711 2674 digladiatum
1732 2629 1820 2673 est,

194 2695 252 2736 ad
275 2707 530 2736 conuersas
552 2695 770 2735 euolauit.

271 2765 557 2818 Progrediar
587 2767 680 2806 iam
701 2766 760 2806 ad
781 2777 852 2815 ea,
876 2777 995 2818 quae
1026 2765 1232 2806 secundo
1253 2766 1356 2806 loco
1384 2764 1498 2805 mihi
1525 2764 1724 2804 dicenda
1753 2776 1825 2804 re—

191 2844 330 2886 stant;
355 2849 448 2877 non
469 2849 638 2877 uereor
659 2837 769 2888 quin
790 2837 906 2876 haec
928 2843 1297 2877 commemoratu
1315 2835 1531 2887 digniora
1553 2847 1655 2875 esse
1672 2835 1818 2876 dicas.

188 2908 292 2950 Non
312 2914 357 2949 te
377 2908 616 2960 praeterit,
640 2907 695 2947 R.
718 2906 786 2958 P.,
809 2918 948 2958 quam
969 2907 1016 2947 in
1037 2907 1227 2947 dubium
1247 2906 1538 2947 nobilissima
1559 2906 1636 2946 illa
1654 2906 1823 2946 domus

188 2986 398 3029 uenerat;
417 2991 521 3019 curn
543 2979 666 3019 enim
686 2990 778 3019 una
800 2983 1017 3018 contacta
1038 2978 1191 3028 fuerit,
1224 2989 1282 3018 ne
1308 2977 1504 3017 liuorem
1531 2976 1589 3017 ab
1619 2988 1711 3017 una
1737 2976 1818 3017 du-
