2028 3328
177 102 249 148 280
690 102 916 140 LITTERAE
941 114 1303 147 QUADRIMESTRES

179 198 433 248 sententia,
472 203 521 238 ut
555 199 877 240 existimemus
911 200 1118 240 diuinam
1153 201 1410 241 bonitatem
1447 201 1510 241 nil
1540 201 1809 243 intermitte-

179 280 243 318 re,
268 280 359 320 quo
382 280 542 308 omnes
563 269 761 310 instituti
782 271 929 310 nostri
950 270 1093 311 faciat
1115 272 1354 311 certiores.

259 339 356 379 Iam
381 338 497 379 Rmi.
521 343 565 379 et
587 339 734 380 Illmi.
768 340 1005 393 Prolegati
1027 348 1069 382 et
1090 341 1182 381 Rdi
1205 341 1512 394 Proepiscopi
1541 343 1747 384 animum
1768 350 1813 385 et

180 410 554 450 beneuolentiam
576 412 727 462 magis
749 423 803 451 ac
826 412 977 463 magis
1000 413 1281 463 experimur,
1312 413 1390 464 qui
1423 414 1618 454 maximi
1646 415 1814 455 benefi—

179 480 239 520 cii
260 481 362 520 loco
381 481 566 531 habent,
591 482 629 521 si
651 482 837 533 quando
860 494 964 522 eam
987 482 1108 534 apud
1131 483 1259 523 ciues
1282 490 1507 524 testatam
1534 485 1716 536 possint
1746 497 1814 526 re-

178 551 402 602 linquere.
428 551 558 602 Quae
581 554 735 592 omnia
762 553 875 592 nulli
897 553 1152 602 hominum,
1183 553 1265 593 sed
1293 555 1380 594 soli
1416 554 1534 606 Deo,
1569 556 1690 596 unde
1720 567 1816 596 ma-

179 628 307 673 nant,
332 622 573 673 debentur,
597 623 675 674 qui
697 630 742 663 et
764 624 819 663 de
842 624 968 663 uictu
990 630 1151 664 nostro
1181 635 1236 664 ac
1266 625 1408 665 rebus
1437 626 1578 666 etiam
1605 627 1814 667 externis

178 693 365 733 abunde
391 692 619 734 sollicitat
650 693 674 734 ².
705 693 1034 745 Superioribus
1061 695 1186 735 enim
1213 695 1374 736 diebus
1404 696 1594 747 quidam
1623 697 1737 738 ciuis
1766 709 1817 738 re

179 775 274 803 non
291 764 516 804 mediocri
534 765 697 805 obtulit
715 765 838 816 apud
855 765 1042 806 Patrem
1063 771 1276 806 nostrum
1292 767 1587 808 Euerardum
1611 770 1817 820 amplam

180 835 297 875 satis
324 836 672 887 possessionem
706 835 936 887 Collegio‚
979 848 1099 888 quae
1127 843 1315 889 praeter
1352 850 1576 890 magnam
1610 840 1707 880 uini
1742 852 1813 880 co-

181 906 322 958 piam,
356 906 575 946 frumenti
603 907 743 946 etiam
774 907 1023 958 quotannis
1053 907 1338 948 mediocrem
1372 910 1681 960 quantitatem
1711 922 1819 951 con-

179 978 334 1017 sueuit
355 978 629 1028 producere.
653 977 755 1029 Qui,
780 978 867 1018 etsi
887 979 1063 1019 nullam
1083 990 1289 1030 unquam
1311 986 1451 1020 antea
1477 982 1727 1022 nobiscum
1754 982 1818 1023 fa-

183 1048 499 1088 miliaritatem
522 1049 853 1100 contraxisset,
883 1049 1066 1090 dicebat
1087 1061 1136 1090 se
1163 1056 1319 1091 tamen
1342 1063 1437 1091 non
1469 1059 1576 1092 ante
1604 1053 1821 1105 conquie-

187 1125 357 1169 turum,
381 1131 520 1170 quam
542 1119 674 1159 nobis
698 1119 823 1159 illam
846 1120 1029 1171 penitus
1052 1121 1329 1172 reliquisset.

263 1190 394 1229 Dens
414 1190 622 1241 optimus
639 1191 901 1241 maximus,
918 1192 1054 1231 casus
1072 1192 1261 1232 mansne
1277 1193 1388 1232 llaec
1407 1193 1565 1233 omnia
1578 1194 1819 1245 eveniunt,

183 1261 252 1300 Sic
272 1260 480 1300 omnium
501 1261 688 1300 animos
708 1261 882 1313 expiet,
907 1266 958 1302 nt
978 1262 1112 1302 nulla
1133 1264 1439 1304 terrestm'mn
1461 1275 1689 1304 curarum
1720 1265 1822 1305 labe

182 1336 467 1382 jungamur,
493 1332 576 1371 secl
600 1336 734 1372 tanto
765 1333 1033 1373 animorum
1064 1335 1238 1374 ardore
1255 1335 1317 1374 ad
1341 1334 1508 1375 diuina
1533 1336 1817 1387 aspiremus,

186 1406 416 1454 quantum
444 1415 471 1442 a
499 1406 631 1443 term
662 1403 840 1443 coelum
875 1404 1161 1456 diremptum
1188 1410 1275 1456 est,
1304 1406 1383 1445 vbi
1409 1407 1710 1447 conuersatio
1741 1418 1820 1447 no-

182 1478 288 1514 stra
309 1486 410 1514 esse
431 1474 573 1514 debet.
603 1474 734 1515 Haec
761 1482 868 1515 sunt
894 1475 1004 1526 fere,
1031 1488 1150 1528 quae
1186 1478 1435 1528 postremis
1464 1484 1664 1529 quatuor
1696 1490 1817 1519 men-

184 1546 313 1585 sibus
351 1545 507 1596 gratia
539 1544 628 1586 Dei
662 1558 745 1597 per
777 1545 1061 1587 Societatem
1098 1554 1292 1599 operata
1328 1554 1411 1589 est.
1449 1549 1705 1600 Reliquum
1746 1554 1817 1590 est

185 1617 231 1656 P
278 1617 586 1668 obseruanda,
608 1621 661 1657 ut
682 1618 830 1668 nobis,
852 1622 894 1658 et
915 1619 1105 1658 divinae
1126 1619 1394 1659 uoluntatis
1415 1631 1464 1659 co
1469 1620 1753 1672 gallionem,
1777 1625 1819 1661 et

184 1688 431 1737 inulctam,
449 1692 500 1727 nt
517 1689 761 1739 cogm'tam
779 1700 1092 1740 exequamur,
1108 1690 1319 1729 am'tstzmn
1334 1690 1746 1747 nelc'sz‘mpetrare,
1767 1696 1819 1732 ut

185 1771 346 1798 comm
368 1760 466 1798 Deo
489 1763 532 1799 el
553 1759 820 1799 hominibus
841 1761 958 1800 hona
974 1761 1336 1812 pront'deczmzts.
1374 1761 1498 1801 Vale.

267 1830 503 1882 Perusiae,
529 1831 678 1882 pridie
699 1843 849 1871 nonas
870 1832 1130 1883 Februarii,
1160 1832 1275 1872 1555.

268 1902 321 1942 T.
345 1901 398 1941 R.
422 1900 470 1941 P.

264 1972 405 2024 Jussu
422 1971 514 2013 Rdi
537 1971 690 2012 Patris
712 1974 859 2013 nostri
881 1974 1110 2014 Euerardi
1132 1973 1436 2026 Marcuriani,

268 2042 443 2084 Seruus
464 2043 640 2083 inutilis
661 2044 708 2083 in
731 2043 934 2091 Christo,

1092 2187 1317 2229 EMUNDUS
1347 2189 1607 2231 AUGERIUS.

269 2398 622 2450 Sltperscrz'ptz'o
649 2400 696 2438 lu
726 2404 900 2450 quarta
921 2399 1135 2450 pagina:
1170 2400 1271 2441 R,d0
1301 2400 1347 2440 in
1376 2399 1562 2441 Christo
1592 2401 1640 2441 Ρ.
1679 2401 1822 2442 Mtro.

187 2467 371 2522 Ignatio
390 2481 416 2508 a
438 2470 634 2521 Loyola,
664 2470 937 2521 Praeposito
961 2470 1182 2511 Generali
1207 2471 1455 2512 Societatis
1488 2472 1686 2512 nominis
1706 2471 1821 2524 Jesu

190 2537 384 2579 Romae.

271 2609 382 2649 Alsa
404 2621 566 2650 mmm:
593 2612 706 2652 1555.
733 2611 941 2652 Perusia.
966 2612 1333 2663 Quadrimestris
1354 2614 1378 2653 4
1397 2614 1633 2654 februarii.

274 2681 338 2720 Et
359 2680 473 2720 alla:
494 2682 688 2722 Emend.

245 2841 256 2860 ¹
297 2841 396 2868 nobzs
408 2842 596 2876 prospicit.
613 2841 797 2869 Pomm-us.
