2028 3328
211 127 283 165 332
727 131 954 170 LITTERAE
969 144 1327 177 QUADRIMESTRES

292 224 550 267 Mansimus
567 228 610 267 in
634 228 710 268 illo
733 230 903 281 oppido
924 242 1007 281 per
1029 231 1189 271 decem
1211 231 1323 282 dies,
1349 237 1397 271 ut
1427 244 1589 272 eorum
1610 234 1848 276 maximae

214 294 450 337 deuotioni
482 299 888 350 responderemus.
925 301 1030 341 Non
1064 301 1187 341 enim
1229 302 1543 353 permiserunt
1589 315 1673 343 nos
1716 305 1847 346 abire

215 373 424 418 tempore
445 369 705 422 praefinito,
731 371 909 412 scilicet
931 378 1100 413 octauo
1124 373 1213 424 die;
1243 373 1339 423 sed,
1373 374 1516 414 misso
1540 375 1599 415 ad
1620 375 1710 416 hoc
1731 388 1844 416 nun-

215 438 294 488 tio,
320 440 461 480 trium
483 440 662 482 dierum
684 442 896 483 inducias
917 444 1243 495 impetrarunt.
1267 443 1326 485 Et
1347 445 1456 496 quia
1476 446 1630 486 nullus
1657 447 1845 487 uolebat

214 510 303 550 nisi
323 512 457 552 nobis
486 512 710 564 confiteri,
741 515 865 555 misit
894 514 939 555 P.
964 515 1137 556 Rector
1168 515 1355 557 Patrem
1379 517 1609 570 Joannem
1644 518 1846 559 Mortan-

214 593 336 633 nem,
357 583 435 635 qui
451 583 511 624 ad
528 585 902 636 copiosissimam
915 598 1114 627 messem
1127 587 1174 627 in
1187 587 1357 628 horrea
1369 588 1560 629 Domini
1572 589 1848 631 mittendam

215 653 474 695 adiuuaret.
500 655 916 697 Communicaruut
938 664 1109 708 autem,
1129 659 1264 699 nobis
1278 660 1619 711 praesentibus,
1640 672 1844 713 nongen-

216 724 267 776 ti3
289 726 423 765 multi
444 726 584 766 etiam
606 733 768 767 nostra
790 729 990 780 uestigia
1018 729 1291 781 subsequuti
1318 730 1395 771 hic
1424 732 1849 784 communicarunt,

216 795 374 846 plures
391 797 533 836 etiam
553 799 767 849 sequenti
787 799 1038 851 dominica,
1063 806 1151 841 etc.

296 867 525 920 Tempore
547 869 858 921 carnispriuii,
879 883 985 911 cum
1005 873 1236 913 lauretani
1253 885 1302 913 se
1320 874 1451 914 uerbi
1468 874 1614 915 diuini
1632 875 1854 926 indignos

217 937 499 990 effecissent,
538 951 628 991 quo
662 941 856 981 liberius
891 942 1014 982 illius
1049 944 1273 995 temporis
1307 945 1626 986 deliramentis
1674 956 1851 986 uacare

219 1016 425 1061 possent,
450 1011 620 1051 missus
642 1018 711 1052 est
733 1018 892 1053 noster
914 1014 1221 1055 concionator
1242 1027 1349 1056 cum
1370 1015 1510 1056 Patre
1532 1016 1779 1057 Mortanne
1797 1017 1845 1057 in

217 1080 439 1131 oppidum
458 1082 692 1132 quoddam
715 1084 936 1135 uicinum,
960 1085 1036 1125 cui
1062 1097 1231 1126 nomen
1260 1085 1448 1137 Ciriolo,
1473 1088 1564 1138 ubi,
1598 1094 1851 1140 postquam

220 1151 460 1193 habuisset
482 1154 771 1206 concionem,
804 1168 970 1207 pacem
991 1157 1243 1209 quamdam
1271 1159 1533 1210 composuit
1564 1159 1684 1200 inter
1716 1160 1851 1210 duos,

221 1228 264 1262 et
285 1223 343 1263 ad
364 1223 722 1266 instaurandum
743 1226 988 1279 hospitale,
1009 1228 1354 1280 quodammodo
1371 1229 1660 1281 derelictum,
1681 1229 1850 1282 ‘prima-

219 1300 287 1334 tes
309 1294 431 1335 illius
452 1295 609 1348 oppidi
631 1298 870 1339 excitauit.
896 1297 1140 1350 Quaedam
1162 1300 1304 1340 etiam
1325 1301 1418 1341 alia
1438 1301 1563 1342 bona
1584 1302 1784 1353 peregit,
1805 1308 1852 1341 ct

222 1364 397 1406 bonum
418 1367 610 1408 odorem
630 1367 878 1410 Societatis
900 1370 962 1410 ibi
983 1371 1184 1423 reliquit.

300 1436 446 1487 Haec,
470 1437 523 1478 R.
547 1439 615 1490 Ρ.,
640 1446 774 1480 extra
797 1441 986 1482 domum
1013 1443 1307 1484 lauretanam
1336 1451 1444 1485 sunt
1474 1445 1562 1484 hoc
1591 1443 1854 1496 quadrime-

223 1508 308 1547 stri
328 1516 537 1560 peracta.
571 1509 680 1550 Alia
701 1523 829 1562 uero,
853 1524 973 1563 quae
995 1519 1155 1554 tantae
1176 1515 1341 1555 matris
1373 1515 1598 1567 auspiciis
1624 1514 1854 1566 pientissi-

223 1590 326 1619 mus
358 1579 496 1633 Jesus
529 1581 604 1622 hic
639 1581 860 1634 dignatus
895 1590 964 1624 est
999 1585 1206 1636 operari,
1245 1586 1349 1638 quis
1383 1585 1665 1626 sufficienter
1698 1585 1856 1626 ualeat

222 1653 520 1692 enumerare?
552 1653 800 1697 Confluunt
834 1656 894 1696 ad
920 1656 1043 1696 hanc
1073 1656 1421 1698 sanctissimam
1450 1657 1639 1698 domum
1670 1668 1729 1697 ex
1759 1656 1856 1697 uni-

223 1734 361 1763 uerso
381 1723 478 1764 fere
500 1725 672 1765 mundo
703 1727 909 1778 quotidie
939 1728 1299 1780 peregrinorum
1331 1734 1566 1780 cateruae,
1592 1734 1636 1769 et
1664 1728 1856 1787 populo-

223 1805 328 1834 rum
360 1795 694 1848 multitudines,
728 1808 927 1849 quorum
954 1798 1194 1839 deuotioni
1224 1805 1408 1851 oportet
1439 1811 1527 1840 nos
1561 1811 1646 1851 pro
1675 1799 1856 1839 uiribus

225 1865 468 1907 inseruire.
492 1865 662 1908 Sumus
682 1867 779 1908 fere
796 1880 981 1921 semper
1002 1870 1168 1911 saltem
1182 1869 1208 1910 3
1224 1883 1284 1911 ex
1300 1870 1624 1912 sacerdotibus
1653 1869 1859 1911 Societa-

225 1937 284 1979 tis
306 1938 353 1978 in
374 1939 562 1990 templo,
588 1939 665 1991 qui
686 1951 756 1991 ea,
776 1952 915 1992 quam
938 1952 964 1980 a
986 1940 1191 1982 Domino
1213 1942 1503 1994 accepimus,
1528 1941 1758 1982 charitate
1781 1941 1859 1982 ad-

225 2009 467 2050 uenientes
488 2010 669 2051 animas
690 2011 750 2052 ad
772 2023 919 2064 aquas
949 2013 1287 2053 consolationis
1310 2019 1355 2054 et
1387 2012 1708 2064 indulgentiae
1743 2012 1859 2053 reci·

225 2080 393 2131 pimus,
417 2087 481 2132 ut,
505 2082 736 2133 sanguine
758 2082 934 2123 Christi
948 2083 1206 2124 inebriatae
1224 2090 1268 2125 et
1286 2089 1493 2124 torrente
1510 2084 1766 2136 uoluptatis
1783 2095 1860 2135 po·

225 2157 367 2203 tatae,
391 2151 630 2203 digniores
665 2153 864 2194 reddant
883 2155 1147 2205 gratiarum
1169 2155 1379 2195 actiones
1401 2155 1599 2206 auctori,
1624 2160 1668 2195 et
1689 2155 1864 2195 media-

228 2223 334 2263 trici
357 2224 565 2265 omnium
584 2225 830 2266 bonorum.

304 2294 553 2347 Recipiunt
574 2302 732 2337 autem
762 2308 821 2337 ex
851 2298 1026 2338 nostris
1053 2309 1148 2338 non
1177 2299 1328 2338 solum
1357 2298 1677 2338 testimonium
1709 2297 1860 2338 defae-

226 2373 362 2408 catae
382 2367 715 2419 conscientiae,
739 2374 846 2420 post
867 2368 1138 2420 diligentem
1158 2369 1572 2419 examinationem,
1604 2368 1685 2409 sed
1719 2368 1862 2409 etiam

228 2439 397 2479 miram
419 2439 672 2491 quamdam
692 2439 837 2479 animi
857 2439 1099 2491 laetitiam,
1122 2440 1187 2480 ita
1208 2446 1258 2480 ut
1278 2439 1514 2481 interdum
1534 2440 1582 2480 in
1601 2439 1689 2480 has
1715 2450 1860 2479 uoces

228 2516 274 2550 et
295 2510 471 2550 similes
491 2517 814 2562 prorumpant:
833 2510 902 2552 Sit
922 2511 1196 2552 benedictus
1211 2510 1355 2562 Deus,
1376 2511 1455 2563 qui
1472 2523 1545 2551 me
1567 2510 1788 2562 perduxit
1803 2509 1864 2550 ad

229 2587 290 2621 te.
313 2581 414 2632 Ego
437 2582 667 2623 hactenus
687 2582 906 2634 ignoraui
942 2583 1053 2634 quid
1088 2588 1212 2623 esset
1239 2582 1467 2623 confiteri.
1500 2582 1603 2633 Ego
1632 2581 1867 2622 hactenus

231 2663 325 2692 non
345 2650 413 2693 fui
434 2653 733 2694 christianus.
764 2653 1020 2694 Benedicta
1051 2653 1110 2694 sit
1138 2660 1304 2704 mater,
1335 2665 1455 2705 quae
1482 2658 1527 2693 te
1554 2652 1749 2704 peperit,
1774 2656 1864 2692 ete.
1925 2679 1928 2684 -

231 2722 390 2764 Solent
410 2723 766 2775 flagitiosissimi
787 2725 959 2777 quique
979 2724 1040 2765 ad
1061 2736 1148 2765 nos
1165 2724 1417 2775 confluere,
1438 2736 1465 2764 a
1485 2722 1620 2763 nobis
1640 2722 1866 2774 grauissi-

231 2805 415 2835 morum
425 2795 701 2835 delictorum
717 2795 1057 2836 absolutionem
1069 2806 1176 2836 cum
1186 2795 1444 2846 lachrymis
1456 2793 1730 2845 efflagitare,
1744 2793 1869 2833 inter

228 2878 348 2919 quos
368 2873 475 2907 sunt
495 2866 727 2918 permulti,
751 2867 829 2918 qui
851 2879 878 2907 a
902 2866 964 2917 10,
988 2866 1081 2917 alii,
1105 2866 1184 2918 qui
1204 2878 1232 2906 a
1251 2865 1304 2906 20
1324 2872 1368 2906 et
1394 2865 1447 2905 25
1479 2865 1615 2905 annis
1642 2876 1737 2905 non
1758 2869 1868 2905 sunt

231 2936 452 2978 confessi:
477 2937 555 2978 alii
576 2937 732 2989 etiam,
769 2937 848 2989 qui
874 2937 989 2977 nulli
1018 2936 1416 2977 confessariorum
1444 2935 1729 2987 grauissima
1764 2945 1868 2987 pec·
