2028 3328
848 177 930 214 AN.
962 177 1053 215 1555
1693 180 1764 218 713

135 274 356 314 alacriter
378 285 564 314 sacrum
586 275 817 326 baptisma
845 274 1073 326 suscepit,
1106 286 1132 315 a
1163 286 1252 326 quo
1283 275 1456 327 alioqui
1488 276 1616 327 prius
1647 277 1762 317 satis

133 345 430 386 abhorrebat.
460 346 543 386 Est
569 352 612 386 et
640 345 834 386 iudaeus
861 346 1064 397 quidam,
1094 346 1191 397 qui,
1230 346 1288 386 ad
1320 347 1531 387 eamdem
1558 348 1762 396 gratiam

135 417 365 468 aspirans,
391 428 416 456 a
439 417 612 457 nostris
635 417 968 467 catechizatur;
991 417 1164 467 statim,
1184 424 1234 457 vt
1251 428 1511 469 speramus,
1530 419 1763 470 baptisma

135 495 455 538 suscepturus.
479 486 595 528 Sunt
616 487 691 527 hic
712 499 943 539 pauperes
964 487 1153 539 quidam
1176 487 1371 528 studiosi
1386 490 1542 540 plures
1560 496 1760 540 centum,

135 558 227 609 qui,
251 558 414 609 patriis
436 558 643 598 destituti
663 559 811 609 bonis,
835 559 880 598 in
903 558 1091 598 domum
1112 558 1364 610 quamdam
1386 560 1484 599 siue
1506 559 1764 611 Collegium

135 629 425 680 recipiuntur
446 630 503 669 ob
524 629 647 670 hunc
669 629 806 669 finem
828 630 936 670 oli-m
957 636 1292 680 constructum,
1318 631 1394 681 qui
1417 631 1624 672 ostiatim
1657 643 1763 683 quo-

136 700 246 739 tidie
282 700 459 740 victum
494 701 774 752 quaeritant.
812 700 991 741 Horum
1027 700 1166 741 aedes
1206 713 1311 741 cum
1350 708 1583 742 Vetustate
1621 703 1764 742 nimia

135 782 252 822 pene
275 778 564 822 corruerent,
589 772 773 812 curauit
793 771 847 812 R.
871 771 920 812 Ρ.
945 771 1128 823 Lainoy
1156 771 1166 790 ¹
1188 773 1501 824 eleemosynis
1525 785 1551 812 a
1572 775 1766 813 nonnul—

134 841 190 881 lis
212 841 499 893 principibus
521 848 565 882 et
586 843 884 894 magnatibus
905 842 1108 894 vndique
1140 844 1346 883 collectis
1373 855 1454 883 eas
1481 844 1671 895 egregie
1699 856 1767 884 re-

137 913 358 962 staurari,
382 924 564 952 necnon
585 913 675 953 illis
696 919 791 954 tam
812 914 867 954 de
888 914 1094 954 vestibus
1116 926 1255 966 quam
1276 915 1379 954 aliis
1395 915 1533 955 rebus
1555 915 1768 955 subueni-

136 983 190 1033 ri,
216 984 279 1023 ita
304 990 348 1023 vt
380 984 761 1024 commodissima
793 996 916 1024 nunc
944 985 1231 1026 habitatione
1258 985 1495 1026 fruantur:
1527 986 1692 1037 quibus
1726 993 1769 1028 et

137 1055 299 1094 diebus
321 1053 452 1094 festis
474 1055 736 1095 doctrinam
769 1055 1074 1096 christianam
1095 1057 1337 1108 praelegit.

217 1125 397 1166 Verum
417 1138 475 1166 ne
505 1126 751 1166 breuitatis
780 1127 949 1167 limites
981 1135 1240 1179 transeam,
1271 1130 1469 1180 paucula
1497 1129 1553 1169 de
1581 1129 1769 1169 nouitiis

139 1196 352 1246 subdam,
387 1208 584 1248 quorum
611 1208 853 1248 numerus,
884 1198 1036 1249 pietas
1065 1205 1130 1248 et,
1160 1199 1285 1251 quod
1313 1199 1371 1239 ab
1398 1200 1513 1251 ipsis
1548 1199 1766 1250 exigitur,

139 1268 399 1308 studiorum
420 1268 600 1308 fructus
622 1269 668 1308 in
689 1268 788 1308 dies
811 1276 1025 1319 augetur.
1049 1269 1107 1310 Se
1124 1270 1247 1310 enim
1264 1270 1427 1311 faciles
1445 1270 1696 1312 admodum
1716 1283 1771 1311 ac

138 1346 380 1391 promptos
401 1339 460 1379 ad
482 1339 674 1380 humilia
697 1339 847 1380 officia
870 1340 1103 1381 exhibent.
1127 1342 1195 1382 Ita
1216 1349 1266 1382 vt
1284 1342 1477 1382 subinde
1494 1343 1567 1394 pie
1585 1349 1772 1383 conten-

139 1410 251 1450 dant
274 1411 490 1461 quisnam
512 1411 716 1451 culinam
736 1411 795 1451 ad
819 1411 1075 1452 abluendas
1092 1413 1310 1453 scutellas
1332 1413 1476 1453 adibit
1497 1420 1541 1454 et
1562 1415 1641 1466 qui
1661 1415 1769 1454 heb-

139 1481 389 1521 domadam
410 1493 543 1522 suam
572 1481 808 1531 finierunt,
843 1494 892 1523 se
920 1483 1188 1535 frequenter
1214 1484 1500 1536 interruptos
1531 1486 1686 1536 aiunt,
1722 1493 1773 1526 vt

139 1553 228 1592 hac
251 1553 500 1592 occasione
523 1552 694 1593 diutius
715 1553 805 1593 illis
825 1565 1014 1594 manere
1031 1554 1184 1596 liceat.

221 1623 403 1664 Horum
424 1624 502 1675 pia
523 1624 883 1665 conuersatione
905 1636 959 1665 ac
980 1625 1103 1666 bono
1120 1628 1333 1678 exemplo
1351 1639 1443 1667 non
1460 1640 1627 1679 parum
1648 1629 1767 1668 aedi·

140 1694 340 1734 ficantur
357 1695 568 1746 studiosi,
589 1695 665 1746 qui
682 1702 870 1736 nostros
886 1696 1081 1737 libenter
1098 1698 1411 1749 alloquuntur,
1432 1699 1469 1738 si
1487 1699 1673 1750 quando
1690 1711 1772 1750 per

141 1765 456 1806 obedientiam
476 1766 589 1817 ipsis
608 1766 762 1807 liceat.
785 1766 928 1819 quue
949 1779 1122 1819 magno
1143 1781 1284 1821 saepe
1315 1781 1420 1810 curn
1447 1769 1616 1810 fructu.
1654 1769 1774 1811 Nam

142 1836 248 1876 hinc
287 1837 476 1888 quidam
515 1849 564 1877 se
608 1844 797 1878 nostrae
845 1837 1107 1890 adiungunt
1151 1839 1387 1881 Societati.
1435 1840 1528 1881 Alii
1574 1841 1775 1893 idipsum

139 1913 318 1958 optant,
342 1908 429 1947 nisi
451 1914 531 1948 aut
551 1914 697 1958 aetas,
722 1914 801 1949 aut
824 1910 950 1961 ipsos
972 1918 1191 1961 parentes
1212 1911 1506 1963 impedirent.

221 1978 324 2028 Hic,
349 1979 456 2019 licet
479 1978 537 2019 ad
560 1979 698 2019 finem
725 1992 992 2032 properem,
1016 1981 1216 2022 duorum
1245 1989 1402 2023 tamen
1425 1982 1672 2034 juuenum‚
1696 1996 1775 2024 ne-

143 2055 318 2101 potum,
343 2050 549 2101 inquam,
573 2052 843 2092 cancellarii
864 2053 981 2103 regii
1002 2051 1039 2103 2,
1064 2054 1142 2105 qui
1172 2065 1254 2105 per
1284 2066 1457 2094 annum
1486 2066 1776 2095 commensa-

142 2121 209 2160 les
229 2121 378 2160 nostri
399 2120 543 2171 fuere,
574 2133 753 2174 nequeo
776 2123 1031 2174 praeterire
1053 2125 1306 2164 vehemens
1323 2125 1382 2165 ad
1397 2124 1680 2166 Societatem
1695 2138 1774 2167 no·

141 2197 288 2232 stram
310 2191 610 2239 desiderium:
635 2204 833 2244 quorum
850 2192 1028 2245 junior,
1061 2195 1236 2246 optima
1266 2195 1506 2247 praeditus
1533 2197 1687 2237 indole
1717 2209 1774 2237 ac

144 2262 258 2302 satis
280 2261 459 2312 doctus,
485 2263 659 2303 iamdiu
681 2270 841 2304 noster
863 2276 965 2305 esse
994 2266 1183 2317 cupiuit,
1213 2273 1257 2306 et
1284 2278 1333 2306 se
1364 2279 1449 2307 nos
1470 2274 1778 2319 sequuturum

144 2345 260 2384 esse,
282 2333 319 2373 si
339 2333 446 2373 hinc
465 2334 670 2385 migrare
689 2335 952 2387 contigerit,
972 2343 1244 2377 constanter
1261 2337 1474 2378 affirmat.
1495 2338 1628 2379 Alter
1643 2350 1774 2390 vero,

144 2404 200 2444 de
222 2416 313 2456 quo
335 2405 488 2444 minus
510 2405 643 2445 nobis
664 2406 1001 2457 pollicebamur
1023 2407 1140 2459 (erat
1160 2409 1283 2449 enim
1304 2420 1330 2448 a
1349 2409 1483 2450 nobis
1501 2410 1654 2461 magis
1671 2410 1777 2450 alie-

144 2474 263 2525 nus),
288 2476 461 2515 nostris
483 2487 532 2515 se
557 2476 813 2527 adiungere
836 2477 952 2518 adeo
974 2480 1102 2529 cupit
1122 2485 1172 2519 vt
1199 2491 1282 2530 per
1303 2482 1474 2521 multos
1500 2481 1621 2532 dies,
1656 2481 1777 2522 sicut

144 2546 318 2586 nostris
340 2545 494 2586 fassus
515 2553 600 2597 est,
624 2547 680 2587 de
708 2548 940 2599 profunda
962 2555 1100 2589 nocte
1121 2561 1320 2601 surgens
1349 2552 1501 2592 nudus
1522 2552 1568 2592 in
1598 2558 1776 2593 terram

145 2623 410 2667 prostratus
428 2618 634 2658 orauerit
660 2618 897 2660 feruentes
918 2619 1171 2661 Dominum
1187 2628 1237 2661 vt
1260 2623 1515 2674 superioris
1531 2623 1678 2664 nostri
1695 2635 1778 2664 cor

146 2688 202 2727 ad
227 2687 379 2738 ipsum
401 2688 753 2739 suscipiendum
775 2697 998 2731 moueret.
1023 2691 1073 2732 Id
1093 2704 1206 2733 vero
1229 2704 1333 2733 curn
1364 2705 1459 2733 non
1480 2694 1672 2735 auderet
1693 2693 1780 2735 Re-

147 2758 352 2798 uerendo
374 2757 502 2799 Patri
525 2765 690 2800 nostro
711 2771 976 2812 proponere
999 2762 1084 2813 (est
1105 2763 1228 2804 enim
1249 2772 1418 2804 natura
1447 2766 1779 2817 verecundus),

204 2943 213 2963 ¹
253 2943 287 2970 Ρ,
304 2943 465 2970 Nicolaus
480 2943 611 2980 Lanoy,
628 2944 768 2974 Rector.

205 2991 218 3010 Ξ
255 2989 372 3022 jacobi
389 2989 505 3023 Jonae.
