2028 3328
871 98 954 135 AN.
982 98 1077 134 -1554
1730 95 1797 132 155

155 200 506 252 quentationem
523 207 841 250 quoscumque
858 195 1070 243 incitare3
1094 194 1141 233 in
1158 192 1442 234 nosocomiis
1464 192 1796 232 decumbentes

156 283 205 312 re
227 283 282 311 ac
301 271 466 320 uerbo,
490 274 628 322 prout
658 268 824 318 cuique
847 265 1145 306 commodum
1179 265 1280 314 erit,
1321 264 1571 313 adiuuare;
1597 263 1796 313 denique

158 354 386 393 nusquam
420 353 515 381 non
545 339 759 391 exemplo
792 344 835 378 et
869 348 1085 377 sermone
1122 336 1456 387 rempublicam
1491 334 1796 374 christianam

158 424 451 464 promouere.
489 412 547 452 Et
582 422 672 463 quo
708 408 999 450 commodius
1034 407 1077 446 id
1115 413 1452 458 assequantur,
1486 405 1797 445 decreuerunt

158 485 406 534 neminem,
431 483 562 523 cuius
584 482 729 522 uitam
749 480 878 532 prius
899 480 1043 531 probe
1064 484 1362 530 perspectam
1391 489 1486 517 non
1507 476 1725 525 habeant,
1749 476 1796 514 in

158 555 542 595 contubernalem
564 552 826 594 admittere.
860 549 1195 590 Foeminarum
1226 548 1473 589 consilium
1502 547 1640 599 paulo
1662 547 1797 586 aliter

158 626 314 666 habet.
352 625 472 666 Nam
511 625 599 665 hae
640 623 699 664 ad
738 622 949 673 singulas
985 620 1209 661 calendas
1248 619 1530 660 dominicam
1567 617 1797 658 accedunt

157 709 391 748 mensam;
429 697 487 737 ad
520 697 637 737 haec
672 695 935 737 doctrinam
971 693 1279 733 christianam
1311 691 1580 732 domesticis
1615 695 1797 730 tantum

155 769 364 820 tradunt3
386 769 493 819 fuci,
518 769 643 820 gipsi
664 773 707 808 et
725 767 770 807 id
787 777 936 818 genus
954 765 1134 805 formae
1156 762 1518 804 medicaminum
1534 773 1682 812 usum,
1705 761 1799 812 qui-

159 842 245 881 bus
267 852 408 881 sexus
426 841 501 880 ille
523 840 600 880 hic
621 839 777 879 uultus
797 837 1067 889 turpissime
1088 835 1276 875 inficere
1294 835 1430 885 solet,
1455 834 1682 885 ipsaemet
1711 832 1800 872 sibi

158 912 525 961 interdixerunt,
550 923 635 951 nec
658 910 865 950 fucatam
890 908 1055 958 ullam,
1081 905 1382 959 quantumuis
1419 904 1590 945 acriter
1626 905 1799 944 instan-

158 990 274 1033 tem,
296 983 342 1023 in
365 983 541 1022 sociam
559 986 817 1021 assumunt.
843 979 1019 1031 Spiritu
1040 979 1168 1018 uiros
1188 983 1412 1029 aequant,
1444 987 1639 1016 numero
1667 987 1800 1026 supe-

160 1060 279 1095 rant.
304 1054 369 1095 Vt
390 1054 479 1093 uiri
502 1053 565 1093 ita
586 1052 816 1093 foeminae
838 1050 1091 1103 quamdam
1112 1048 1466 1101 praefecerunt,
1492 1048 1566 1088 cui
1583 1053 1800 1088 caeterae

155 1138 322 1166 ⁴omnes
344 1136 522 1164 morem
543 1130 728 1175 gerunt.
753 1122 869 1162 Tam
886 1122 974 1161 hae
997 1132 1138 1172 quam
1157 1120 1220 1160 illi
1237 1120 1413 1159 nullam
1431 1119 1691 1165 adciscunt.
1710 1119 1802 1158 nisi

160 1197 215 1237 de
237 1196 381 1237 totius
411 1196 536 1235 uitae
558 1200 683 1234 statu
717 1193 996 1233 confessam.
1027 1192 1113 1231 His
1147 1191 1323 1230 nullum
1354 1191 1595 1241 hucusque
1630 1201 1802 1229 nomen

159 1267 356 1308 inditum
375 1272 458 1307 est.
482 1266 551 1307 Illi
572 1265 742 1305 fratres
762 1263 1080 1304 uenerationis
1102 1268 1436 1302 sacrosanctae
1458 1261 1802 1301 communionis

165 1339 461 1391 appellantur
485 1336 510 1377 ¹.
535 1337 789 1377 Fautorem
817 1336 937 1375 inter
967 1334 1084 1374 alios
1105 1334 1279 1374 habent
1301 1333 1573 1384 episcopum
1609 1331 1636 1383 Ξ,
1661 1332 1738 1383 qui
1759 1339 1804 1372 et

166 1410 493 1450 benedictione
528 1420 613 1448 sua
642 1407 883 1458 utriusque
918 1405 1303 1456 congregationis
1336 1404 1598 1444 institutum
1629 1404 1801 1452 sanxit,

160 1481 428 1533 placuitque
446 1487 542 1520 tam
555 1479 643 1530 ipsi
657 1489 797 1530 quam
815 1477 903 1517 illis
921 1477 988 1517 uti
1006 1488 1182 1526 omnes,
1198 1481 1372 1516 statuto
1389 1475 1551 1515 adhoc
1568 1474 1656 1525 die,
1676 1473 1803 1513 domi

160 1559 350 1594 nostrae
377 1550 703 1592 Eucharistiae
729 1560 864 1589 sacra
887 1554 1089 1598 sumant;
1113 1546 1236 1599 quod
1257 1552 1301 1587 et
1322 1547 1567 1597 hactenus,
1587 1558 1680 1586 non
1704 1546 1804 1586 sine

161 1636 335 1676 magno
376 1634 537 1663 eorum
572 1621 884 1661 emolumento
916 1625 960 1659 et
994 1618 1314 1671 praesentium
1357 1617 1696 1667 aedificatione,
1740 1617 1805 1657 fa—

162 1702 291 1736 ctum
313 1700 397 1735 est.

240 1766 292 1807 In
314 1765 535 1817 operibus
563 1762 915 1803 misericordiae
937 1761 1055 1802 adeo
1078 1761 1288 1812 plerique
1309 1760 1477 1800 feruidi
1505 1766 1634 1810 sunt,
1660 1766 1709 1800 ut
1731 1759 1807 1800 de-

164 1837 363 1878 siderari
385 1836 459 1876 uel
482 1847 507 1875 a
529 1833 706 1874 sanctis
727 1833 841 1873 nihil
862 1838 1001 1884 queat
1036 1833 1173 1872 ultra.
1212 1831 1285 1872 Ex
1306 1831 1379 1871 his
1399 1832 1590 1883 quidam
1620 1831 1806 1871 carthu-

159 1910 427 1957 sianorum,
452 1906 530 1946 alii
551 1906 662 1946 Diui
684 1904 940 1954 Benedicti,
967 1903 1159 1955 quidam
1179 1903 1321 1943 etiam
1343 1901 1390 1943 S.
1413 1902 1658 1942 Francisci
1680 1903 1807 1942 insti—

160 1986 333 2030 tutum,
363 1978 512 2019 secuti
542 1982 670 2017 sunt:
703 1987 791 2015 nec
826 1974 993 2015 desunt
1022 1975 1100 2026 qui
1136 1980 1180 2014 et
1215 1980 1428 2014 nostrum
1465 1973 1807 2014 ardentissimis

163 2051 286 2092 uotis
307 2049 536 2090 assectari
567 2047 775 2099 cupiunt.
799 2045 1082 2086 Benedictus
1105 2045 1380 2085 mitissimus
1400 2044 1552 2096 Jesus,
1581 2044 1659 2096 qui
1686 2045 1808 2084 inter

163 2127 368 2170 caetera,
408 2132 528 2173 quae
563 2120 610 2159 in
645 2117 743 2158 dies
779 2117 929 2157 seruis
965 2117 1060 2157 suis
1094 2116 1322 2168 suggerit,
1363 2122 1407 2156 et
1442 2116 1530 2156 hoc
1561 2116 1808 2157 consilium

164 2193 423 2234 instillauit.

244 2263 366 2305 Rdus
392 2263 440 2303 P.
467 2261 713 2303 Salmeron
743 2261 1016 2311 lectionem,
1057 2272 1197 2312 quam
1235 2260 1393 2300 statim
1416 2260 1462 2300 in
1486 2259 1616 2300 initio
1639 2259 1709 2299 sui
1733 2258 1810 2298 ad-

165 2343 333 2377 uentus
364 2333 679 2376 enarrandam
715 2339 996 2384 sumpserat,
1034 2333 1203 2383 plausu
1239 2331 1444 2371 maximo
1481 2331 1810 2382 uberrimoque

163 2408 319 2449 fructu
340 2405 652 2459 prosequitur.
678 2404 952 2444 Incredibile
975 2403 1101 2443 dictu
1130 2409 1305 2454 quanto
1342 2402 1464 2442 idem
1490 2402 1589 2454 ipse
1623 2402 1811 2442 audien-

168 2479 286 2519 tium
304 2484 510 2530 stupore,
535 2476 606 2516 bis
628 2475 723 2515 iam
744 2486 907 2515 coram
926 2475 1151 2525 Prorege,
1173 2474 1360 2514 fautore
1382 2474 1518 2513 huius
1535 2473 1626 2514 loci
1647 2485 1812 2525 synce-

169 2549 372 2600 rissimo,
392 2548 700 2589 concionatus
719 2546 791 2585 sit.
814 2545 915 2585 Hac
932 2545 1313 2596 quadragesima,
1341 2556 1447 2585 cum
1470 2544 1585 2585 soris
1607 2550 1704 2584 tum
1730 2545 1814 2584 do·

167 2621 245 2671 mi,
265 2620 520 2661 conciones
536 2618 724 2658 habitae
741 2623 848 2657 sunt
869 2617 1255 2668 quamplurimae,
1276 2622 1320 2656 et
1339 2616 1480 2656 etiam
1498 2628 1621 2656 nunc
1637 2616 1813 2656 haben·

169 2697 259 2732 tur.
285 2691 408 2732 R.d¹ls
434 2690 484 2731 P.
509 2689 753 2730 Salmeron
775 2688 1060 2728 auditorium
1081 2687 1242 2728 habuit
1264 2688 1400 2740 quale
1422 2688 1576 2728 nullus
1605 2699 1814 2739 unquam

223 2875 237 2894 5
274 2874 324 2902 De
339 2875 404 2902 hae
420 2873 694 2908 congregatione
710 2873 789 2901 vide
805 2880 892 2908 quae
910 2873 1056 2901 diximus
1072 2872 1105 2901 in
1121 2877 1146 2901 t.
1163 2872 1205 2907 ΙΙ,
1226 2881 1294 2908 pag
1327 2873 1389 2908 668,
1405 2876 1522 2901 annot.
1538 2873 1568 2901 7.

224 2922 239 2942 4
276 2921 389 2957 Scipio
405 2922 553 2955 Rebiba,
568 2922 608 2949 de
624 2929 691 2956 quo
712 2921 789 2948 vide
807 2925 817 2948 t
847 2929 884 2957 11,
898 2929 977 2956 pag.
993 2921 1056 2956 669,
1071 2925 1192 2949 annot.
1214 2923 1239 2950 1.
