2028 3328
161 162 228 199 112
672 161 900 199 LITTERAE
919 170 1278 204 QUADRIMESTRES

151 261 209 301 si.
243 259 360 311 Ipsis
390 258 516 299 feriis
545 258 847 298 Pentecostes
874 257 920 297 in
949 257 1130 298 duobus
1157 257 1310 310 pagis,
1341 257 1387 297 in
1415 256 1618 297 dioecesi
1651 255 1793 298 Seno-

153 331 289 372 nensi
311 329 427 381 sitis,
452 329 702 370 conciones
724 328 866 368 habui
888 339 994 369 cum
1013 328 1167 368 fructu
1191 328 1453 368 animarum
1473 328 1696 379 vberiori,
1716 328 1794 380 qui

156 402 257 442 Deo
285 400 467 441 auctori
495 405 718 451 acceptus
747 398 940 439 feratur.
973 397 1259 439 Procurator
1294 398 1528 449 generalis
1556 398 1700 450 Regis
1727 405 1794 439 at—

152 485 246 525 que
276 472 536 512 aduocatus
568 470 744 521 Regius
765 469 1032 510 iudicarunt
1050 470 1260 521 auspicia
1291 469 1569 509 concionum
1600 469 1647 509 in
1679 469 1794 510 aede

156 544 267 584 Diui
298 543 497 584 Cosmae
526 542 661 593 (quae
695 546 856 581 nostra
885 546 955 581 est
987 540 1223 592 paroecia)
1254 540 1388 580 nobis
1416 539 1631 580 facienda
1671 551 1790 591 esse3

152 614 240 655 ‘sed
260 614 370 655 dum
402 614 607 654 animum
633 612 857 664 Episcopi
884 623 910 651 a
942 611 1076 652 nobis
1107 611 1442 651 alienissimum
1464 611 1793 662 intelligerent.

160 687 365 726 animum
387 690 525 736 atque
546 683 765 724 affectum
795 682 1090 734 remiserunt,
1121 693 1175 722 ac
1204 681 1343 722 modo
1376 682 1527 722 silent.
1558 681 1697 723 Certe
1719 682 1797 722 do·

157 769 244 798 nec
265 756 475 798 serenior
508 766 624 795 aura
644 754 779 794 nobis
808 753 1045 805 affulgeat,
1069 754 1151 793 vix
1181 764 1289 804 spes
1316 753 1542 793 relucebit
1562 752 1797 794 Vberioris

157 830 338 870 fructus
366 833 444 868 aut
472 825 746 867 incrementi
774 824 1037 876 Societatis;
1068 836 1178 865 nam
1206 830 1433 876 quantum
1461 824 1677 876 exemplo
1700 835 1796 864 mo-

158 906 328 941 uentur
347 904 509 939 nostro
531 896 590 937 ad
610 897 832 949 pietatem
853 902 897 937 et
926 896 1227 948 perfectionis
1257 895 1477 946 studium,
1508 901 1692 936 tantum
1723 907 1794 935 ca-

157 971 346 1012 lumniis
382 970 623 1010 hominum
650 969 944 1009 deterrentur
975 968 1033 1009 ab
1060 967 1257 1008 instituti
1287 967 1436 1008 nostri
1463 968 1668 1019 sequela.
1692 966 1798 1007 Non

159 1042 298 1083 veriti
328 1047 434 1082 sunt
460 1040 649 1093 quidam
678 1040 725 1080 in
752 1039 939 1092 publica
961 1050 1122 1079 mensa
1150 1038 1409 1079 Sorbonica
1437 1050 1525 1078 nos
1561 1038 1799 1090 appellare

158 1114 294 1165 regni
314 1114 652 1165 exploratoreS,
676 1110 800 1162 quod
820 1111 1029 1151 nonnulli
1050 1115 1207 1150 essent
1238 1110 1466 1159 extranei,
1491 1121 1670 1162 nosque
1692 1121 1799 1150 cen-

157 1198 293 1227 suere
316 1185 493 1225 alienos
515 1183 644 1224 ciues
664 1193 884 1233 grauare,
909 1181 1033 1233 quod
1054 1182 1379 1232 eleemosynas
1408 1181 1464 1221 ab
1494 1179 1800 1221 offerentibus

157 1257 464 1309 excipiamus.
498 1253 697 1306 Quidam
731 1253 910 1293 Doctor
944 1253 991 1293 in
1026 1253 1213 1303 templo,
1251 1252 1298 1292 in
1331 1252 1517 1303 publico
1554 1252 1801 1292 hominum

156 1334 408 1378 conuentu,
433 1326 543 1367 dum
568 1337 627 1366 ex
647 1324 939 1377 praescripto
961 1323 1141 1364 Decani
1168 1323 1474 1375 diplomatum
1496 1323 1801 1364 examinatio-

159 1402 208 1442 ni
228 1401 454 1440 interesse
475 1402 741 1449 rogaretur,
765 1407 846 1447 per
873 1394 1099 1435 famulum
1121 1394 1288 1435 domus
1316 1400 1507 1434 nostrae
1533 1395 1803 1446 procaciter

156 1469 594 1513 stomachabundus
615 1466 913 1508 exclamauit:
943 1466 1058 1506 “Par
1087 1471 1247 1506 nostre
1275 1466 1411 1506 dame
1441 1478 1502 1506 on
1522 1478 1642 1506 vous
1663 1466 1802 1507 debu-

162 1543 251 1584 roit
271 1549 376 1583 tous
398 1541 577 1582 donner
596 1541 638 1579 le
657 1538 768 1589 foet,
794 1543 838 1578 et
860 1538 1052 1578 chasser
1073 1537 1129 1578 de
1146 1539 1189 1577 la
1210 1538 1334 1578 ville.
1359 1537 1515 1589 Voyla
1537 1549 1644 1578 mon
1668 1537 1804 1578 aduis

158 1627 252 1667 que
269 1613 313 1666 je
335 1614 579 1664 donneray
601 1610 654 1661 ¹.‚‚

242 1685 369 1726 Idem
391 1695 476 1725 nos
497 1689 636 1723 antea
666 1682 850 1723 adunco
880 1692 997 1722 naso
1026 1679 1336 1732 suspenderat
1364 1680 1454 1720 hac
1482 1681 1805 1722 subsannatio-

161 1769 236 1798 ne:
264 1756 441 1808 “Voyla
468 1767 560 1795 vne
589 1754 707 1795 belle
736 1753 969 1805 Religion,
993 1764 1083 1793 une
1114 1752 1231 1792 belle
1258 1751 1517 1803 Religion„
1542 1751 1714 1793 Mirum
1735 1760 1806 1794 est

160 1834 390 1881 quantum
419 1827 654 1880 patiamur
684 1825 932 1866 occasione
959 1824 1175 1874 nominis,
1202 1835 1292 1875 quo
1323 1822 1572 1864 Societatis
1603 1824 1806 1865 nominis

158 1901 274 1953 Jesu
295 1899 601 1951 appellamur,
619 1897 853 1950 plerisque
869 1895 1173 1947 arrogantiae
1189 1895 1235 1935 id
1252 1894 1577 1935 tribuentibus.
1603 1894 1805 1946 Quidam

163 1970 556 2020 nomenclatores,
585 1968 791 2022 Jesuitas
818 1978 904 2008 nos
933 1966 1190 2017 nominant,
1213 1966 1457 2006 breuitatis
1480 1972 1730 2017 praetextu
1756 1978 1807 2007 se

164 2041 481 2082 defendentes.
504 2040 665 2092 Itaque
690 2038 892 2090 vndique
914 2038 1040 2079 omni
1068 2037 1217 2077 dicaci
1240 2037 1401 2088 lingua
1422 2037 1801 2088 perstringimur.

165 2113 305 2154 Faxit
329 2112 468 2166 Jesus
488 2111 717 2161 Christus,
742 2116 792 2150 vt
821 2109 880 2150 ad
909 2109 1182 2160 obsequium
1203 2108 1390 2149 diuinae
1411 2108 1671 2148 maiestatis
1693 2119 1807 2149 suae

162 2184 377 2225 serenior
397 2194 514 2224 aura
535 2182 670 2223 nobis
691 2181 882 2222 tandem
911 2180 1100 2232 aspiret.
1126 2179 1379 2220 Precamur
1407 2191 1501 2220 vno
1524 2191 1604 2220 ore
1625 2191 1803 2230 omnes,

166 2261 219 2295 vt
246 2254 409 2306 optimi
434 2254 523 2294 Dei
555 2253 823 2304 benignitas
851 2251 1189 2292 Paternitatem
1224 2256 1354 2291 tuam
1380 2250 1514 2291 nobis
1543 2250 1621 2291 diu
1649 2257 1806 2291 seruet

165 2327 464 2376 incolumem,
488 2336 629 2376 quam
650 2324 967 2374 obsecramus,
990 2328 1042 2362 vt
1062 2334 1148 2363 nos
1169 2322 1387 2374 precibus
1403 2322 1566 2362 iuuare
1588 2322 1807 2373 dignetur

169 2397 316 2437 variis
337 2396 574 2437 aerumnis
596 2395 815 2447 agitatos.

249 2467 479 2518 Lutetiae,
504 2466 721 2508 Calendis
743 2465 1029 2518 Septembris
1054 2465 1170 2505 1554.

248 2538 322 2579 Ex
342 2538 537 2590 imperio
559 2537 651 2578 Rdi
668 2537 821 2578 Patris
838 2536 1103 2589 Praepositi
1121 2536 1336 2588 Magistri
1354 2535 1598 2577 Paschasii
1614 2535 1806 2576 Broetii.

251 2608 305 2649 R.
319 2609 382 2636 dae
399 2609 447 2649 P.
472 2615 579 2649 tuae
600 2608 1049 2661 obsequentissimus
1071 2608 1207 2659 filius,

1033 2748 1279 2791 ROBERTUS
1311 2749 1647 2792 CLAvssomus.

229 2936 240 2957 ¹
277 2936 343 2963 Per
358 2936 396 2965 Β.
412 2935 591 2970 Virginem
607 2938 781 2970 oporteret
795 2942 857 2963 vos
872 2942 986 2963 omnes
1007 2935 1154 2970 flagellis
1175 2935 1318 2972 caedere
1341 2938 1374 2962 et
1397 2943 1438 2962 ex
1458 2936 1542 2963 urbe
1564 2935 1700 2971 ejicere:
1723 2935 1810 2964 hacc

170 2987 227 3011 cst
242 2991 318 3012 mea
332 2984 504 3012 sententia
518 2991 620 3018 quam
634 2984 768 3011 laturus
782 2990 866 3011 sum.
883 2983 1068 3017 Pommcus,
1083 2984 1105 3011 l.
1121 2990 1162 3018 c.‚
1176 2990 1255 3018 pag.
1271 2982 1335 3017 324,
1358 2990 1390 3011 n.
1405 2982 1468 3010 692.
