2028 3328
844 101 881 134 A
889 109 927 134 Ν.
959 97 1049 133 1555
1699 95 1772 132 380

138 194 260 244 pulo,
293 195 507 235 recitant.
541 194 670 246 Quae
692 206 767 234 res
789 200 833 234 et
862 194 1099 234 insolitum
1127 193 1392 233 auditorum
1414 203 1695 232 concursum
1727 198 1770 232 et

139 276 369 305 summam
396 266 577 306 cunctis
599 266 959 306 admirationem
981 264 1146 304 adfert.
1171 264 1221 303 ln
1251 264 1338 303 hac
1366 269 1522 303 autem
1544 264 1619 314 pia
1643 275 1768 303 exer-

139 336 362 376 citatione
384 337 457 376 hic
481 337 759 378 obseruatus
779 336 945 376 modus
967 342 1010 375 et
1033 336 1162 375 ordo.
1184 333 1350 375 Statim
1368 341 1506 384 atque
1525 334 1770 373 conciona-

138 414 211 446 tor
232 407 370 447 finem
392 408 606 448 concioni
628 419 740 448 suae
768 407 1002 458 imposuit,
1034 418 1158 456 mOX,
1188 418 1242 445 eo
1271 418 1297 445 a
1326 410 1550 455 suggesto
1583 404 1769 444 descen-

139 478 292 528 dente,
322 479 367 518 in
398 479 519 519 idem
548 478 758 519 ascendit
787 478 1062 528 catechista3
1085 477 1216 528 pueri
1243 487 1372 526 vero,
1400 475 1692 526 longiuscule
1715 476 1771 513 ab

140 549 341 589 inuicem
357 550 510 600 positi,
530 551 576 590 in
594 550 835 590 altioribus
852 549 1053 598 sedibus,
1079 548 1249 599 tapetis
1266 547 1520 591 exornatis,
1543 546 1754 585 collocan

139 626 228 669 tur,
253 632 343 671 quo
372 622 536 661 melius
567 622 623 661 ab
655 621 870 661 omnibus
900 626 944 660 et
973 620 1326 671 conspiciantur
1356 624 1401 658 et
1435 617 1770 668 intelligantur,

137 703 333 742 quorum
356 694 474 731 alter
505 694 702 733 alterum
730 693 1005 742 interrogat,
1030 693 1148 731 alter
1175 702 1289 730 vero
1319 689 1593 740 respondet,
1625 689 1773 728 donec

137 763 442 802 catecheseos
456 763 665 815 praefixa
683 764 837 815 capita
856 762 1159 811 absoluerint‚
1177 773 1267 813 quo
1285 768 1493 812 peracto,
1515 759 1773 800 catechista

137 833 288 872 denuo
311 835 611 885 quaestiones
633 835 808 886 aliquot
830 846 857 874 a
879 845 1024 886 puero
1047 833 1359 884 respondente
1382 831 1542 882 exigit,
1569 842 1686 882 quas
1707 829 1770 869 fu-

137 903 247 952 sius,
272 906 443 956 populo
466 906 713 958 diligenter
729 906 960 955 audiente,
986 905 1205 956 explieat.
1231 903 1434 943 Maiores
1456 913 1586 952 vero,
1612 907 1775 953 vtpotc

138 976 434 1026 superiorum
469 978 683 1017 ordinum
723 976 956 1028 discipuli,
993 987 1168 1016 nouum
1203 974 1399 1025 posthac
1435 973 1774 1013 catechismum

140 1054 246 1086 sunt
284 1048 502 1087 audituri.
540 1047 699 1100 Nuper
734 1046 964 1099 siquidem
996 1046 1146 1097 Regia
1180 1045 1403 1085 Maiestas
1436 1044 1446 1064 ¹
1482 1044 1584 1084 R.d0
1610 1043 1657 1083 P.
1691 1043 1774 1084 Ca-

140 1117 275 1167 nisio‚
300 1119 448 1158 variis
472 1119 578 1159 licet
599 1119 839 1159 laboribus
862 1130 978 1170 pene
995 1118 1177 1166 obruto,
1199 1116 1399 1157 iniunxit
1416 1122 1466 1156 vt
1483 1115 1539 1155 de
1561 1115 1774 1155 doctrina

140 1189 399 1229 christiana
435 1190 639 1230 libellum
673 1190 992 1239 concinnaret,
1026 1189 1103 1240 qui
1132 1189 1179 1228 in
1208 1188 1422 1228 omnibus
1453 1198 1645 1227 suarum
1671 1197 1774 1237 pro—

140 1260 403 1301 uinciarum
424 1261 545 1301 ludis
564 1262 807 1302 litterariis
827 1262 1199 1313 praelegeretur,
1225 1259 1619 1312 quemadmodum
1639 1257 1687 1297 P.
1713 1258 1770 1297 V.

140 1331 331 1372 minime
352 1333 480 1372 latet.
504 1332 553 1373 Id
573 1344 697 1373 nunc
719 1344 835 1385 opus
857 1333 904 1373 in
930 1333 1076 1373 multa
1105 1331 1443 1382 exemplarium
1471 1330 1616 1370 millia
1638 1341 1774 1369 excu·

138 1413 242 1442 sum
261 1410 346 1453 est;
366 1404 504 1454 vnde,
524 1410 748 1455 quantum
766 1403 1064 1444 emolumenti
1081 1403 1139 1443 sit
1157 1412 1475 1451 accessurum,
1495 1400 1632 1440 facile
1654 1400 1776 1451 quis-

139 1485 281 1525 quam
302 1475 524 1525 colligere
544 1481 713 1526 potest.
737 1474 874 1516 Certe
896 1487 990 1515 non
1011 1474 1198 1514 Videtur
1220 1473 1297 1513 illa
1320 1478 1557 1524 postrema
1578 1471 1772 1517 vtilitas,

137 1545 263 1596 quod
285 1545 374 1585 hac
395 1546 578 1586 ratione
608 1552 676 1586 tot
695 1545 918 1598 pestifera
946 1545 1342 1586 catechismorum
1369 1548 1602 1595 portenta,
1628 1554 1652 1582 e
1681 1554 1775 1582 ma-

137 1616 274 1656 nibus
296 1617 575 1667 praesertim
599 1616 872 1668 juuentutis,
902 1617 1212 1657 excutientur.
1236 1615 1368 1655 Haec
1391 1615 1447 1655 de
1477 1614 1652 1654 scholis
1683 1614 1774 1653 suf-

137 1687 313 1738 ficiant;
338 1688 397 1727 ad
414 1688 734 1729 confessiones
754 1700 811 1729 ac
832 1700 994 1728 earum
1015 1688 1198 1728 fructus
1219 1699 1292 1727 me
1315 1685 1521 1726 confero.

216 1757 409 1799 Plurimi
439 1759 666 1811 homines,
700 1760 841 1800 etiarn
868 1760 1170 1810 germanicae
1197 1757 1427 1807 nationis,
1461 1757 1507 1796 in
1537 1755 1770 1808 principio

138 1830 546 1881 quadragesimae,
565 1831 776 1882 deposita
792 1831 930 1882 graui
947 1841 1139 1871 suorum
1155 1835 1460 1881 peccatorum
1478 1827 1681 1876 sarcina,
1703 1838 1769 1866 sa—

138 1912 268 1941 cram
281 1901 628 1942 Eucharistiam
640 1907 953 1953 sumpserunt,
969 1901 1217 1942 occasione
1231 1899 1450 1940 videlicet
1463 1897 1769 1949 indulgentia-

139 1983 256 2023 rum,
282 1984 399 2024 quas
420 1972 598 2012 foelicis
620 1972 960 2013 recordationis
972 1971 1306 2013 Sanctissimus
1323 1976 1482 2010 noster
1496 1968 1646 2021 Julius
1664 1968 1771 2008 Ter-

139 2043 245 2093 tius,
271 2044 328 2083 ob
346 2044 650 2084 laetissimam
666 2044 801 2094 regni
818 2043 1069 2095 Anglicani
1089 2042 1409 2083 reductionem
1427 2053 1482 2081 ac
1498 2041 1772 2092 resipiscen-

138 2115 252 2154 tiam
272 2115 477 2156 indulsit.
511 2115 614 2167 Qua
641 2116 688 2155 in
719 2127 769 2155 re
799 2122 1010 2156 nostram
1038 2122 1163 2155 certe
1185 2120 1229 2154 et
1260 2113 1466 2153 omnium
1488 2114 1553 2161 (Vt
1584 2112 1775 2152 omnino

140 2187 395 2226 verisimile
418 2187 502 2237 est)
524 2188 665 2238 longe
685 2187 901 2227 vicerunt
924 2186 1315 2238 expectationem.

221 2257 337 2298 Cum
367 2258 491 2298 enim
521 2264 677 2298 essent
705 2258 865 2298 nescio
896 2258 973 2310 qui
1002 2265 1156 2298 motus
1188 2257 1234 2297 in
1255 2256 1428 2307 populo
1460 2255 1548 2295 hoc
1581 2255 1772 2295 excitati

139 2340 224 2380 per
245 2329 355 2369 noui
376 2329 620 2369 cuiusdam
637 2329 986 2370 concionatoris
1006 2334 1020 2353 2
1040 2339 1206 2380 parum
1228 2327 1485 2368 catholicas
1502 2326 1768 2376 conciones,

138 2406 358 2451 poterant
379 2400 548 2440 aemuli
569 2401 718 2440 nostri
744 2412 799 2441 ac
821 2412 964 2441 verae
990 2399 1177 2452 pietatis
1199 2410 1360 2439 osores
1387 2398 1657 2438 existimare
1685 2398 1775 2437 has

139 2482 303 2511 sacras
342 2471 659 2522 indulgentias
693 2472 870 2512 nullum
904 2472 1057 2512 locum
1098 2470 1310 2510 Viennae
1349 2469 1638 2509 inuenturas
1680 2467 1772 2509 Sed

138 2541 267 2582 Deus
289 2548 384 2594 opt.
408 2554 533 2583 max.
560 2554 678 2594 quos
698 2542 829 2583 nouit
849 2554 961 2583 suos
978 2541 1216 2591 excitauit,
1240 2546 1284 2580 et
1301 2540 1348 2580 in
1364 2539 1648 2592 perfidorum
1664 2551 1771 2580 con-

137 2612 369 2653 fusionem
390 2612 450 2653 ad
470 2613 592 2654 hanc
612 2613 818 2665 gratiam
835 2624 1008 2664 magna
1031 2623 1138 2653 cum
1159 2611 1406 2651 deuotione
1424 2611 1773 2662 suscipiendam

138 2684 459 2725 inflammauit.
483 2684 688 2737 Tempus
710 2690 866 2725 autem
886 2684 972 2724 has
998 2683 1298 2736 promerendi
1326 2683 1386 2722 ad
1419 2682 1466 2722 15
1487 2682 1584 2722 dies
1605 2682 1766 2734 perdu‘

193 2821 201 2840 ¹
243 2819 480 2847 Ferdinandus
494 2819 520 2853 1,
535 2819 766 2848 Romanorum
779 2820 864 2847 Rex.

190 2870 203 2888 ‘-'
242 2867 438 2895 Sebastiani
454 2867 618 2902 Phauser,
634 2867 858 2895 Maximiliani
873 2866 904 2894 ΙΙ
919 2866 1248 2901 concionatoris‚qui
1261 2866 1324 2894 hoc
1340 2870 1492 2901 tempore
1506 2866 1660 2893 Viennae
1673 2865 1773 2900 dege-

136 2917 208 2944 bat.
225 2915 274 2943 Cf.
290 2915 572 2950 BRAUNSBERGER,
590 2915 725 2943 Canisii
739 2915 917 2950 epistulae
931 2917 964 2942 et
979 2917 1071 2946 acta,
1086 2919 1109 2942 t.
1126 2921 1146 2948 1,
1162 2914 1368 2949 praesertim
1383 2921 1461 2949 pag,
1474 2914 1537 2942 524.
