2028 3328
152 109 215 144 144
669 104 895 141 LITTERAE
911 114 1269 146 QUADRIMESTRssb

140 216 351 253 seruare,
377 214 460 254 pro
484 202 651 253 quibus
677 200 730 240 V.
756 199 805 240 Ρ.
831 200 889 240 ad
912 199 1125 240 eumdem
1148 211 1312 250 preces
1334 205 1377 238 et
1410 197 1640 238 sacrificia
1665 209 1782 238 sem-

145 287 230 327 per
253 275 571 325 imploramus.

228 345 440 395 Louanii,
466 344 527 384 ΒΡ
548 343 654 383 [dus
676 342 961 394 Septembris
986 342 1100 382 1554.

468 415 527 455 V.
553 414 602 454 Ρ.
628 414 848 465 indignus
869 426 1048 463 seruus,

1095 557 1350 597 ARNOLDUS
1381 555 1569 594 Hsszms.

231 774 340 814 Alia
372 784 515 813 mann
549 772 598 812 in
634 775 807 823 quarta
838 770 1046 822 pagiua:
1081 770 1194 810 1554.
1230 769 1458 818 Lovanio,
1500 767 1543 807 11
1582 766 1788 818 Septem-

150 846 262 886 bris.
288 845 437 896 Quad.

829 1267 1131 1323 GOGXXV

228 1498 421 1536 Annibal
441 1509 466 1536 a
484 1496 707 1536 Coudreto

277 1565 401 1602 Patri
420 1564 591 1612 Ignatio
611 1563 665 1601 de
686 1563 865 1611 Loyola.

326 1630 546 1675 Messana,
570 1629 614 1666 13
632 1627 904 1676 Septembris
927 1627 1017 1664 1554
1037 1628 1061 1661 ¹.

973 1768 999 1813 †
1025 1835 1029 1838 .

241 1911 384 1951 Molto
407 1909 514 1950 R.<10
538 1910 584 1950 in
606 1909 793 1950 Christo
819 1908 864 1948 Ρ.

240 1982 306 2022 La
328 1982 484 2033 gratia
506 1987 550 2022 et
572 1992 686 2033 pace
709 1980 753 2020 di
774 1980 858 2021 Χ.Ο
878 1978 1078 2030 Signore
1100 1985 1263 2019 nostro
1285 1988 1469 2029 sempre
1491 1976 1561 2016 sia
1586 1987 1644 2015 ne
1666 1975 1801 2015 cuori

157 2054 327 2094 nostri.
354 2052 519 2093 Amen.

244 2124 406 2175 Quello
442 2124 528 2164 che
555 2135 646 2175 qua
671 2124 707 2163 s'
741 2122 800 2163 ha
828 2122 946 2162 fatto
978 2122 1128 2173 questi
1160 2121 1184 2160 4
1212 2121 1328 2161 mesi
1354 2123 1378 2159 e
1408 2130 1545 2170 pOCO‚
1576 2117 1800 2158 massime

157 2201 438 2247 comparato
462 2195 578 2235 colle
612 2205 721 2234 cose
749 2193 835 2233 che
862 2193 968 2233 dall’
1000 2194 1116 2233 altre
1147 2191 1299 2232 bande
1327 2190 1530 2231 udiamo.
1567 2188 1691 2230 Sono
1726 2188 1803 2228 doi

165 2267 271 2307 delli
306 2266 541 2307 sacerdoti
568 2265 613 2305 di
640 2277 766 2315 casa,
797 2264 868 2305 ch’
895 2264 1014 2304 oltra
1037 2263 1154 2303 delle
1176 2262 1397 2314 prediche
1420 2260 1654 2301 ordinarie
1676 2259 1798 2300 della

164 2338 323 2378 chiesa
350 2342 528 2388 nostra,
558 2336 813 2388 predicano
836 2335 947 2386 ogni
978 2334 1245 2374 settimana.
1279 2331 1556 2382 Predieano,
1580 2329 1802 2371 etiamdio

159 2409 271 2448 *altri
293 2409 400 2448 delli
421 2407 576 2457 Padri‚
603 2419 679 2447 ma
700 2419 793 2447 non
815 2411 839 2447 e
866 2407 988 2446 cossi
1012 2405 1265 2446 ordinario.
1291 2403 1398 2444 Vno
1428 2402 1506 2454 poi
1527 2414 1586 2442 ua
1609 2413 1636 2441 3
1658 2400 1803 2441 Santo

166 2479 379 2531 Philippo
400 2478 413 2498 ²²
436 2480 547 2530 ogni
571 2479 817 2519 domenica
839 2476 1045 2518 secundo
1068 2476 1099 2516 il
1120 2477 1272 2516 solito.
1295 2475 1432 2515 Hano
1454 2474 1519 2525 gli
1548 2471 1804 2513 Messenesi

166 2550 332 2600 grand’
367 2550 644 2590 abundanza
675 2550 796 2590 della
825 2549 1005 2601 parona
1044 2547 1118 2588 del
1147 2546 1333 2598 Sign0r3
1375 2544 1628 2597 imperoch’
1659 2543 1706 2583 in
1735 2550 1804 2582 tre

221 2733 231 2753 ¹
270 2733 529 2767 Aulogmphae,
546 2737 638 2761 totae
655 2741 754 2761 manu
771 2733 884 2761 Patris
905 2733 1083 2760 Annibalis
1099 2733 1138 2760 dc
1155 2732 1337 2765 Condi-eto,
1365 2731 1397 2758 in
1421 2729 1500 2757 folio
1522 2728 1658 2763 duplici,
1684 2728 1716 2754 in
1731 2734 1810 2761 quo-

169 2789 243 2808 rum
256 2781 364 2815 primo
381 2785 514 2808 tantum
530 2785 580 2807 est
595 2788 625 2808 n.
637 2781 701 2807 165.

220 2829 233 2848 2⁷
271 2828 308 2856 In
332 2828 512 2856 ecclesiam
534 2828 706 2855 Abbatiae
731 2827 848 2855 Sancti
871 2827 1018 2862 Philippi
1041 2827 1200 2858 Grandis,
1226 2827 1268 2853 ad
1300 2833 1401 2860 quam
1421 2825 1493 2860 jam
1519 2823 1806 2858 praecedentibus

171 2876 270 2903 annis
283 2875 373 2902 mitti
389 2874 567 2902 consuevit
579 2874 842 2902 concionaturus
858 2874 893 2901 P.
909 2874 1056 2907 Joannes
1072 2874 1247 2909 Philippus
1263 2872 1416 2900 Casinus.
1431 2870 1518 2899 Vide
1538 2870 1686 2897 POLANC1
1710 2869 1811 2897 Chro-

167 2924 287 2957 micon,
306 2927 330 2951 t.
345 2930 380 2957 11,
396 2931 473 2957 pag.
491 2923 554 2956 521,
572 2930 626 2950 nn.
642 2922 776 2950 305-307.
