2028 3328
170 145 238 182 16³.
682 143 909 181 LITTERAE
937 155 1296 187 QUADRlMEsTREs

248 240 458 280 Essendo
482 240 653 280 andato
675 240 705 280 il
739 239 1035 291 predicatore
1059 241 1068 259 ¹
1092 252 1174 292 per
1210 240 1363 280 alcuni
1394 240 1549 290 giomi
1571 239 1616 279 di
1638 246 1803 291 questa

169 319 317 352 estate
345 318 537 363 passata
566 312 612 351 in
646 310 865 361 Messina‚
903 311 962 350 ha
997 311 1113 351 fatto
1136 312 1165 351 il
1201 311 1399 362 Signore
1430 322 1513 362 per
1534 322 1619 350 sua
1642 310 1802 351 diuina

168 384 398 424 liberalita
419 390 461 422 et
481 382 801 422 misericordia
819 383 904 422 che
921 384 963 422 la
982 383 1159 423 dimora
1178 382 1383 422 etiandio
1402 382 1474 421 nel
1493 382 1684 433 uiaggio
1706 394 1800 422 non

169 459 193 495 e
215 460 338 494 stata
360 454 522 501 otiosa;
557 453 868 493 conciosiach’
902 455 1019 493 costi
1041 465 1066 493 a
1103 453 1307 493 Messina
1340 452 1523 492 diuerse
1545 456 1669 493 uolte
1690 459 1734 493 et
1755 453 1802 493 in

168 526 289 566 uarii
310 525 473 575 luoghi
493 525 582 575 egl'
608 525 667 564 ha
696 523 937 575 predicato
973 536 1062 564 con
1091 525 1234 565 frutto
1271 531 1315 563 et
1351 523 1644 564 edificatione
1678 524 1802 575 degli

170 596 399 646 auditori,
425 602 468 635 et
500 596 542 635 al
566 595 743 635 ritorno
765 607 938 636 ancora
962 602 1004 635 et
1040 598 1113 636 nel
1148 595 1333 635 camino
1368 606 1462 635 non
1497 595 1557 634 ha
1584 602 1807 636 mancato

169 668 396 720 spendere
419 667 473 706 de
496 667 568 706 cio
603 666 673 706 ch'
708 667 749 706 el
783 665 980 718 Signore
1018 679 1106 707 con
1142 679 1246 706 esso
1282 665 1561 717 compartito
1582 665 1732 706 hauea
1756 667 1802 706 in

169 739 360 779 seruitio
383 744 427 778 et
448 737 715 778 edification
735 737 852 778 delle
875 738 1050 788 anime,
1076 737 1365 789 predicando
1389 737 1435 777 in
1457 737 1612 777 alcuni
1642 737 1802 788 luoghi

170 821 281 850 ouer
310 810 524 859 castella,
554 808 772 849 massime
801 808 847 848 in
875 821 967 849 uno
995 809 1115 849 della
1138 807 1342 859 Signora
1368 807 1636 858 Duchessa‚
1669 808 1806 848 ritro-

168 881 368 921 uandosi
391 892 508 920 anco
531 887 749 931 presente
769 881 797 919 l'
821 880 953 920 Ecc.e
975 881 1100 920 loro:
1125 880 1169 919 di
1202 885 1321 919 tutto
1352 879 1422 919 sia
1455 879 1736 930 ringratiato
1771 879 1802 920 il

169 958 333 993 auctor
354 952 395 992 d'
419 952 531 1002 ogni
552 951 684 991 bene.

247 1023 282 1064 Il
316 1023 571 1063 medesimo
613 1029 656 1062 et
696 1023 787 1062 alla
826 1022 1080 1062 medesima
1120 1022 1441 1073 predicatione
1480 1021 1541 1062 ha
1581 1027 1731 1062 atteso
1771 1022 1800 1061 11

168 1095 215 1135 P.
250 1094 356 1135 Don
378 1093 536 1143 Paulo,
561 1099 605 1134 et
626 1105 745 1133 anco
767 1105 829 1134 un
849 1099 1003 1144 tempo
1026 1094 1057 1133 il
1079 1093 1128 1133 Ρ.
1152 1093 1356 1144 Elpidio,
1382 1093 1502 1144 quel'
1527 1099 1684 1144 tempo
1714 1093 1803 1133 che

168 1166 261 1217 egli
282 1166 438 1206 hanno
456 1165 688 1206 dimorato
711 1166 753 1205 la
774 1165 838 1205 2³
867 1165 994 1204 uolta
1014 1165 1135 1204 nella
1154 1164 1291 1204 uisita
1314 1164 1434 1204 della
1456 1164 1632 1204 diocesi
1653 1164 1699 1205 di
1721 1163 1807 1205 Ce-

167 1237 301 1288 fallu,
334 1237 377 1277 al
406 1236 530 1277 Vic.⁰
563 1236 609 1276 di
635 1235 900 1287 Agrigento
928 1235 941 1254 ²
972 1242 1016 1275 et
1038 1248 1065 1275 a
1093 1236 1194 1275 loro
1222 1247 1504 1285 commessa,
1538 1237 1701 1286 longa,
1726 1247 1802 1275 ma

167 1320 261 1348 non
285 1309 405 1348 men'
425 1308 534 1347 utile
550 1314 593 1348 et
610 1307 857 1356 fruttuosa,
877 1306 1165 1347 risormando
1187 1306 1217 1345 il
1239 1307 1378 1356 clero,
1398 1306 1636 1357 togliendo
1654 1306 1805 1354 abusi,.

166 1380 195 1419 l'
218 1391 374 1429 usure,
398 1379 572 1431 periuri
594 1385 639 1418 et
662 1378 784 1418 mille
806 1377 911 1417 altri
932 1378 1042 1417 mali
1064 1376 1359 1417 sradicando.
1397 1376 1477 1418 Sia
1499 1378 1747 1418 benedetto
1770 1377 1802 1417 il

166 1450 384 1502 Signore.

247 1521 379 1563 Oltra
394 1523 420 1561 l’
437 1522 676 1561 essercitio
694 1522 812 1561 delle
834 1521 940 1570 (sic)
956 1521 1200 1572 predicare
1218 1528 1262 1560 et
1284 1521 1538 1560 confessar'
1556 1521 1801 1570 continuo,

167 1595 203 1633 s'
230 1593 419 1633 attende
442 1605 467 1632 a
490 1593 586 1632 dar'
609 1592 673 1643 gli
695 1592 923 1632 essercitii
944 1591 1190 1642 spirituali,
1214 1597 1258 1631 et
1279 1603 1329 1631 se
1350 1592 1422 1631 n'e
1444 1592 1553 1632 dato
1576 1598 1620 1632 et
1643 1591 1797 1631 danno

168 1677 195 1705 a
216 1665 366 1715 molti,
391 1671 434 1704 et
455 1663 512 1703 da
536 1664 664 1703 molti
686 1675 774 1703 con
789 1662 1020 1703 desiderio
1039 1663 1136 1702 son’
1154 1663 1317 1703 chiesti
1336 1670 1379 1703 et
1396 1663 1670 1710 dimandati‚
1691 1663 1804 1703 ben-

168 1736 238 1776 ch'
257 1736 298 1776 el
317 1747 511 1775 numero
534 1735 576 1775 d'
597 1734 890 1774 essercitanti
912 1734 980 1774 sia
1001 1735 1093 1774 tale
1114 1741 1158 1774 et
1181 1746 1262 1786 per
1285 1737 1321 1774 si
1343 1734 1461 1774 fatto
1491 1719 1629 1774 modo
1661 1734 1732 1774 ch'
1758 1735 1800 1773 el

167 1807 353 1858 bisogni
374 1808 413 1846 c’
439 1805 677 1846 attendino
698 1805 831 1857 quasi
854 1805 960 1845 tutti
981 1806 1128 1845 nostri
1159 1804 1419 1846 Sacerdoti.
1451 1805 1525 1846 Un
1551 1805 1802 1845 licenciato

167 1880 213 1919 in
235 1877 471 1929 theologia
495 1883 539 1917 et
559 1878 753 1928 general
775 1876 966 1917 Vicario
988 1876 1034 1916 in
1056 1888 1148 1916 una
1172 1877 1348 1917 diocesi
1369 1877 1414 1916 di
1444 1883 1608 1928 questo
1631 1887 1798 1927 regno,

166 1949 418 1990 hauendoli
438 1949 554 1989 fatto
577 1948 728 2000 questi
748 1947 916 1999 giorni,
955 1948 988 1987 s'
1025 1951 1049 1987 e
1071 1947 1337 1988 finalmente
1371 1948 1493 1988 uisto
1521 1947 1730 1988 l’effetto
1752 1954 1801 1987 et

165 2021 441 2073 opperation
463 2020 548 2060 che
570 2020 643 2059 nel
666 2020 820 2059 anima
843 2030 926 2058 sua
964 2019 1069 2058 111111>
1104 2018 1220 2058 fatto
1257 2031 1339 2070 per
1373 2019 1405 2059 il
1437 2019 1617 2070 grande
1639 2018 1801 2059 affetto

165 2094 251 2133 che
272 2099 480 2132 monstra
503 2098 622 2131 tutta
644 2091 720 2130 uia
743 2101 882 2130 uerso
904 2091 947 2129 la
971 2090 1263 2141 Compagnia
1285 2102 1379 2130 non
1400 2091 1521 2141 solo,
1540 2101 1616 2130 ma
1638 2090 1795 2129 etiarn-

164 2163 241 2203 dio
263 2164 413 2215 quelle
431 2173 570 2213 opere
592 2162 745 2201 buone
768 2161 853 2201 che
876 2161 920 2201 la
942 2159 1234 2212 Compagnia
1251 2160 1443 2212 predica
1465 2167 1510 2201 et
1531 2161 1729 2212 insegna
1751 2168 1798 2200 et

165 2247 193 2275 a
214 2235 363 2286 quelle
384 2232 688 2274 monstrando
710 2244 798 2272 con
820 2231 1028 2272 efficacia
1049 2238 1093 2272 et
1114 2232 1173 2271 da
1195 2232 1373 2272 douero
1396 2233 1527 2272 uoler
1555 2231 1800 2272 attendere

165 2312 209 2346 et
229 2305 506 2346 essercitare
527 2304 713 2344 intorno
734 2303 766 2343 il
787 2314 870 2342 suo
887 2313 1053 2353 grege;
1072 2303 1103 2343 il
1120 2303 1376 2343 medesimo
1395 2302 1626 2343 desiderio
1644 2308 1688 2342 et
1707 2302 1796 2342 fer-

163 2388 248 2417 uor
270 2377 309 2417 si
330 2375 447 2416 uede
470 2376 517 2415 in
537 2375 667 2415 molti
684 2375 792 2414 altri
809 2374 1018 2414 huomini
1035 2380 1080 2414 et
1097 2373 1250 2414 donne
1267 2380 1312 2414 et
1329 2374 1731 2425 segnalatamente
1748 2373 1795 2412 in

163 2449 329 2488 alcune
350 2446 535 2497 vergini
557 2445 684 2498 quali
703 2456 792 2485 con
809 2445 921 2496 ogni
942 2443 1103 2485 affetto
1123 2445 1422 2485 domandano
1448 2445 1593 2485 uoler'
1617 2444 1798 2484 intrare

162 2519 238 2559 nel
257 2529 380 2558 nouo
402 2517 687 2558 monasterio
723 2522 768 2557 et
798 2516 844 2557 di
878 2527 1036 2556 nuoua
1057 2522 1102 2556 et
1137 2516 1384 2558 risormata
1414 2516 1526 2567 uita,
1562 2514 1636 2555 del
1657 2515 1796 2566 quale

163 2590 279 2630 altre
300 2589 423 2628 uolt-e
446 2589 480 2628 s'
506 2592 530 2628 e
546 2587 662 2627 fatto
683 2587 967 2638 ragguaglio
988 2585 1016 2627 ⁵.

213 2772 223 2793 ¹
263 2771 338 2806 Ipse
359 2772 555 2799 litterarum
582 2771 703 2798 harum
727 2771 884 2805 scriptor,
910 2771 947 2799 P.
968 2769 1114 2798 Michael
1135 2771 1306 2805 Botellus‚
1330 2771 1387 2805 qui
1411 2770 1664 2798 concionatoris
1685 2771 1795 2799 officio

157 2820 342 2855 praecipue
355 2819 561 2853 fungebatur
577 2819 609 2846 in
626 2818 773 2845 ecclesia
797 2822 915 2845 nostra
936 2823 970 2845 et
994 2819 1076 2846 urbe
1101 2818 1276 2846 Panormi.
1305 2818 1391 2845 Vide
1415 2817 1564 2845 POLANC1
1588 2817 1796 2852 chronicon,

159 2874 183 2896 1.
200 2875 247 2901 ιν,
260 2874 340 2902 pag.
353 2866 416 2900 206,
431 2874 462 2893 n⁴
477 2866 540 2899 454,
557 2870 590 2893 ct
602 2873 682 2900 pag.
697 2865 761 2901 211,
777 2873 807 2892 n.
823 2865 885 2893 470.

212 2915 226 2934 ‘2
262 2914 510 2949 Agrigentinus
525 2912 698 2946 Vicarius‚
714 2912 943 2948 Hieronymus
959 2912 998 2939 de
1014 2912 1218 2941 Valentinis,

215 2961 229 2981 3
265 2960 353 2988 Vide
368 2967 483 2994 supra,
496 2967 574 2994 pag.
590 2959 637 2986 59.
