2028 3328
185 132 257 169 368
708 132 934 169 LITTERAE
949 139 1306 174 QUADRIMESTRES

186 228 401 268 manibus
422 229 619 268 alteram
646 228 741 268 uita
778 228 982 278 priuare,
1014 239 1040 267 a
1075 238 1237 266 sorore
1272 232 1455 275 rogata,
1493 236 1587 264 non
1614 234 1821 267 recusat.

185 298 305 339 Nam
327 298 435 339 dum
467 299 710 339 diabolicis
740 298 935 349 insidiis,
961 308 1158 349 quarum
1175 296 1360 347 penitus
1381 296 1648 346 inexpertes
1669 303 1818 346 erant,

184 370 409 422 deceptae
431 370 639 418 audiunt,
663 381 812 418 soror,
838 369 1027 409 conscia
1065 379 1240 417 sorore,
1265 378 1314 406 se
1348 367 1515 417 laqueo
1547 367 1593 406 in
1621 368 1737 407 cella
1758 368 1820 407 ui-

184 441 335 491 naria,
355 441 532 492 ignaris
549 440 836 492 parentibus,
856 439 1114 491 suspendit:
1134 444 1179 477 et
1196 448 1301 477 cum
1318 437 1415 477 fere
1428 437 1545 477 duas
1563 438 1704 478 horas
1723 449 1820 478 sus-

184 524 331 564 pensa
370 512 688 564 pependisset,
733 523 759 551 a
799 509 1068 551 domesticis
1109 509 1330 548 collatum
1369 507 1455 548 fuit
1495 508 1721 549 auxilium
1760 511 1817 559 ei,

178 595 300 635 quae
320 584 560 635 propriam
582 583 788 634 speciem
808 589 1001 633 propter
1022 579 1266 630 sanguinis
1290 579 1499 630 corrupti
1527 579 1819 630 nigredinem

174 654 473 706 deposuerat:
498 665 587 704 quo
611 661 767 694 autem
788 659 928 705 pacto
948 651 1005 691 ad
1024 650 1308 690 domesticos
1324 650 1412 690 hoc
1430 651 1644 701 peruenit
1662 650 1819 701 (credo

178 733 336 766 tamen
366 725 494 775 casu)
533 737 603 765 me
641 724 882 776 praeterit,
920 729 1075 763 tamen
1111 721 1431 772 semimortua,
1470 734 1497 761 a
1531 723 1714 773 laqueo,
1744 722 1820 773 qui

178 796 339 837 fauces
375 796 709 847 restringebat,
748 794 983 846 expedita,
1017 792 1255 833 reuiuixit.
1293 792 1475 832 Deinde
1510 805 1624 833 uero
1659 793 1819 844 (infan-

181 867 329 914 dum!)
351 868 573 919 temporis
597 878 850 918 progressu
878 877 972 905 non
994 866 1156 915 multo,
1179 875 1234 904 ea
1255 864 1373 915 ipsa,
1404 876 1524 915 quae
1546 876 1594 904 se
1630 872 1818 917 suspen-

181 938 328 985 derat,
353 939 398 978 in
420 949 646 987 sororem,
672 949 790 989 quae
826 937 872 976 in
895 935 1273 987 desperationem
1307 935 1550 986 inciderat,
1589 936 1819 976 uiolentas

180 1021 346 1049 manus
368 1010 524 1049 iniecit
545 1008 866 1058 interfectura3
890 1007 971 1047 sed
993 1007 1097 1056 hoe,
1117 1006 1207 1046 nisi
1228 1012 1399 1056 rogata
1423 1018 1449 1046 a
1478 1005 1727 1058 desperata
1749 1019 1818 1047 so-

178 1091 300 1130 rore,
326 1093 418 1120 non
447 1092 562 1120 ausa
596 1080 760 1120 fuisset
786 1078 986 1128 facinus;
1021 1078 1141 1129 quod
1162 1077 1327 1129 patuit,
1366 1089 1490 1129 nam,
1515 1078 1623 1118 licet
1647 1084 1718 1118 ter
1740 1084 1818 1118 aut

177 1157 342 1203 quater
363 1151 538 1191 sororis
559 1157 723 1202 pectus
743 1150 957 1190 laesisset
978 1148 1042 1199 (ut
1074 1149 1369 1189 satisfaceret
1397 1149 1564 1198 sorori>
1601 1149 1815 1200 grauiter

175 1234 332 1273 urceo,
357 1223 568 1262 ultimum
588 1228 746 1262 tamen
767 1221 892 1261 uitae
922 1220 1116 1261 exitium
1145 1226 1420 1271 perpetrare
1447 1221 1659 1261 sororius
1682 1232 1815 1260 amor

177 1292 540 1345 haudquaquam
562 1293 680 1333 tulit.
706 1291 796 1333 Sed
817 1303 926 1332 ecce
945 1291 1131 1332 cuidam
1162 1303 1220 1331 ex
1256 1291 1432 1331 nostris
1466 1291 1684 1332 Patribus
1708 1303 1817 1332 con-

176 1364 328 1404 fessae
346 1370 467 1411 sunt‚
488 1370 532 1403 et
551 1364 608 1403 ab
626 1363 827 1403 inimicis
847 1362 1091 1403 fraudibus
1108 1374 1157 1402 se
1175 1374 1344 1403 cauere
1363 1362 1584 1414 didicere,
1605 1369 1650 1403 et
1667 1363 1815 1415 puris-

176 1436 320 1475 simas
341 1435 521 1474 animas
543 1446 762 1475 cerneres
782 1441 826 1474 et
847 1446 943 1475 non
964 1434 1193 1474 minorem
1221 1433 1605 1474 deliberationem
1632 1446 1815 1475 summo

179 1507 390 1547 Creatori
410 1506 644 1547 seruiendi
667 1506 876 1557 adeptas.

257 1577 387 1628 Quae
408 1578 535 1617 illam
556 1578 775 1629 puellam,
810 1590 837 1617 a
858 1576 1037 1628 perfido
1060 1577 1249 1618 inimico
1274 1577 1409 1628 falsa,
1434 1575 1623 1629 judaeo,
1648 1578 1816 1629 turpis-

176 1649 281 1688 simi
298 1655 520 1700 quaestus
537 1649 709 1700 gratia,
724 1649 885 1688 inuitis
901 1648 1190 1699 parentibus,
1205 1648 1449 1699 inseruire,
1468 1649 1515 1688 in
1531 1649 1739 1689 animum
1750 1649 1814 1690 in-

177 1720 375 1760 duxerat
397 1731 545 1770 suum,
566 1725 610 1759 et
628 1720 720 1759 iam
737 1720 1065 1760 sanctissimae
1083 1719 1392 1759 confessionis
1409 1719 1815 1760 exhortationibus

175 1798 411 1841 reuocata,
450 1802 630 1831 summa
660 1791 837 1831 laetitia
864 1790 1162 1831 sanctissima
1201 1796 1501 1831 sacramenta
1529 1791 1811 1842 frequentat.

253 1862 456 1914 Tempus
477 1874 579 1902 esse
600 1862 736 1902 uideo
757 1868 807 1902 ut
823 1868 985 1902 nostro
1012 1861 1217 1902 sermoni
1243 1862 1348 1902 finis
1372 1862 1656 1914 imponatur.
1686 1861 1788 1902 Reli

170 1945 315 1984 quum
333 1939 402 1973 est
422 1939 472 1973 ut
488 1939 725 1973 tantorum
745 1933 1080 1974 beneficiorum
1101 1933 1159 1973 ab
1181 1933 1410 1973 altissima
1432 1940 1477 1973 et
1499 1932 1556 1973 D.
1589 1932 1650 1973 M.
1689 1933 1812 1973 obla-

172 2010 328 2044 torum
368 2016 614 2055 memores,
655 2004 809 2056 quoad
849 2004 949 2045 fieri
988 2005 1174 2056 poterit,
1218 2016 1303 2044 nos
1342 2010 1651 2056 praestemus,
1690 2009 1735 2044 et
1768 2005 1811 2044 ei

171 2086 357 2115 omnem
378 2076 603 2116 honorem
625 2076 886 2116 tribuamus
909 2082 954 2116 et
982 2076 1198 2127 gloriam,
1233 2075 1291 2115 ad
1313 2087 1453 2127 quam
1474 2086 1561 2115 nos
1583 2074 1809 2126 perducat

172 2146 263 2198 ille,
287 2158 375 2198 que
396 2147 511 2187 uiuit
533 2147 580 2187 in
601 2147 791 2187 saecula
812 2148 1124 2187 saeculorum.
1143 2146 1311 2187 Amen.

252 2217 323 2257 Ex
343 2218 531 2258 ciuitate
552 2217 816 2269 Ferrariae,
844 2218 892 2258 14
915 2216 1021 2258 Kal.
1046 2217 1158 2258 Maii
1183 2217 1299 2258 1555.

252 2287 305 2327 T.
328 2288 382 2328 R.
406 2288 455 2328 P.
480 2289 527 2328 in
550 2288 633 2329 X.0
657 2300 838 2340 seruus,

998 2377 1267 2418 AMBRoans
1296 2376 1590 2417 PULriciNth.

252 2570 604 2623 Superscriptio
628 2573 677 2612 in
705 2576 879 2624 quarta
903 2572 1112 2624 pagina:
1133 2535 1245 2613 IfsIS.
1270 2570 1386 2613 Rdo.
1414 2571 1461 2612 in
1488 2571 1572 2612 Χ.Ο
1599 2571 1647 2612 P.
1671 2571 1799 2612 Dno.

171 2640 354 2691 Ignatio
376 2642 431 2682 de
452 2642 646 2694 Loyola,
671 2643 948 2695 Praeposito
972 2643 1221 2685 Societatis
1251 2642 1363 2696 Jesu
1392 2643 1603 2693 generali
1632 2642 1804 2694 dignis·

173 2711 307 2751 simo,

253 2780 465 2822 Romam.

255 2850 363 2891 Alia
383 2863 545 2893 mmm:
566 2853 680 2895 1555.
716 2855 951 2906 Ferraria,
975 2855 1123 2907 Quad.
1145 2854 1239 2895 mai
1259 2854 1385 2905 (sic).

253 2922 316 2961 Et
337 2921 450 2962 alia:
470 2922 523 2963 28
539 2923 585 2963 di
603 2923 779 2975 Aprile.
