2028 3328
882 104 962 140 AN.
996 104 1085 141 1534
1755 110 1801 144 73

160 203 361 254 singulis
383 202 639 254 quibusque
667 200 843 241 diebus.
883 199 1001 240 Nam
1032 208 1362 252 praeterquam
1392 202 1515 250 quod
1538 203 1669 241 nobis
1693 216 1797 244 cum

160 273 457 314 scholasticis
470 272 583 313 satis
596 277 665 312 est
679 282 879 322 magnus
893 271 939 311 in
957 270 1331 311 confessionibus
1350 272 1594 312 audiendis
1613 271 1795 325 [labox-,]

163 344 254 396 ipsi
296 356 498 396 quoque,
535 343 612 395 qui
647 342 852 383 ciuitatis
888 353 1159 382 communes
1200 343 1387 382 scholas
1429 350 1618 393 regunt,
1656 351 1794 395 atquc

157 416 280 455 adeo
302 422 488 466 praeter
510 415 656 467 ipsos,
680 421 724 454 et
747 414 875 454 ciues
898 425 990 453 non
1012 414 1173 465 pauci,
1202 413 1578 465 frequentissime
1607 415 1665 454 ad
1694 427 1797 466 poe-

159 485 383 526 nitentiae
412 491 759 526 sacramentum
787 491 1090 534 concurrunt,
1125 492 1173 524 ut
1205 485 1298 524 iam
1334 485 1492 525 nescio
1522 485 1631 536 quid
1653 485 1797 525 diuini

157 557 423 608 splendoris
444 557 490 596 in
517 563 614 597 tota
636 556 725 596 hac
747 556 938 596 ciuitate
975 555 1166 606 eniteat;
1191 567 1341 607 neque
1369 567 1482 595 sane
1510 556 1677 596 desunt
1705 569 1797 596 ma-

160 634 326 668 tronae
353 628 510 678 plures
546 627 955 677 salmanticenses,
987 637 1106 678 quae
1141 626 1229 666 hoc
1265 626 1417 678 ipsum
1453 626 1649 677 faciant,
1680 627 1797 667 inter

157 709 278 750 quas
304 698 502 749 insignis
532 698 761 750 quaedam
791 697 992 737 Domina
1018 697 1281 751 ‚Camarina
1313 696 1436 747 'est‚
1469 709 1604 748 quae,
1638 696 1797 738 diuino

155 770 323 821 spiritu
346 771 609 821 compulsa,
633 769 833 810 uestium
853 770 1005 810 cultus
1033 775 1172 821 atque
1202 768 1319 809 adeo
1347 780 1524 820 genera
1556 781 1796 809 ornamen-

157 848 311 881 torum
329 841 486 881 omnia
504 853 559 882 ac
577 841 867 891 deliciarum,
888 840 933 880 in
949 840 1114 892 quibus
1133 840 1252 880 haec
1270 847 1433 880 nostra
1451 846 1581 880 aetas
1604 841 1799 880 nimium

158 912 329 952 misera
363 912 636 953 felicitatem
666 923 850 952 omnem
883 913 1041 952 locare
1076 911 1282 961 Videtur,
1320 911 1367 951 in
1401 911 1528 951 vitae
1563 911 1797 962 quoddam

156 995 307 1034 genus
329 983 731 1034 honestissimum,
757 983 1040 1033 orationem,
1066 994 1121 1022 ac
1143 983 1393 1023 lectionem
1414 988 1629 1023 sanctam
1657 983 1796 1022 liben-

158 1055 336 1095 tissime
357 1056 678 1095 commutauit.
701 1055 852 1105 Haec,
878 1066 983 1095 cum
1005 1054 1167 1095 diebus
1189 1054 1455 1106 praeteritis
1476 1060 1726 1105 rogaretur
1747 1062 1796 1094 ut

154 1126 305 1166 solitis
323 1127 606 1178 spectaculis
626 1128 852 1167 interesse
881 1127 1040 1177 uellet,
1079 1126 1206 1166 vitae
1242 1136 1355 1165 suae
1378 1137 1433 1165 ac
1456 1125 1795 1165 sanctimoniae

157 1198 382 1238 indicium
400 1197 541 1238 dedit.
564 1197 699 1249 Sunt,
720 1198 888 1250 inquit,
912 1197 960 1238 in
982 1197 1136 1238 libello
1166 1209 1269 1237 meo
1303 1198 1448 1237 multa
1477 1197 1796 1249 pulcherrima

156 1269 270 1309 mihi
290 1270 560 1321 spectacula
588 1270 824 1322 multoque
850 1269 1063 1320 gratiora
1098 1280 1240 1321 quam
1268 1280 1387 1321 quae
1423 1268 1587 1309 amicis
1619 1269 1795 1308 saeculi

158 1341 295 1381 huius
317 1341 528 1381 exhiberi
544 1342 743 1381 soleant.
774 1340 889 1381 Erat
909 1346 1065 1381 autem
1085 1340 1202 1380 liber
1223 1340 1299 1380 ille
1326 1340 1382 1380 de
1412 1340 1545 1380 uario
1567 1340 1796 1380 orationis

156 1423 214 1453 ac
237 1412 555 1453 meditationis
575 1424 764 1464 genere.
992 1416 995 1419 “

238 1483 428 1524 Festum
468 1483 819 1536 Assumptionis
859 1484 1031 1525 Beatae
1071 1483 1251 1524 Mariae
1283 1483 1499 1535 Virginis
1534 1483 1794 1535 frequentia

156 1566 343 1606 eorum,
376 1556 451 1607 qui
480 1555 536 1595 de
562 1555 770 1607 peccatis
797 1555 1155 1604 confiterentur,
1193 1561 1236 1596 et
1273 1555 1333 1595 ad
1367 1567 1554 1595 sacram
1584 1566 1795 1595 mensam

154 1626 458 1676 accederent,
485 1626 737 1667 admodum
757 1627 940 1667 celebre
968 1627 1102 1668 nobis
1123 1626 1225 1667 fuit.

234 1697 483 1749 Nunquam
504 1698 627 1750 apud
649 1710 734 1738 nos
758 1698 945 1748 desunt,
970 1699 1048 1751 qui
1069 1710 1172 1739 sese
1204 1698 1526 1750 spiritualibus
1555 1697 1792 1738 exercitiis

150 1775 276 1810 totos
293 1769 479 1810 dedant.
505 1769 622 1809 Tres
650 1769 818 1810 eruditi
852 1770 957 1821 viri,
995 1782 1098 1810 sese
1129 1770 1264 1810 nobis
1287 1770 1544 1821 adiungere
1566 1769 1796 1821 proximis

152 1841 226 1881 his
254 1840 416 1881 diebus
446 1841 711 1892 cupientes,
743 1852 928 1882 ornnem
964 1840 1168 1894 lapidem
1200 1847 1250 1881 ut
1285 1841 1606 1893 reciperentur
1638 1852 1792 1880 moue-

149 1918 273 1963 runt,
293 1924 317 1952 e
336 1912 506 1964 quibus
523 1912 613 1952 duo
631 1912 725 1952 iam
741 1912 865 1964 quod
879 1913 1167 1963 exoptabant
1180 1912 1353 1953 Diuina
1371 1924 1460 1964 ope
1474 1911 1791 1952 obtinuerunt.

149 1982 266 2024 Sunt
282 1984 347 2024 illi
364 1983 552 2036 quidem
575 1983 851 2035 theologicis
872 1984 1039 2025 litteris
1059 1984 1359 2025 mediocriter
1389 1983 1572 2033 eruditi,
1596 1983 1679 2024 sed
1699 1983 1790 2022 vir—

147 2060 246 2095 tute
264 2066 319 2095 ac
336 2055 471 2095 bonis
488 2054 696 2095 moribus
713 2055 996 2107 singulares,
1016 2055 1076 2096 ad
1094 2066 1230 2096 omne
1253 2066 1370 2107 opus
1394 2055 1567 2095 bonum
1588 2055 1792 2106 paratis-

149 2126 275 2177 simi;
294 2126 460 2167 tertius
476 2137 588 2166 uero
609 2125 709 2178 Juri
731 2126 855 2167 ciuili
876 2127 1103 2168 hactenus
1130 2138 1323 2179 operam
1345 2126 1491 2174 dedit,
1520 2126 1645 2178 quod
1675 2126 1792 2178 opti-

150 2208 254 2237 mae
282 2197 381 2249 spei
402 2197 474 2237 sit.
510 2197 716 2248 Quartus
739 2197 831 2238 cito
852 2198 949 2238 uoti
970 2210 1162 2249 compos
1184 2198 1422 2238 efficietur.
1457 2197 1553 2238 Nec
1575 2197 1606 2237 ii
1641 2197 1791 2237 solum

153 2274 283 2319 sunt,
303 2269 382 2320 qui
404 2268 670 2308 huiusmodi
691 2269 866 2309 sanctis
886 2281 942 2310 ac
963 2270 1052 2321 piis
1073 2269 1317 2310 desideriis
1338 2269 1531 2309 excitati
1551 2274 1791 2320 tamquam

148 2339 364 2380 crucifixi
388 2339 560 2380 mundo
583 2339 641 2379 ad
663 2351 748 2380 nos
769 2340 934 2381 eadem
955 2341 1011 2382 de
1032 2352 1178 2381 causa
1205 2346 1512 2390 concurrunt,
1538 2340 1593 2380 de
1625 2339 1792 2391 quibus

150 2410 199 2450 in
219 2411 382 2462 primis
402 2410 605 2452 fortasse
624 2410 792 2451 litteris
808 2411 943 2463 plura
965 2413 1209 2464 proximis.
1238 2411 1324 2452 His
1346 2412 1583 2451 mensibus
1606 2417 1792 2462 praeter

149 2493 246 2532 eos,
265 2481 322 2522 de
352 2482 518 2534 quibus
539 2493 700 2522 sumus
729 2482 893 2534 locuti,
922 2483 970 2523 13
1005 2484 1228 2523 exercitia
1252 2483 1516 2534 spiritualia
1548 2480 1671 2533 apud
1702 2493 1789 2521 nos

146 2553 376 2593 fecerunt:
394 2559 489 2594 tres
506 2565 565 2593 ex
584 2553 674 2593 illis
691 2553 1087 2595 carthusiensium
1111 2554 1338 2605 ordinem,
1361 2565 1481 2594 unus
1498 2553 1673 2594 Beatae
1694 2552 1788 2592 Ma-

148 2624 261 2676 riae,
282 2636 422 2676 quam
441 2624 497 2665 de
513 2624 730 2665 Mercede
746 2630 934 2674 vocant,
960 2625 1297 2666 monasterium
1315 2630 1422 2665 sunt
1438 2624 1656 2676 ingressi.
1680 2622 1788 2663 Duo

149 2706 284 2746 uero,
309 2695 433 2747 quod
454 2695 612 2736 multis
648 2695 866 2747 precibus
901 2696 948 2736 id
976 2697 1231 2747 petierunt,
1263 2697 1310 2737 in
1339 2702 1552 2736 nostram
1577 2701 1683 2735 sunt
1706 2695 1785 2735 ad-

203 2881 212 2902 ¹
254 2882 446 2910 Catharina
472 2883 510 2910 de
534 2882 670 2910 Sarr'a,
697 2882 746 2910 De
772 2883 914 2917 reliquis
937 2884 1216 2912 benefactoribus
1240 2884 1317 2911 vide
1344 2884 1383 2911 Ρ.
1411 2883 1600 2915 VALmvtA,
1626 2882 1788 2909 Historia

148 2930 223 2958 Soc.
238 2929 327 2964 Jesu
343 2931 379 2957 in
401 2930 588 2958 Provincia
606 2930 791 2963 castellae,
807 2931 879 2958 vol.
897 2938 919 2966 1,
934 2939 961 2959 c,
979 2938 1014 2958 11.
