2028 3328
853 125 935 162 AN.
966 125 1058 162 1555
1699 124 1771 162 425

135 226 284 261 torem
306 222 492 262 habere.
515 222 723 262 Fecisset
744 221 943 261 fortasse
964 220 1306 261 P.Franciscus
1335 232 1454 272 quae
1478 221 1646 261 vellent
1668 222 1766 262 Pla-

137 292 323 340 centini,
350 292 387 331 si
409 293 494 332 sibi
515 293 675 332 liceret
695 304 777 343 per
804 292 1121 343 Hispalenses,
1150 292 1275 341 apud
1303 302 1419 342 quos
1450 292 1636 342 agebat:
1671 294 1767 343 qui-

138 363 238 411 bus,
273 363 363 403 nisi
393 364 463 403 sui
485 374 818 411 successorem,
843 369 891 402 ut
912 361 1064 402 fuerat
1093 362 1341 413 pollicitus,
1375 362 1633 412 Baptistam
1668 364 1768 402 reli-

137 434 327 484 quisset,
351 435 477 473 nulla
499 434 763 474 reuertendi
783 433 982 473 facultas
1005 433 1202 472 dabatur
1229 432 1288 472 ad
1315 444 1394 472 eas
1423 444 1498 472 res
1519 433 1768 473 conficien-

138 505 236 552 daS,
261 517 380 556 quae
415 506 617 545 maxime
646 505 883 544 instabant
915 503 1163 553 Castellae3
1196 503 1319 555 quod
1350 515 1407 543 ex
1439 504 1584 555 ipsius
1615 503 1769 543 Patris

137 575 281 615 literis
312 576 393 615 tibi
428 576 629 615 arbitror
664 575 973 616 notissimum.
1005 573 1165 625 Itaque
1201 573 1530 614 ardentissimo
1562 575 1770 614 ciuitatis

138 647 369 686 desiderio
392 647 609 686 satisfieri
631 647 763 686 aliter
785 658 878 686 non
899 646 1064 697 potuit:
1089 646 1215 685 ciues
1237 652 1393 685 tamen
1417 657 1578 684 omnes
1615 646 1767 685 mode-

137 724 240 757 rato
276 718 476 767 quodam
507 719 662 757 animo
690 718 811 757 hanc
842 717 992 768 ipsam
1014 716 1369 756 excusationem
1401 723 1696 767 acceperunt,
1722 716 1768 755 li-

137 788 251 828 teris
273 788 320 828 P.
345 789 587 829 Francisci
606 788 829 840 majorem
849 788 895 827 in
916 787 1105 828 modum
1127 787 1359 836 delectati,
1384 787 1430 826 in
1453 798 1769 838 magnamque

138 870 269 910 spem
286 861 429 899 erecti
450 859 548 899 fore
571 859 820 911 aliquando
844 865 891 899 ut
912 859 1008 899 uoti
1030 865 1270 910 compotes
1292 858 1418 898 fiant.

219 929 295 970 Ad
330 931 445 970 haec
481 932 617 971 auide
659 936 967 982 expectantur
998 930 1258 970 studiorum
1289 930 1520 981 auspicia,
1559 941 1676 981 quae
1713 941 1770 969 ne

139 1003 261 1041 ultra
278 1001 374 1042 Cal.
395 1001 596 1053 Septem.
616 1002 926 1052 proferantur,
948 1001 1193 1052 diligenter
1215 1001 1304 1041 hoc
1327 1008 1534 1052 tempore
1557 1007 1767 1040 cauetur.

139 1071 254 1113 Sunt
276 1084 393 1124 quos
427 1085 550 1113 noua
580 1073 809 1125 quaedam
837 1073 1027 1113 incessit
1055 1072 1225 1123 cupido
1255 1073 1427 1112 liberos
1459 1084 1618 1112 omnes
1641 1084 1765 1121 suos,

138 1156 255 1196 quos
276 1146 446 1184 multos
468 1145 599 1184 multi
621 1145 807 1193 habent,
831 1145 965 1184 bonis
986 1145 1133 1184 literis
1154 1144 1454 1184 informandi:
1478 1151 1585 1184 sunt
1608 1150 1651 1183 et
1673 1144 1767 1192 alii,

139 1227 254 1267 quos
277 1215 450 1256 Christi
470 1228 602 1255 amor
624 1216 687 1256 ita
710 1215 1008 1266 pei-mouerit,
1032 1221 1081 1255 ut
1101 1216 1258 1255 seculo
1277 1215 1420 1255 uelint
1438 1215 1707 1255 renuntiare
1725 1221 1769 1254 et

136 1286 326 1326 Domini
347 1286 539 1326 consilia
562 1287 854 1338 uestigiaque
876 1288 1060 1334 sectari;
1085 1298 1282 1338 quorum
1318 1286 1461 1338 aliqui
1483 1296 1771 1337 magnopere

138 1357 371 1408 petierunt
394 1364 441 1396 ut
463 1358 615 1397 aditus
636 1357 724 1397 sibi
753 1364 874 1397 esset
896 1357 955 1397 ad
977 1356 1275 1397 Societatem:
1309 1357 1440 1397 multi
1462 1363 1617 1397 autern
1638 1356 1769 1408 spiri-

138 1428 250 1468 talia
271 1428 494 1468 exercitia
519 1434 815 1479 acceperunt,
849 1440 873 1468 e
902 1439 1098 1480 quorum
1125 1439 1320 1468 numero
1348 1434 1444 1468 tres
1480 1428 1771 1479 potissimum

137 1499 226 1538 uiri
242 1505 365 1549 sunt,
389 1506 432 1539 et
455 1499 578 1539 uitae
597 1499 862 1539 conditione
879 1505 924 1539 et
941 1499 1153 1550 exemplo
1170 1504 1480 1550 praestantes:
1493 1510 1630 1550 spero
1648 1499 1770 1550 equi·

138 1570 243 1611 dem
263 1571 320 1610 iis
341 1582 368 1610 a
390 1570 523 1610 nobis
542 1571 802 1622 impensam
824 1582 1015 1621 operam
1032 1569 1133 1610 Deo
1151 1570 1256 1622 Opt.
1280 1570 1405 1611 Max.
1425 1582 1518 1610 non
1534 1570 1772 1620 ingratam

138 1641 359 1682 futuram:
383 1642 606 1691 nonnulli,
625 1642 912 1692 spiritalibus
934 1642 1170 1682 exercitiis
1198 1642 1418 1693 acceptis,
1442 1641 1772 1682 franciscanae

139 1713 330 1763 regulae
352 1724 454 1752 sese
470 1712 766 1752 addixerunt.
790 1711 906 1752 Sunt
936 1713 1060 1752 enim
1080 1712 1215 1764 hujus
1237 1713 1413 1753 ordinis
1435 1713 1654 1753 monachi
1675 1712 1771 1763 qui-

139 1783 248 1824 dam
283 1783 573 1833 Placentiae,
612 1783 748 1824 nudis
783 1784 977 1834 pedibus
1015 1784 1329 1835 ambulantes;
1367 1784 1488 1824 unde
1519 1790 1564 1824 et
1602 1794 1772 1823 nomen

139 1855 290 1906 ipsum
311 1861 355 1894 et
373 1854 660 1894 differentiae
681 1861 840 1894 notam
862 1855 948 1894 sibi
968 1855 1260 1895 inuenerunt:
1275 1855 1533 1907 Hispaniae
1555 1853 1771 1894 monacha

137 1926 239 1965 sine
260 1925 427 1965 calceis
449 1925 680 1965 dicuntur.
704 1925 766 1966 Hi
788 1938 879 1966 non
901 1927 1052 1966 solum
1072 1927 1216 1966 uerbo
1235 1934 1278 1966 et
1295 1927 1510 1977 exemplo
1528 1926 1772 1977 proximos

139 2008 301 2037 omnes
323 1997 584 2047 aedificant,
609 1997 691 2037 sed
712 1997 943 2037 difficilem
964 1998 1106 2037 etiam
1133 2004 1177 2037 et
1204 1997 1369 2038 duram
1399 1998 1545 2037 uitam
1577 2003 1774 2048 agentes

140 2076 183 2107 et
206 2079 404 2119 corpora
435 2076 742 2108 macerantes.

222 2137 471 2179 Caeterum
504 2150 726 2190 magnum
761 2138 923 2179 habuit
958 2139 1034 2179 hic
1069 2152 1218 2180 annus
1246 2140 1524 2180 deuotarum
1550 2139 1773 2180 foemina-

141 2221 245 2249 rum
263 2216 554 2260 prouentum.
579 2209 818 2250 Honestae
848 2210 1033 2261 quidem
1054 2218 1098 2251 et
1120 2212 1372 2262 locupletes
1395 2211 1771 2251 adolescentulae

141 2280 329 2320 circiter
363 2281 718 2332 quinquaginta,
746 2282 820 2321 uel
848 2282 1003 2333 potius
1032 2282 1295 2333 sexaginta,
1326 2282 1492 2333 quibus
1519 2282 1696 2322 nobiles
1730 2288 1775 2322 et

142 2351 382 2401 pecuniosi
405 2358 623 2402 parentes
645 2352 939 2402 patrimonio,
963 2353 1064 2392 loco
1089 2358 1132 2392 et
1153 2359 1305 2393 aetate
1336 2365 1475 2404 pares
1497 2353 1624 2393 uiros
1646 2354 1771 2394 inue-

142 2427 324 2472 nerant,
367 2428 544 2462 mutato
582 2422 798 2472 consilio,
835 2422 944 2462 forti
983 2423 1185 2474 quodam
1234 2430 1278 2463 et
1326 2424 1562 2463 constanti
1599 2424 1771 2475 animo,

141 2492 327 2533 Christo
355 2494 529 2532 nubere
562 2494 842 2544 maluerunt,
873 2494 919 2533 in
947 2506 1032 2534 sua
1062 2495 1140 2534 illa
1172 2494 1442 2545 integritate
1465 2502 1687 2546 perpetuo
1709 2495 1774 2535 ui-

141 2571 319 2604 cturae.
344 2563 581 2615 Quotquot
602 2570 708 2604 sunt
729 2565 924 2615 singulis
941 2564 1260 2613 hebdomadis,
1280 2566 1326 2605 in
1344 2566 1433 2605 hoc
1451 2572 1612 2605 nostro
1632 2566 1775 2606 sacel-

141 2636 201 2684 lo,
227 2634 535 2674 confessionis
557 2642 602 2674 et
622 2636 964 2675 communionis
986 2645 1284 2676 sacramenta
1306 2637 1620 2687 frequentant.
1645 2637 1776 2677 Prin-

141 2705 264 2757 cipio
285 2712 518 2756 parentes,
543 2717 740 2757 quorum
762 2706 892 2746 multi
913 2707 1072 2757 magni
1093 2707 1295 2747 nominis
1317 2716 1423 2748 sunt
1446 2709 1490 2747 in
1513 2707 1644 2760 Rep.,
1668 2719 1774 2760 gra-

144 2777 264 2816 uiter
299 2779 583 2829 molesteque
616 2777 770 2818 ferunt
806 2778 929 2829 quod
968 2778 1198 2829 grandem
1232 2791 1345 2819 suae
1384 2780 1579 2831 quisque
1621 2781 1777 2820 dotem

145 2855 483 2900 comparasset,
509 2849 632 2901 quod
653 2848 771 2889 filias
787 2848 884 2900 jam
914 2849 1021 2889 inde
1054 2862 1079 2889 a
1108 2851 1308 2901 pueritia
1329 2851 1376 2891 in
1394 2851 1563 2892 delitiis
1585 2852 1776 2891 educas-

146 2926 230 2959 set:
257 2920 537 2970 procedente
569 2926 724 2960 autem
751 2927 961 2972 tempore
992 2920 1179 2961 diuinae
1207 2921 1534 2963 Prouidentiae
1556 2922 1781 2963 beneficio
