2028 3328
232 138 306 175 426
765 139 991 176 LITTERAE
1010 145 1368 178 QUADRJMESTREs

234 235 300 274 ita
322 240 426 274 sunt
448 235 623 286 placati
649 240 712 284 ut,
737 235 794 275 iis
814 246 907 275 non
929 234 1100 283 inuitis,
1125 233 1199 284 pia
1233 231 1433 283 quadam
1455 229 1706 269 ambitione
1728 235 1772 269 et
1794 230 1859 270 in-

235 305 362 345 uidia
384 305 566 355 ductae,
590 306 628 345 si
650 305 720 345 fas
742 312 811 346 est
833 306 1002 355 dicere,
1036 315 1196 344 omnes
1228 302 1379 342 adhuc
1407 300 1633 352 propositi
1665 301 1862 341 tenacis—

235 376 381 417 simae
399 377 698 429 perstiterint.
719 377 888 428 Atque,
906 383 955 416 ut
972 375 1182 415 omittam
1199 373 1416 424 reliquas,
1432 371 1542 423 quid
1553 371 1632 410 uni
1644 371 1863 422 priuatim

229 447 458 488 acciderit
479 449 773 500 paucissimis
801 448 967 488 dicam.

314 518 547 559 Admonet
583 520 738 559 multis
766 519 920 559 uerbis
948 529 1092 557 senex
1118 522 1251 567 pater
1272 514 1414 554 filiam
1446 514 1791 553 adolescentem
1815 519 1863 552 ut

234 589 512 630 Dominicae
533 590 907 630 Resurrectionis
927 588 1097 628 festum
1120 597 1234 626 auro
1265 585 1586 635 licentiorique
1608 584 1769 624 habitu
1792 596 1862 623 or-

232 666 345 700 nata
368 661 582 708 celebret;
609 672 750 712 aegre
772 660 961 700 tandem
983 666 1026 699 et
1047 657 1180 709 quasi
1202 657 1248 697 ui
1283 657 1515 707 impetrat:
1541 661 1673 706 paret
1695 655 1861 706 impor-

234 738 347 771 tuno
370 732 516 783 patris
537 732 732 783 imperio
762 730 966 783 prudens
994 735 1037 769 et
1064 729 1261 768 honesta
1291 727 1441 777 uirg03
1471 727 1535 766 ita
1569 726 1862 766 extrinsecus

229 809 442 852 ornatur,
489 809 537 842 ut
580 811 815 842 terrenum
861 801 1197 851 mortalemque
1227 804 1409 850 patrem
1440 798 1664 849 placaret,
1703 797 1862 836 intrin—

227 884 367 913 secus
401 880 555 913 autem
584 873 785 913 cilicium
814 872 976 922 induit,
1006 876 1054 911 ut
1085 869 1274 910 coelesti
1310 868 1655 919 immortalique
1685 878 1858 919 sponso

230 944 452 995 placeret,
486 945 692 984 hircinas
727 951 852 984 setas
886 942 1012 983 molli
1044 941 1335 992 delicataque
1369 946 1497 980 ueste
1528 945 1729 989 tegente,
1776 949 1861 977 nec

233 1020 339 1054 ante
360 1015 571 1066 deposuit
593 1027 732 1066 quam
754 1026 837 1054 suo
858 1013 946 1054 sibi
976 1013 1103 1053 licuit
1136 1011 1296 1052 ornari
1323 1011 1474 1060 modo,
1501 1009 1713 1050 muliebri
1737 1008 1862 1048 omni

231 1086 404 1126 mundo
432 1086 656 1137 deposito.

311 1156 523 1197 Iamuero
554 1165 884 1209 praeterquam
919 1156 1042 1208 quod
1074 1155 1198 1195 domi
1237 1153 1556 1194 confessiones
1593 1152 1858 1201 audiuntur,

229 1227 344 1267 foris
390 1229 638 1268 conciones
684 1228 935 1278 habentur,
983 1227 1197 1266 doctrina
1246 1225 1503 1266 christiana
1546 1223 1858 1275 praedicatur,

229 1299 414 1349 paruuli
450 1306 493 1339 et
527 1298 804 1350 grandiores
831 1298 1109 1346 edocentur;
1147 1297 1313 1337 Patres
1340 1296 1419 1347 qui
1447 1295 1570 1347 apud
1600 1306 1685 1335 nos
1715 1300 1861 1345 agunt

231 1368 487 1409 firmandae
527 1370 656 1421 pacis
692 1370 916 1410 authores
950 1375 1077 1418 sunt,
1114 1368 1152 1408 si
1188 1379 1307 1419 quos
1342 1367 1501 1407 uident
1537 1366 1702 1417 quibus
1741 1366 1861 1405 inter

228 1451 278 1479 se
317 1451 411 1480 non
451 1441 722 1481 conueniat:
764 1441 1055 1480 inueteratae
1094 1440 1346 1478 multorum
1391 1438 1651 1478 simultates
1700 1447 1861 1476 eorum

225 1510 470 1561 diligentia
502 1511 706 1562 sedatae,
730 1511 862 1552 multi
889 1523 948 1551 ex
977 1510 1179 1551 inimicis
1207 1510 1346 1550 amici
1367 1510 1480 1550 facti
1508 1515 1629 1549 sunt.
1654 1508 1742 1548 Per
1774 1507 1859 1547 hos

230 1582 371 1622 etiam
399 1582 496 1623 dies
528 1583 687 1623 sedula
719 1583 855 1623 datur
881 1594 1023 1635 opera
1046 1588 1095 1622 ut
1129 1587 1262 1622 uetus
1284 1587 1327 1621 et
1348 1580 1618 1620 intestinum
1640 1589 1860 1630 quorum·

227 1652 336 1692 dam
357 1652 511 1693 odium
536 1655 852 1704 extinguatur,
876 1652 997 1694 unde
1018 1653 1223 1694 ciuitatis
1250 1651 1386 1704 hujus
1421 1650 1736 1702 tranquillitas
1759 1649 1856 1689 fere

223 1724 378 1764 omnis
399 1731 443 1764 et
465 1724 719 1765 concordia
741 1725 931 1775 pendet:
968 1725 1015 1765 in
1042 1723 1414 1765 confessionibus
1442 1734 1621 1774 quoque
1643 1721 1857 1761 effectum

225 1801 295 1834 est
315 1802 365 1836 ut
387 1795 647 1837 detractam
667 1796 857 1847 famam,
880 1795 1032 1837 factas
1053 1795 1264 1847 injurias
1301 1796 1338 1835 si
1367 1793 1498 1846 cujus
1519 1794 1746 1834 honorem
1767 1794 1855 1832 lae-

220 1867 407 1917 sissent,
446 1867 483 1907 si
507 1879 644 1918 quem
678 1867 803 1908 ferro
833 1875 913 1907 aut
943 1866 1143 1907 fustibus
1173 1867 1454 1918 pulsassent,
1492 1876 1678 1916 quoquo
1715 1863 1853 1903 modo

223 1944 414 1988 possent
441 1939 571 1978 multi
597 1939 895 1979 resarcirent.
919 1938 1170 1979 Redditum
1192 1943 1261 1978 est
1282 1937 1539 1977 minoribus
1560 1942 1673 1976 natu
1695 1941 1739 1975 et
1760 1935 1855 1987 qui-

222 2008 309 2048 bus
325 2015 488 2049 tenues
511 2009 761 2050 admodum
779 2016 911 2050 erant
941 2009 1158 2050 fortunae
1180 2007 1400 2061 quicquid
1422 2014 1576 2047 aetate
1616 2013 1660 2047 et
1681 2006 1856 2047 diuitiis

220 2081 486 2131 superiores
509 2081 614 2121 ludo
637 2081 831 2132 turpiter
854 2080 1186 2133 acquisierant,
1211 2079 1271 2120 ad
1291 2080 1414 2119 mille
1436 2089 1580 2130 usque
1603 2084 1854 2118 coronatos

222 2162 390 2192 aureos
412 2158 455 2192 et
478 2164 531 2192 eo
556 2153 674 2203 plus,
698 2153 787 2192 illis
809 2159 974 2193 contra
1004 2151 1305 2192 reddentibus
1335 2150 1374 2190 si
1400 2150 1509 2202 quid
1543 2150 1628 2190 sibi
1649 2161 1707 2189 ex
1729 2149 1855 2200 turpi

221 2222 299 2262 illo
330 2229 526 2274 quaestu
554 2230 842 2272 accesserat,
872 2234 1094 2275 magnam
1121 2223 1340 2263 nimirum
1375 2222 1601 2273 pecuniae
1635 2221 1744 2270 uim;
1777 2232 1852 2260 res

220 2293 346 2333 enim
361 2293 481 2334 inter
503 2306 581 2334 eos
604 2295 848 2345 agebatur,
873 2294 947 2346 qui
975 2293 1235 2346 principem
1256 2299 1415 2333 tenent
1436 2293 1482 2332 in
1502 2291 1757 2342 Republica
1790 2292 1850 2331 lo-

218 2374 342 2404 cum.
379 2365 436 2404 Et
466 2376 749 2417 quamquam
776 2365 907 2405 initio
933 2376 1108 2405 nouum
1137 2365 1222 2404 sibi
1254 2376 1371 2404 onus
1398 2363 1575 2414 imponi
1597 2363 1846 2410 uideretur,

221 2435 460 2475 moderate
494 2442 650 2475 tamen
677 2436 1000 2487 patienterque
1027 2435 1363 2483 sustinuerunt,
1400 2435 1544 2474 multo
1571 2445 1786 2473 sermone
1823 2445 1849 2472 a

220 2505 393 2545 nostris
410 2506 563 2546 edocti
583 2507 893 2547 conscientias
912 2506 1044 2547 aliter
1063 2506 1310 2547 exonerari
1328 2517 1419 2545 non
1437 2516 1589 2556 posse.
1613 2504 1736 2544 Inter
1757 2504 1848 2543 alia

220 2585 331 2614 uero
366 2576 637 2626 ministeria,
677 2578 842 2628 quibus
878 2578 1128 2629 populares
1151 2576 1307 2628 juuari
1335 2577 1500 2625 solent,
1534 2575 1644 2614 illud
1666 2580 1735 2614 est
1757 2589 1766 2613 ἰ
1790 2586 1849 2614 on

219 2651 496 2695 extremum,
521 2647 643 2697 quod
678 2647 890 2698 languidi
918 2648 1014 2688 fere
1049 2659 1211 2688 omnes
1246 2654 1290 2687 et
1319 2647 1440 2686 male
1468 2645 1693 2685 habentes
1723 2657 1748 2684 a
1773 2657 1849 2684 no-

219 2716 328 2755 stris
361 2716 640 2767 inuisuntur‚
675 2718 956 2758 salutaribus
982 2718 1139 2759 uerbis
1169 2724 1456 2766 recreantur,
1481 2717 1538 2756 ad
1567 2715 1849 2756 nouissimos

218 2785 323 2825 illos
341 2797 636 2837 congressus,
656 2788 693 2827 si
711 2789 788 2839 qui
805 2789 897 2829 sint
914 2789 1054 2829 morti
1066 2788 1162 2840 jam
1179 2788 1393 2840 proximi,
1418 2788 1600 2828 fortiter
1617 2787 1847 2827 instruun-

219 2861 309 2895 tur.
329 2855 458 2906 Quae
480 2869 554 2897 res
574 2869 629 2896 eo
653 2859 897 2908 processit,
921 2866 971 2899 ut
992 2860 1145 2899 nullus
1166 2859 1311 2899 ferme
1331 2859 1377 2898 in
1396 2859 1508 2898 urbe
1524 2859 1581 2898 sit
1603 2858 1755 2898 minus
1776 2857 1847 2897 fir-

218 2937 295 2965 ma
316 2927 580 2967 ualetudine
603 2939 739 2979 quem
755 2928 918 2969 Patres
938 2941 1032 2969 non
1062 2930 1283 2977 inuisant,
1317 2941 1439 2969 nunc
1472 2930 1543 2969 his
1573 2929 1700 2969 horis
1731 2940 1847 2980 quas
