2028 3328
927 88 1010 124 AN.
1041 88 1131 124 1555
1776 89 1848 125 305

201 198 327 237 cenS,
351 188 693 227 confessionem
711 186 938 225 hactenus
960 184 1269 233 abhorruerit,
1309 195 1432 223 nunc
1463 184 1508 223 in
1537 184 1703 234 quibus
1736 185 1847 224 deli-

201 258 367 309 querit,
388 264 557 298 cuncta
574 257 850 303 euomuisse3
872 262 917 296 et
934 255 992 295 ab
1012 255 1332 294 huiuscemodi
1350 254 1716 306 turpitudinibus
1734 267 1843 306 pro-

200 329 338 377 fecta,
363 330 421 369 ad
442 329 631 369 easdem
652 338 891 379 nunquam
912 326 1108 377 posthac
1132 325 1360 365 accedere
1381 326 1591 376 pollicita
1616 332 1700 366 est.
1721 326 1844 366 Huic

202 400 382 440 accedit
404 400 585 440 iuuenis
604 399 694 440 XX
710 409 883 438 annum
900 397 1153 447 attingens,
1176 396 1271 448 qui,
1292 397 1364 436 sui
1382 396 1661 436 confessarii
1678 397 1848 436 exhor-

202 471 456 511 tationibus
486 471 728 521 impulsus,
761 469 818 509 ab
850 468 1044 508 aedibus
1081 467 1178 507 suis
1213 467 1484 507 deturbauit
1517 467 1844 516 concubinam,

203 553 405 592 quacum
427 548 523 581 tres
546 552 695 581 annos
730 540 915 580 uinctus
946 539 1093 579 uitam
1129 538 1345 578 duxerat.
1370 537 1594 578 Similiter
1616 538 1847 589 quaedam

201 613 381 662 mulier,
406 624 525 663 quae
547 613 641 652 fere
665 617 842 662 septem
865 622 1013 650 annos
1036 608 1281 649 cuiusdam
1311 609 1572 649 sacerdotis
1595 609 1753 661 (pudet
1780 609 1846 649 di-

201 683 344 733 cerel)
377 684 525 723 amori
547 695 746 734 annexa,
785 683 907 722 illius
941 681 1172 721 uoluntati
1194 692 1371 720 morem
1392 680 1608 732 gesserit,
1643 687 1713 720 est
1736 692 1844 720 con-

199 753 339 804 fessa,
364 760 408 794 et
430 755 487 794 ab
510 754 586 793 illo
610 753 947 794 discessionem
967 752 1197 804 promisit.
1232 750 1356 802 Quot
1385 763 1411 791 a
1435 751 1846 803 superstitionibus

200 825 425 875 reuocati,
450 826 527 876 qui
553 826 759 865 cartulas
781 824 901 865 collo
925 834 1136 863 annexas
1171 823 1445 874 gestabant,
1469 828 1716 874 sperantes
1736 834 1794 863 ne
1819 835 1844 863 a

200 896 323 936 ferro
347 897 548 948 quidem,
573 898 679 936 licet
702 896 990 945 acutissimO,
1016 895 1125 946 quid
1148 905 1302 934 noxae
1331 894 1547 945 accipere
1574 895 1729 945 posse!
1753 892 1846 934 Sed

200 968 424 1013 infelices,
450 969 631 1008 hostem
653 979 737 1019 pro
760 967 934 1019 sospite
955 967 1184 1016 fouentes‚
1209 966 1423 1016 grauiter
1446 965 1681 1005 uulnerati
1711 965 1768 1005 ab
1791 977 1846 1005 eo

200 1039 316 1090 ipso,
341 1051 367 1079 a
391 1051 485 1091 quo
509 1041 708 1079 salutem
738 1039 993 1090 sperabant
1015 1037 1245 1089 corporis,
1284 1037 1426 1076 etiam
1448 1037 1508 1076 ad
1539 1037 1723 1077 animae
1747 1048 1847 1077 sus-

198 1110 419 1161 pendium
442 1111 747 1161 ducebantur3
772 1116 816 1150 et
837 1121 955 1161 quae
977 1109 1103 1148 mille
1129 1108 1330 1148 nocendi
1363 1114 1489 1148 artes
1511 1107 1778 1148 huiusmodi
1801 1113 1845 1148 et

197 1181 397 1221 diuersis
419 1181 828 1233 superstitionibus
849 1180 1250 1220 intercedentibus
1273 1185 1597 1229 excusserant,
1617 1180 1710 1219 tela
1731 1179 1845 1219 nihi-

198 1253 401 1292 lominus
424 1254 469 1292 in
492 1253 671 1303 seipsas
693 1263 876 1303 semper
913 1251 1233 1298 coniicientes,
1259 1257 1430 1290 cuncta
1453 1261 1646 1290 suarum
1669 1250 1843 1291 anima-

199 1335 303 1364 rum
324 1324 673 1364 damnationem
694 1323 933 1364 molientia
950 1324 1179 1374 repulere.
1201 1321 1251 1362 Id
1268 1322 1456 1372 generis
1472 1321 1774 1373 perplurima,
1794 1328 1845 1362 ut

202 1395 273 1434 his
294 1394 694 1446 supersedendum
715 1395 862 1435 satius
890 1394 1026 1434 duco.

278 1466 494 1516 Veniam,
520 1466 621 1506 Rfle
651 1465 804 1514 Pater,
829 1465 887 1505 ad
909 1476 1014 1505 eam
1041 1464 1298 1513 mulierem,
1331 1475 1451 1515 quae
1479 1470 1660 1515 septem
1693 1476 1844 1505 annos

196 1538 244 1577 in
264 1544 459 1589 peccato
482 1538 695 1578 luxuriae
716 1536 1108 1589 perseuerauerit:
1128 1547 1182 1575 ea
1205 1535 1390 1584 misera,
1416 1547 1523 1575 cum
1544 1535 1732 1576 foueam
1750 1536 1841 1575 sibi

200 1610 554 1659 construxisset,
583 1610 749 1661 laqueo
771 1620 952 1660 quoque
983 1607 1216 1648 tendendo
1254 1607 1473 1658 propriae
1493 1606 1616 1647 filiae
1639 1618 1835 1658 operam

198 1680 337 1730 dedit,
358 1688 402 1720 et
424 1681 610 1720 demum
638 1679 841 1720 effrenae
864 1686 908 1720 et
942 1678 1241 1730 turpissimae
1270 1677 1539 1730 cupiditatis
1574 1690 1687 1718 suae
1709 1689 1837 1718 com-

196 1763 281 1802 pos
302 1751 468 1791 effecta
489 1758 573 1802 est,
598 1751 740 1791 filiam
762 1751 885 1791 enim
905 1751 952 1790 in
970 1750 1188 1802 proprias
1217 1749 1437 1789 tenebras
1465 1748 1665 1789 detrusit
1697 1749 1761 1789 ita
1791 1758 1843 1789 ut

192 1822 322 1874 quod
341 1823 450 1862 olim
472 1822 755 1862 discriminis
773 1822 892 1862 inter
910 1828 1159 1873 utramque
1177 1820 1330 1869 fuerit,
1352 1831 1446 1860 non
1462 1820 1551 1860 mei
1574 1826 1643 1860 est
1661 1819 1836 1861 iudicii:

191 1893 276 1934 sed
293 1894 599 1946 praeteritum
616 1900 798 1944 tempus
816 1894 1060 1941 intersero;
1081 1904 1191 1932 nam
1210 1898 1360 1931 mater
1377 1891 1507 1930 hisce
1525 1890 1689 1930 diebus
1707 1902 1844 1942 prae-

192 1965 334 2005 terita
356 1965 479 2005 mala
492 1964 759 2014 deplorans,
781 1970 825 2003 et
842 1964 998 2004 futura
1017 1974 1123 2003 cum
1141 1962 1455 2002 admiratione
1473 1973 1686 2013 sperans,
1706 1973 1841 2013 prae-

194 2036 346 2076 sentia
363 2035 619 2076 reformare
639 2035 859 2075 decreuit.
881 2034 1033 2083 Unde,
1048 2033 1104 2074 de
1121 2034 1331 2085 peccatis
1353 2033 1591 2072 humiliter
1608 2033 1841 2085 confessa,

193 2106 553 2147 Sanctissimum
570 2105 930 2146 Sacramentum
948 2105 1174 2157 percepit,
1196 2104 1414 2156 quodque
1433 2103 1717 2143 laudabilius
1740 2115 1843 2144 cen·

194 2189 290 2227 seo,
315 2189 455 2229 quam
477 2178 652 2228 optimo
675 2178 798 2216 uitae
823 2188 936 2216 suae
958 2188 1082 2216 nouo
1111 2176 1324 2216 instituto
1356 2174 1717 2226 diligentissime
1750 2180 1843 2215 stu-

193 2248 285 2290 det.
305 2248 505 2289 Videtur
523 2259 715 2288 suorum
732 2254 1034 2299 peccatorum
1052 2247 1286 2297 contritio;
1307 2247 1515 2286 cernitur
1533 2245 1579 2285 in
1597 2245 1718 2285 bono
1738 2245 1841 2285 eius

191 2320 473 2370 constantia,
498 2320 596 2359 eius
619 2318 896 2370 obedientia,
929 2330 1071 2371 quam
1101 2330 1186 2359 suo
1217 2317 1508 2358 confessario
1538 2316 1741 2366 exhibet,
1773 2317 1843 2356 in-

191 2392 433 2443 telligitur,
458 2398 555 2430 tum
578 2389 789 2441 plurimis
810 2396 855 2431 et
877 2389 1274 2430 manifestissimis
1299 2388 1610 2439 argumentis,
1626 2393 1724 2427 tum
1742 2399 1842 2428 ma-

193 2463 318 2503 xime
341 2463 429 2503 hoc
450 2473 561 2511 unO,
587 2461 710 2513 quod
734 2473 841 2501 cum
871 2461 941 2502 his
967 2461 1131 2502 diebus
1164 2460 1426 2509 PaschatiS,
1454 2465 1504 2499 ut
1524 2458 1774 2499 Ferrariae
1796 2468 1842 2499 et

190 2535 259 2584 (ut
280 2533 437 2583 credo)
460 2533 631 2584 ubique
655 2533 799 2573 moris
821 2538 906 2583 est,
930 2533 1143 2573 homines
1165 2531 1337 2572 mutuis
1359 2530 1495 2570 donis
1528 2529 1716 2580 donari,
1745 2542 1842 2571 mu-

191 2616 306 2645 nera
327 2604 693 2655 haudquaquam
714 2603 1056 2644 contemnenda
1079 2603 1138 2643 ab
1161 2603 1267 2651 illis,
1292 2613 1411 2654 quae
1435 2600 1669 2641 nefariam
1696 2601 1843 2641 uitam

188 2681 511 2728 sequerentur,
536 2686 563 2714 a
585 2674 798 2726 plurimis
820 2675 1131 2724 mitterentur,
1151 2680 1324 2714 cuncta
1347 2671 1630 2724 repudiauit,
1651 2679 1695 2713 et
1714 2672 1842 2714 baiu-

190 2748 264 2787 los
284 2757 391 2787 cum
418 2746 584 2786 eodem
616 2757 757 2785 onere
793 2745 918 2797 quod
951 2751 1258 2796 gestauerant
1294 2743 1491 2794 remisit3
1525 2755 1613 2783 nec
1644 2744 1841 2784 alicuius

190 2828 398 2870 unquam
425 2816 643 2868 precibus
676 2817 928 2868 acquieuit;
967 2823 1011 2857 et
1042 2816 1259 2868 quamuis
1296 2827 1389 2855 non
1425 2814 1626 2855 defuerit
1648 2814 1843 2855 humani

193 2887 385 2939 generis
417 2887 734 2938 aduersarius,
773 2888 851 2938 qui
877 2888 1002 2928 uires
1039 2899 1148 2927 suas
1171 2887 1231 2927 ad
1265 2888 1449 2938 lapsum
1472 2885 1611 2926 huius
1632 2886 1842 2927 mulieris
