2028 3328
159 164 226 201 190
682 165 904 202 l-1rr8RAE
921 176 1278 208 QUADRIMESTRES

155 262 286 311 piens
308 261 440 301 nobis
460 261 695 309 confiteri,
720 272 838 312 quae
860 273 952 301 non
975 262 1124 302 solum
1145 274 1277 303 suam
1295 262 1505 313 domum,
1531 263 1611 303 sed
1634 265 1790 304 omnia

152 344 274 383 quae
296 332 436 372 habet
457 332 557 371 vult
578 331 802 372 Societati
825 332 1104 384 relinquere.

237 403 470 443 Maximus
492 408 561 442 est
582 414 803 442 numerus
825 415 1002 454 eorum,
1026 404 1103 456 qui
1124 403 1345 445 Societati
1363 405 1610 456 prouidere
1629 407 1789 446 volunt

155 474 202 513 in
224 474 524 523 necessariis,
548 474 669 513 inter
696 485 813 524 quos
834 480 902 514 est
924 480 1073 514 mater
1094 475 1310 526 Magistri
1330 475 1521 516 Henrici
1550 476 1767 529 Dionysii

157 557 292 596 quae,
317 551 488 596 putans
509 556 594 584 nos
617 556 880 595 mansuros,
902 546 1039 596 coqui
1060 545 1169 586 fecit
1187 546 1409 597 optimam
1427 548 1704 588 cereuisiam
1727 555 1786 598 ct,

154 623 206 656 ”vt
229 616 285 656 ab
309 617 412 656 aliis
435 616 666 660 intellexi.
698 616 819 655 clam
839 616 1036 656 sollicite
1066 617 1360 668 interrogare
1389 619 1541 670 coepit
1569 619 1788 670 quidnam

154 687 424 727 necessario
448 687 492 726 in
514 687 653 726 domo
677 686 972 727 haberemus:
996 688 1063 727 sic.
1085 694 1129 727 et
1151 688 1229 728 alii
1254 687 1262 707 ¹
1286 688 1413 728 ciues
1436 688 1626 729 faciunt.
1650 689 1788 730 Modo

154 770 232 807 ea,
257 770 376 810 quae
398 758 457 798 ad
479 757 680 797 officium
702 757 873 798 Missae
896 759 1150 810 pertinent,
1174 765 1363 810 parant,
1388 766 1433 800 et
1455 761 1545 800 alia
1578 773 1787 801 necessa-

154 830 239 870 ria.
264 829 398 870 Aliae
419 836 662 869 matronae
695 830 908 880 precibus
934 830 1222 881 institerunt,
1246 837 1297 870 vt
1325 843 1400 880 ea,
1431 843 1550 883 quae
1579 831 1637 871 ad
1659 844 1786 872 esum

152 901 402 952 pertinent,
427 901 473 940 in
495 912 657 940 earum
679 900 895 941 domibus
916 901 1075 952 parari
1098 907 1303 952 possent,
1325 908 1376 941 vt
1393 903 1452 942 ab
1475 915 1529 942 ea
1551 915 1664 943 cura
1683 904 1789 943 libe—

154 972 209 1021 ri,
232 972 371 1011 rebus
393 971 545 1022 magis
575 972 854 1011 necessariis
882 983 1055 1011 vacare
1083 972 1273 1012 liberius
1293 973 1428 1013 nobis
1448 973 1586 1013 liceat
1608 974 1665 1014 ad
1687 986 1788 1026 pro-

154 1043 389 1085 ximorum
424 1043 636 1082 salutem.
673 1043 756 1083 Est
777 1043 867 1082 alia
891 1048 1122 1094 matrona,
1147 1055 1266 1094 quae
1296 1043 1371 1083 100
1397 1056 1565 1084 aureos
1597 1052 1789 1096 paratos

152 1115 291 1155 habet
324 1126 409 1165 pro
444 1112 705 1164 Societate,
737 1114 1082 1165 quamprimum
1112 1115 1310 1154 Venerit.
1344 1115 1511 1155 Noster
1541 1116 1710 1168 hospes
1742 1117 1783 1156 in

151 1192 481 1226 testamentum
513 1184 624 1225 fecit
652 1184 877 1225 Societati
912 1185 925 1203 ²
960 1197 1102 1225 unam
1137 1198 1325 1226 crucem
1355 1199 1413 1226 ex
1449 1198 1588 1237 aurO,
1620 1188 1666 1227 in
1695 1200 1786 1239 qua

150 1269 324 1309 magna
354 1269 465 1308 pars
492 1256 647 1296 crucis
674 1257 936 1296 dominicae
963 1258 1241 1297 continetur.
1266 1257 1409 1298 Soror
1431 1258 1648 1310 Magistri
1669 1259 1786 1299 Tho-

151 1341 270 1378 mae,
291 1328 541 1369 confratris
559 1328 721 1378 nostri,
742 1329 882 1368 etiam
900 1329 1103 1379 speciale
1120 1329 1392 1380 obsequium
1411 1329 1635 1370 Societati
1655 1343 1786 1382 prae-

152 1406 279 1440 stare
300 1400 512 1439 intendit.
536 1399 584 1440 Si
605 1400 896 1450 singulorum
917 1400 1059 1440 corda
1088 1400 1133 1439 in
1163 1401 1435 1451 particulari
1458 1402 1506 1441 P.
1537 1401 1596 1441 V.
1621 1414 1786 1454 propo-

151 1483 263 1511 nere
296 1471 486 1521 vellem,
521 1476 570 1510 vt
599 1470 711 1510 mihi
738 1477 847 1510 nota
878 1477 1005 1520 sunt,
1044 1472 1254 1511 calamus
1289 1477 1332 1512 et
1359 1473 1486 1512 Vires
1518 1472 1768 1513 deficerent

151 1542 268 1582 Mira
292 1548 336 1581 et
357 1541 700 1593 inexplicabilis
722 1549 789 1581 est
814 1542 1003 1581 deuotio
1026 1542 1474 1594 Nouiomagensium
1498 1555 1611 1594 erga
1633 1543 1786 1584 Socie-

153 1620 295 1653 tatem
314 1613 440 1666 Jesu.
460 1613 652 1652 Multam
670 1613 915 1663 pecuniam
931 1613 1071 1652 etiam
1089 1613 1360 1654 offerebant:
1380 1627 1473 1654 vna
1490 1626 1678 1655 manum
1696 1617 1785 1666 ple-

150 1696 261 1724 nam
284 1684 471 1734 daleris,
497 1684 617 1723 aliae
640 1696 810 1723 aureos
831 1696 1062 1732 nummos,
1086 1685 1245 1724 nescio
1265 1686 1460 1736 quoties;
1480 1686 1561 1726 sed
1582 1686 1696 1726 nihil
1718 1699 1784 1726 rc-

153 1755 309 1806 cipcre
336 1755 486 1794 volui:
510 1755 631 1794 unde
662 1767 824 1794 earum
847 1755 1055 1795 charitas
1086 1755 1143 1795 ad
1170 1752 1451 1796 Societatem
1480 1758 1632 1808 magis
1663 1759 1783 1797 exci-

147 1833 245 1866 tata
270 1826 368 1865 fuit.

228 1899 345 1938 Cum
366 1898 459 1937 iam
484 1898 638 1937 locum
660 1897 898 1947 vidissem,
924 1909 1061 1949 quem
1083 1897 1220 1938 valde
1243 1906 1405 1950 aptum
1434 1907 1546 1951 puto
1575 1912 1659 1951 pro
1682 1901 1781 1941 Col-

148 1969 271 2020 legio
293 1967 557 2017 Societatis,
578 1975 789 2008 reuertor
809 1969 867 2009 ad
885 1969 1073 2009 domum
1092 1970 1308 2010 canonici
1326 1970 1386 2010 M.
1411 1971 1619 2011 Thomae
1638 1972 1779 2019 Buiis,

147 2040 226 2080 vbi
258 2047 415 2080 tantus
449 2039 463 2058 ⁵
500 2040 741 2080 hominum
772 2052 995 2080 numerus
1026 2041 1175 2091 venit,
1212 2043 1484 2082 consulendi
1515 2042 1781 2083 confitendi-

145 2122 237 2162 que
254 2111 424 2162 gratia,
443 2117 494 2150 vt
514 2110 538 2150 6
557 2111 719 2151 diebus
737 2111 971 2151 continuis
992 2123 1084 2151 non
1106 2112 1335 2163 potuerim
1358 2113 1470 2164 ipsis
1491 2113 1779 2161 satisfacere,

150 2183 258 2223 licet
280 2194 417 2222 mane
438 2182 557 2222 hora
584 2182 648 2221 6²²
674 2182 930 2234 inciperem
959 2189 1003 2222 et
1029 2194 1178 2234 vsque
1208 2182 1267 2222 ad
1295 2196 1540 2235 vesperam
1570 2185 1635 2225 6²²
1666 2186 1782 2226 hora

147 2254 504 2294 continuarem:
534 2259 666 2294 tanta
696 2260 797 2294 erat
825 2254 1011 2293 deuotio
1040 2254 1220 2305 populi,
1250 2261 1300 2294 vt
1328 2256 1409 2295 vix
1435 2257 1682 2307 prandium
1714 2269 1783 2297 su-

149 2337 275 2365 mere
295 2325 472 2365 liceret.
497 2324 738 2375 Quaedam
761 2336 991 2375 personae
1014 2326 1191 2365 nobiles
1213 2338 1239 2365 a
1262 2326 1441 2366 duobus
1459 2328 1686 2368 milliariis
1707 2342 1782 2369 ve-

148 2397 353 2437 niebant.
379 2396 617 2447 Quotquot
638 2402 868 2436 venerunt
889 2397 1043 2436 nullus
1064 2397 1163 2437 sine
1185 2409 1359 2448 magna
1390 2399 1710 2440 consolatione
1736 2401 1782 2440 in

149 2467 354 2508 Domino
378 2467 556 2518 abibat,
580 2467 788 2507 dicentes
816 2467 939 2519 quod
962 2479 1054 2507 non
1082 2468 1343 2508 voluissent
1374 2481 1456 2520 pro
1487 2476 1584 2510 toto
1614 2470 1781 2510 Nouio-

148 2549 305 2589 mago,
330 2539 440 2589 quin
462 2538 721 2578 adfuissent
742 2539 875 2578 nobis
897 2537 925 2578 ¹³.
946 2538 1034 2579 Tot
1052 2540 1307 2580 lachrimae
1325 2539 1695 2590 effundebantur,
1716 2548 1782 2582 tot

145 2620 272 2649 noua
293 2609 533 2661 proposita
556 2609 678 2649 bona
700 2609 985 2660 operabatur
1006 2609 1239 2650 Dominus
1262 2611 1620 2662 (cuiuscumque
1641 2612 1782 2653 etiam

204 2794 213 2813 Ι
253 2793 426 2827 quidnam
444 2793 689 2819 necessarlum
706 2793 804 2819 domi
819 2795 923 2820 esset:
939 2794 991 2821 sic
1007 2794 1083 2821 alii.

203 2842 216 2860 Ξ
253 2840 384 2868 Noster
397 2840 523 2875 hospes
537 2842 752 2867 testamento
763 2840 896 2873 legavit
910 2841 1087 2870 societati.

203 2888 216 2907 ⁵
254 2895 320 2921 quo
335 2889 472 2915 tantus.

203 2936 218 2955 ¹⁶
254 2935 312 2962 EJ:
326 2935 382 2962 his
397 2936 458 2969 qui
472 2935 662 2962 veniebant
680 2935 800 2961 nullus
815 2935 894 2962 sine
909 2943 1038 2969 magna
1054 2937 1293 2965 consolatione
1308 2938 1345 2964 in
1361 2936 1511 2964 Domino
1527 2939 1647 2966 abibat
1662 2940 1780 2967 dicen·

148 2986 205 3011 tes
219 2983 383 3010 nonnulli
396 2983 487 3017 quod
507 2982 705 3010 noluissem
718 2986 783 3017 pro
798 2984 868 3009 toto
883 2983 1099 3018 Noviomago
1114 2992 1181 3011 non
1194 2985 1357 3018 adfuisse
1374 2984 1482 3012 nobis.
