2028 3328
124 126 192 163 15O
635 125 862 162 LITTERAE
891 136 1250 168 QUADmMEsTREs

120 223 358 273 inuiseret,
393 221 597 262 nondum
632 222 784 262 rediit.
813 223 1104 273 Expectatur
1134 228 1290 262 tamen
1312 222 1358 261 in
1380 221 1493 272 dies,
1528 226 1572 261 et
1598 232 1758 261 morae

123 305 317 333 causam
338 293 572 333 credimus
594 304 697 332 esse
720 292 843 344 quod
864 292 1113 344 Syracusis
1135 300 1178 333 et
1209 292 1432 341 Catanae,
1465 292 1521 332 ob
1543 293 1756 342 collegia,

122 376 242 415 quae
264 364 325 404 ibi
347 364 606 404 extruenda
629 370 750 413 sunt,
776 364 1047 415 aliquandiu
1077 364 1205 403 illum
1235 363 1433 403 detineri
1461 374 1652 403 necesse
1674 369 1757 402 est.

204 434 345 474 Plura
380 435 467 485 his,
504 446 623 486 quae
658 434 877 485 scribam,
915 447 1008 475 non
1043 440 1315 480 occurrunt,
1356 433 1684 474 colendissime
1715 434 1761 473 in

123 505 312 546 Christo
328 506 482 557 Pater;
501 512 546 546 et
561 506 779 557 quoniam
796 506 1084 558 paucissima
1102 512 1225 557 sunt,
1246 516 1471 556 rogamus
1490 504 1544 545 R.
1569 504 1617 545 Ρ.
1637 505 1690 545 T.
1713 511 1762 544 ut

123 577 247 628 apud
268 576 435 628 Deum,
459 578 535 628 qui
555 583 720 629 potens
742 584 811 617 est
831 576 987 617 facere
1010 584 1057 617 ut
1076 578 1120 617 in
1140 589 1275 617 omne
1293 588 1409 627 opus
1426 576 1598 616 bonum
1621 576 1762 616 abun-

122 648 286 688 demus
302 648 401 688 eius
421 649 590 699 gratia,
607 660 691 700 pro
714 648 847 688 nobis
868 648 1159 689 intercedere
1181 647 1415 699 dignetur,
1439 659 1530 699 quo
1554 647 1764 688 utiliores

124 720 324 770 posthac
347 720 470 760 serui
493 731 594 759 esse
617 720 864 771 possimus.
890 719 1055 760 Amen.

205 790 467 841 Messanae,
495 790 542 830 13
566 789 952 842 Septemb-1554.

532 861 583 901 R.
608 861 658 902 P.
682 861 734 901 T.
756 862 932 902 inutilis
953 874 1118 902 seruus
1141 862 1185 901 in
1208 860 1292 901 X.0
1312 860 1437 913 Jesu,

1005 1005 1225 1045 ANNIBAL
1255 1017 1286 1044 A
1317 1004 1553 1045 CODRETo.

206 1222 267 1261 In
296 1225 469 1272 quarm
492 1220 682 1272 pagina
712 1220 824 1259 llaec
851 1223 1038 1259 tantum
1065 1219 1314 1269 leguntur.
1346 1221 1372 1267 †
1392 1219 1555 1259 Mess.a
1577 1218 1769 1260 Settem-

125 1293 207 1333 bre
233 1293 346 1332 1554.

613 1647 819 1680 Exemplum
836 1647 985 1673 alterum
1002 1647 1082 1673 item
1097 1646 1362 1680 autographum.

939 1753 960 1786 †

906 1789 1005 1831 IHS

209 1935 376 1976 Gratia
400 1934 589 1975 Domini
609 1934 720 1986 Jesu
742 1933 816 1974 X.i
847 1933 905 1973 sit
928 1944 1032 1973 cum
1055 1933 1222 1984 spiritu
1243 1937 1421 1972 nostro.
1447 1931 1614 1971 Amen.

208 2005 453 2046 Profectus
475 2005 748 2057 spiritualis,
772 2004 912 2045 Pater
935 2005 1108 2056 optime
1132 2004 1179 2044 in
1200 2003 1387 2044 Christo
1416 2003 1543 2056 Jesu,
1569 2008 1772 2054 quatuor

128 2078 200 2117 his
222 2077 459 2117 mensibus
479 2077 569 2117 hac
590 2077 637 2116 in
659 2076 772 2116 urbe
795 2075 1049 2128 quaesitus,
1075 2075 1162 2115 etsi
1183 2087 1276 2115 non
1298 2080 1368 2115 est
1387 2074 1576 2114 omnino
1597 2074 1768 2121 nullus,

129 2156 287 2188 tamen
320 2161 414 2189 non
446 2154 604 2188 tantus
637 2154 722 2198 est,
755 2153 804 2187 ut
835 2157 1059 2197 magnum
1090 2146 1264 2198 aliquid
1291 2145 1505 2197 proferre
1532 2145 1695 2197 possit,
1729 2151 1772 2184 et

130 2232 236 2260 cum
258 2220 329 2269 iis,
354 2232 474 2271 quae
495 2219 595 2259 fieri
616 2219 720 2259 aliis
741 2219 788 2258 in
810 2218 925 2258 locis
948 2218 1179 2267 audimus,
1204 2217 1554 2257 conferendum.
1580 2216 1773 2257 Praeter

130 2291 413 2331 domesticas
444 2290 697 2330 conciones
730 2289 866 2341 (quae
896 2299 1068 2339 magna
1099 2288 1287 2340 quidem
1317 2287 1580 2339 frequentia
1603 2287 1774 2327 haben-

130 2362 235 2413 tur),
256 2363 346 2402 duo
364 2374 421 2402 ex
439 2361 657 2402 Patribus
678 2361 876 2411 singulis
898 2359 1268 2400 hebdomadibus
1282 2360 1329 2399 in
1347 2358 1645 2399 monasteriis
1667 2370 1773 2398 con-

133 2434 397 2473 cionantur.
430 2433 555 2473 Idem
586 2439 630 2473 et
653 2433 732 2472 alii
758 2444 816 2472 ex
843 2431 1017 2471 nostris
1044 2431 1222 2471 faciunt
1250 2430 1536 2480 sacerdoteS,
1569 2429 1651 2470 sed
1680 2441 1774 2469 non

132 2511 306 2545 statuto
334 2510 544 2556 tempore
572 2510 652 2543 aut
680 2505 798 2543 loco.
829 2502 991 2543 Lectio
1015 2501 1161 2551 Pauli,
1187 2501 1460 2553 aliquandiu
1489 2500 1771 2548 intermissa,

134 2576 348 2627 proximo
371 2586 528 2615 mense
551 2580 789 2626 resumpta
813 2580 896 2623 est,
923 2585 1209 2625 quamquam
1230 2585 1324 2613 non
1350 2573 1408 2612 ab
1429 2572 1607 2622 eodem,
1634 2583 1660 2610 a
1682 2582 1774 2622 quo

135 2652 244 2687 ante
278 2646 538 2697 legebatur,
561 2645 713 2685 Patre.
748 2645 844 2685 Nec
873 2644 1045 2684 habent
1073 2644 1197 2696 quod
1228 2644 1283 2684 de
1311 2643 1440 2684 uerbi
1461 2642 1550 2682 Dei
1577 2642 1775 2693 penuria

138 2718 345 2758 Messani
378 2722 656 2768 querantur;
693 2722 789 2756 tres
817 2716 940 2755 enim
967 2715 1100 2755 Pauli
1135 2715 1356 2767 epistolas
1390 2714 1774 2765 interpretantur,

138 2790 295 2839 plures
326 2788 684 2837 concionantur,
722 2787 800 2827 alii
828 2787 970 2826 etiarn
999 2786 1091 2826 alia
1118 2787 1294 2836 legunt.
1323 2785 1484 2836 Neque
1510 2783 1557 2824 id
1586 2784 1776 2824 omnino

138 2859 378 2900 inutiliter.
398 2858 592 2899 Praeter
614 2858 737 2898 enim
758 2869 853 2906 eos,
877 2857 954 2908 qui
975 2857 1099 2908 apud
1129 2868 1215 2896 nos
1244 2855 1537 2905 confitentur,
1562 2854 1639 2906 qui
1661 2866 1774 2894 sane

137 2931 273 2971 multi
298 2935 419 2979 sunt,
443 2929 547 2969 aliis
581 2940 764 2980 quoque
799 2929 845 2968 in
880 2927 1064 2978 templis
1098 2927 1316 2978 permulti
1350 2926 1617 2976 audiuntur,
1656 2931 1700 2966 et
1730 2925 1779 2965 in
