2028 3328
804 98 888 134 AN.
921 99 1012 136 1554
1678 113 1722 147 415

169 191 296 232 Tutti
317 203 400 243 per
419 193 573 244 gratia
596 193 638 233 d'
663 193 792 233 Iudio
815 194 983 235 stiamo
1006 197 1132 237 assai
1166 198 1282 239 bene
1309 209 1353 239 et
1384 202 1444 241 mi
1474 214 1585 253 parc
1610 208 1723 255 ogni

89 263 258 313 giorno
280 264 318 302 si
341 270 592 314 augmenta
627 265 671 304 la
704 271 868 305 nostra
902 267 1056 306 sanita
1093 275 1137 308 et
1166 269 1311 309 foi-za.
1343 270 1638 321 Ringratiato
1657 277 1724 316 sin

91 333 180 373 Dio
203 334 363 384 d’ogni
385 346 496 375 cosa
517 342 561 375 et
582 335 624 375 ci
645 335 722 375 dia
743 336 898 386 gratia
920 337 975 376 de
998 339 1180 388 operar'
1202 340 1242 379 16
1266 349 1425 382 nostre
1443 342 1569 384 forze
1592 358 1617 385 a
1640 358 1722 386 sua

89 404 240 454 gloria
274 412 319 444 et
349 406 529 446 honor‘.
559 405 725 446 Amen.
750 406 877 446 Tutti
898 407 1200 450 humilmente
1222 411 1264 450 ci
1286 415 1723 456 racommandiamo

89 475 178 515 alle
199 476 400 517 orationi
421 484 464 517 et
486 476 702 517 sacrificii
724 477 770 517 di
792 489 834 518 V.
860 489 895 518 r.
921 490 963 529 p.
989 486 1033 519 et
1056 480 1100 519 di
1124 487 1242 520 tutta
1261 483 1302 521 la
1326 494 1435 523 casa
1458 492 1502 524 et
1520 487 1723 537 collegii.

172 545 231 586 Di
251 546 460 588 Tournai
481 549 559 588 alli
579 548 630 588 27
651 548 708 588 de
723 548 885 601 junio,
914 550 1028 589 1554.

170 617 240 657 De
266 618 319 657 V.
344 617 396 658 R.
424 618 471 659 P.
497 620 656 660 inutile
672 631 810 659 seruo
834 621 878 660 in
900 621 1165 673 Jesuchro.‚

1017 765 1275 807 BERNARDO
1310 766 1550 809 OLIUERIO.

174 976 533 1027 superscriptio
551 977 600 1017 in
623 981 796 1028 quarta
808 978 1016 1028 pagl'na:
1039 979 1098 1019 Al
1120 981 1261 1020 molto
1284 980 1338 1020 R.
1357 980 1460 1021 dOin
1495 981 1578 1021 X.0
1620 982 1673 1022 P.
1703 983 1731 1022 11

94 1044 246 1085 Padre
268 1046 553 1098 Mfllgnatio
576 1049 632 1088 cle
661 1049 864 1100 Loy01a‚
906 1048 1150 1101 Preposito
1183 1052 1405 1101 generale
1441 1051 1561 1092 della
1598 1052 1732 1093 Com-

93 1123 164 1168 pss
181 1117 236 1157 de
257 1118 385 1170 Jesu,
411 1118 458 1158 in
483 1118 646 1160 Roma.

174 1188 285 1228 Alsa
301 1201 460 1230 manu.
486 1191 558 1231 54.
583 1190 790 1243 Tornay,
808 1192 860 1232 ‘27
880 1192 1021 1245 Junii.

173 1259 337 1300 Manet
349 1261 693 1312 fragmentum
710 1273 845 1302 cerae
867 1263 1040 1303 rubrae
1059 1268 1101 1304 et
1122 1263 1295 1315 szgillzt

805 1692 1029 1747 COGIV

168 1915 214 1953 P.
237 1916 536 1965 Hieronymus
557 1918 817 1957 Domenech

216 1982 337 2019 Patri
356 1982 530 2030 Ignatio
551 1983 604 2022 de
621 1984 805 2032 Loyola.

265 2048 497 2095 panormo,
518 2048 566 2086 30
584 2049 701 2096 Junii
724 2051 818 2088 1554
837 2052 862 2087 ¹.

911 2206 932 2240 †

875 2242 973 2283 IHS

179 2397 322 2438 Molto
344 2397 446 2438 R.‘³0
468 2399 515 2438 in
538 2399 677 2440 Chro.
701 2400 867 2443 Padre.

177 2467 408 2510 Hauendo
430 2471 477 2510 in
497 2470 694 2522 breuita,
718 2473 958 2514 conforme
984 2475 1057 2515 all⁷
1081 2475 1360 2527 obedientia,
1383 2487 1552 2516 narrar
1573 2476 1740 2515 alcune

95 2538 216 2579 delle
238 2550 379 2591 opere
401 2541 487 2581 che
507 2541 539 2581 11
559 2540 732 2593 Signor
765 2542 894 2585 Iddio
923 2545 986 2586 ha
1020 2541 1212 2598 operato
1238 2558 1322 2598 per
1349 2546 1501 2598 questi
1533 2545 1635 2586 suoi
1655 2546 1736 2586 mi-

97 2610 211 2650 nimi
230 2611 527 2652 instrumenti
557 2613 603 2653 di
633 2621 798 2665 questo
826 2615 1034 2668 Collegio
1063 2617 1110 2658 di
1137 2616 1353 2658 Palermo
1381 2617 1428 2657 in
1455 2617 1608 2669 questi
1629 2627 1738 2668 qua-

97 2685 170 2721 tro
190 2682 409 2733 prossimi
431 2683 547 2724 mesi
565 2685 761 2736 passati,
790 2687 1125 2728 comminciaro
1161 2688 1312 2740 prima
1334 2687 1453 2729 delle
1487 2699 1627 2740 opere
1658 2686 1734 2739 piu

99 2751 368 2804 uniuersali,
392 2755 433 2794 le
455 2755 590 2806 quale
610 2755 642 2795 il
661 2754 707 2796 S.
731 2755 860 2798 Iddio
883 2758 917 2798 s’
948 2758 1009 2798 ha
1030 2759 1225 2810 dignato
1249 2770 1418 2810 operar
1445 2759 1517 2799 col
1539 2757 1735 2810 aggiuto

155 2865 164 2884 ¹
204 2865 455 2901 Autographae
481 2867 516 2894 in
542 2867 666 2902 duplici
683 2868 773 2902 folio,
799 2876 856 2896 nn.
877 2869 930 2897 158
942 2875 975 2897 et
991 2870 1051 2898 159.
1073 2870 1111 2898 In
1132 2871 1173 2898 iis
1193 2875 1327 2899 tantum
1350 2869 1611 2905 subscriptionis
1632 2870 1740 2897 verba

100 2910 260 2939 Servom
273 2912 362 2948 Jesu
375 2913 432 2942 X.⁰
447 2913 495 2942 Io.
512 2914 754 2950 Hieronymus
771 2915 971 2946 Domenech
986 2921 1064 2946 sunt
1081 2918 1197 2946 Patris
1212 2917 1410 2945 Domenech
1425 2924 1527 2944 manu
1540 2916 1681 2951 scripta.
