2028 3328
183 154 254 191 470
707 153 935 190 LITTERAE
953 164 1309 197 QUADRmsssTREs

186 250 465 290 commissae
483 250 826 290 confessionem
843 261 1116 302 expressam
1130 249 1305 298 habuit,
1326 254 1374 288 ut
1391 249 1539 288 nostri
1555 248 1708 289 Patris
1726 251 1823 290 ani»

186 333 312 361 mum
348 321 407 361 ad
444 322 801 362 ardentissimae
831 321 1019 372 pietatis
1049 320 1253 359 studium
1280 318 1556 369 adduceret,
1587 320 1816 360 excitaret

187 392 577 443 accenderetque3
616 392 692 444 qui
726 394 877 432 leuem
913 393 953 431 ei
988 391 1343 442 poenitentiam,
1387 390 1443 429 ob
1483 391 1817 441 grauissimum

186 463 337 503 morbi
367 463 548 514 pondus
580 464 837 515 imponens,
862 462 1094 513 pollicitus
1122 467 1190 500 est
1211 461 1457 511 nonnulla,
1488 472 1573 512 pro
1604 461 1818 512 augenda

185 534 485 584 poenitentia,
525 534 756 574 sacrificia
792 546 841 573 se
876 533 976 572 Deo
1010 533 1288 571 oblaturum.
1326 531 1477 582 Quam
1509 526 1688 572 obrem
1722 532 1821 583 ipse

186 612 423 655 aegrotus,
449 605 567 645 actis
587 605 770 655 gratiis,
794 605 939 655 petita
962 603 1172 642 oratione
1203 602 1366 653 suique
1395 603 1634 649 memoria,
1667 603 1820 654 ipsum

189 688 328 727 quam
345 675 638 716 familiariter
659 676 925 726 amplexum
946 674 1360 723 deosculatumque.
1388 673 1548 712 uoluit.
1581 672 1655 713 Ad
1686 685 1823 724 quem

190 746 325 786 Pater
347 753 519 795 noster,
545 759 643 786 rem
665 746 871 786 diuinam
891 746 1114 794 facturus,
1145 744 1279 795 eique
1310 742 1622 794 depostulanti
1645 743 1820 785 Christi

189 829 359 868 corpus
393 818 850 866 subministraturuS,
883 821 1046 866 postea
1079 826 1295 854 reuersus
1332 820 1415 853 est.
1452 814 1590 854 Vnde
1624 816 1688 855 illi
1723 822 1819 855 tam

188 888 340 928 subita
363 900 417 928 ac
440 889 679 939 repentina
705 887 924 939 profluxit
946 886 1155 934 mutatio,
1181 891 1229 925 ut
1264 886 1340 925 illa
1363 885 1509 925 diuini
1532 886 1654 926 vatis
1675 887 1819 926 canti-

190 961 295 999 lena
322 960 367 999 in
402 971 505 999 eum
536 959 775 1010 aptissime
806 963 1056 1008 competat:
1091 956 1417 1004 renouabitur,
1449 960 1500 996 ut
1531 958 1734 1009 aqm'lae,
1757 957 1824 997 izc-

191 1034 368 1070 uentus
402 1034 500 1069 tna.
531 1030 648 1070 Nam
680 1041 815 1081 quem
845 1030 944 1079 ipse
973 1027 1125 1068 Deum
1158 1031 1298 1080 paulo
1339 1037 1447 1070 ante
1482 1029 1823 1080 uituperatione

192 1102 327 1141 foeda
363 1101 607 1151 affecisset,
640 1113 763 1140 nunc
786 1099 978 1140 summis
1006 1106 1049 1139 et
1081 1101 1375 1141 creberrimis
1402 1101 1615 1141 laudibus
1637 1100 1824 1140 extolle-

190 1172 269 1211 bat
290 1184 345 1212 ac
367 1173 649 1212 cumulabat.
674 1171 884 1211 Tandem
906 1182 1009 1210 cum
1032 1171 1126 1210 iam
1147 1172 1291 1211 tactui
1314 1171 1430 1211 dura
1452 1183 1559 1211 ossa
1585 1171 1703 1222 pelle
1724 1171 1824 1210 sola

191 1243 352 1283 induta
375 1244 698 1292 adhaererent,
724 1244 848 1283 facto
873 1255 898 1282 a
922 1242 1060 1282 Patre
1081 1254 1218 1282 sacro
1240 1243 1296 1282 de
1318 1243 1550 1282 dominica
1582 1242 1823 1291 Passione‚

194 1315 502 1365 precibusque
524 1326 607 1365 pro
644 1314 740 1354 eius
776 1313 1078 1365 dispositione
1101 1326 1127 1353 a
1147 1314 1282 1353 nobis
1306 1314 1519 1353 omnibus
1553 1313 1674 1363 latis,
1699 1313 1822 1352 intra

194 1386 427 1425 modicum
449 1392 645 1437 tempus,
672 1392 963 1436 assumptum
984 1384 1198 1436 spiritum
1217 1396 1301 1424 suo
1320 1384 1532 1425 Creatori
1552 1384 1767 1424 reddidit.

277 1456 478 1496 Plurima
514 1463 558 1496 et
592 1457 725 1496 uaria
756 1463 1059 1506 aegrotorum
1088 1467 1279 1507 genera,
1309 1456 1650 1507 nonnullosque
1678 1456 1725 1495 in
1748 1466 1822 1494 cu-

194 1527 345 1567 stodia
367 1528 552 1579 publica
574 1527 802 1578 detentos,
826 1527 989 1567 Patres
1011 1527 1161 1567 nostri
1182 1527 1448 1578 frequenter
1469 1526 1695 1575 inuisunt,
1721 1526 1827 1566 edo-

193 1606 314 1649 cent,
349 1599 651 1638 consolantur
687 1604 839 1650 atque,
880 1597 1173 1638 confessione
1200 1597 1372 1648 audita,
1397 1598 1443 1637 in
1466 1597 1631 1648 spiritu
1660 1596 1825 1636 confir-

193 1676 336 1709 mant.
360 1669 484 1709 Inter
505 1682 622 1721 quos
644 1669 831 1720 quidam
851 1669 1095 1709 cuiusdam
1116 1668 1309 1709 Comitis
1338 1668 1472 1719 filius,
1496 1679 1590 1707 vna
1612 1679 1719 1707 cum
1740 1679 1826 1707 sua

193 1752 355 1791 uxore,
389 1748 777 1780 connumeratum
807 1740 1047 1790 habemus,
1072 1740 1149 1791 qui
1170 1740 1509 1780 confessarium
1531 1750 1590 1778 ex
1610 1738 1826 1778 Patribus

193 1812 367 1852 nostris
388 1812 575 1852 domurn
597 1818 807 1852 nostram
829 1812 1094 1863 quaesitum
1114 1811 1252 1851 misit.

273 1882 452 1923 Eodem
482 1883 686 1923 subsidio
717 1883 999 1923 xenodochii
1029 1882 1199 1922 infirmi
1226 1881 1656 1932 communicantur;
1697 1881 1829 1920 cuius

194 1955 537 2005 pergratissimi
558 1955 697 1994 studii
733 1954 1076 1994 commendatio
1104 1954 1426 2005 praefectuum
1447 1951 1729 1992 xenodochii
1761 1963 1832 1991 ar-

194 2025 466 2065 dentissimo
510 2026 556 2065 in
600 2037 687 2065 nos
718 2025 873 2065 animo
920 2025 1034 2065 satis
1077 2036 1308 2076 superque
1353 2030 1512 2075 aperte
1545 2024 1827 2073 declaratur3

196 2096 366 2147 quippe
388 2096 465 2147 qui
487 2096 687 2148 aliquem
717 2108 776 2136 ex
797 2096 969 2136 nostris
991 2095 1222 2145 Patribus,
1254 2095 1332 2146 qui
1355 2094 1562 2145 aegrotis
1584 2093 1829 2133 exhortan-

197 2166 282 2217 dis,
306 2168 615 2207 sacramentis
638 2167 1036 2216 administrandis,
1061 2166 1256 2206 mortuis
1287 2166 1525 2217 sepultura
1558 2164 1828 2214 afficiendis,

195 2238 431 2278 nonnullis
465 2239 622 2289 pueris
657 2238 870 2278 doctrina
906 2238 1033 2278 tenui
1063 2244 1107 2277 et
1144 2237 1276 2277 bonis
1315 2236 1520 2276 moribus
1548 2235 1828 2285 imbuendis,

196 2314 434 2358 praeesset
472 2309 848 2361 persisteretque,
885 2315 984 2348 tota
1024 2308 1307 2359 cogitatione
1342 2307 1603 2358 cupiebant.
1643 2305 1746 2356 Qua
1775 2305 1831 2346 de

195 2390 245 2418 re
261 2379 309 2419 Ρ.
322 2379 571 2420 Rectorem
595 2379 603 2398 ¹
627 2387 911 2420 conuentum
927 2379 1202 2429 habuerunt,
1219 2384 1483 2418 asserentes
1501 2377 1640 2428 (ultra
1656 2376 1829 2416 uberri-

197 2461 324 2490 mum
352 2450 556 2490 fructum
577 2451 634 2490 ab
656 2463 710 2490 eo
732 2451 870 2490 Patre
892 2451 1097 2500 aegrotis
1117 2450 1366 2501 puerisque
1389 2449 1451 2488 ibi
1473 2446 1830 2499 expectandum)

199 2532 391 2561 causam
425 2521 565 2561 etiam
599 2522 747 2561 nostri
787 2521 1100 2572 amplificandi
1133 2527 1272 2572 atque
1299 2517 1614 2570 locupletandi
1649 2516 1833 2568 collegii

200 2591 306 2631 inde
322 2592 575 2631 maximam
597 2592 886 2632 effluxuram.
911 2592 1088 2643 Quibus
1109 2591 1256 2631 nostri
1277 2590 1455 2640 Patres,
1479 2596 1609 2629 tuum
1625 2589 1833 2628 animum

199 2668 548 2713 pernoscentes,
573 2674 662 2713 quo
685 2674 849 2702 seruos
876 2669 981 2703 tuos
997 2674 1088 2702 non
1105 2662 1168 2702 ita
1187 2661 1437 2702 adstrictos
1459 2665 1502 2700 et
1523 2665 1834 2710 aggrauatOS,

203 2732 284 2770 sed
306 2733 431 2772 omni
451 2733 533 2772 tali
554 2733 758 2783 pondere
779 2739 1073 2783 exoneratos,
1098 2732 1314 2784 omnique
1335 2729 1600 2771 huiusmodi
1622 2741 1734 2769 cura
1755 2740 1834 2768 ex-

203 2802 401 2853 peditos,
417 2803 476 2842 ad
488 2802 641 2842 studia
656 2803 939 2843 uniuersalia
957 2803 1255 2854 conferenda,
1270 2801 1512 2854 possidere
1524 2801 1727 2840 maxime
1741 2804 1835 2839 stu·
1846 2816 1850 2823 v*

260 2958 268 2976 ¹
312 2958 346 2984 P.
363 2958 557 2992 Philippum
572 2957 691 2987 Fabri.
