2028 3328
154 119 222 155 158
664 117 891 155 LITTERAE
917 128 1279 160 QUADRIMESTRES

150 217 452 265 incrementa,
478 215 516 255 si
537 213 677 254 modo
699 213 755 253 de
777 215 986 255 externis
1014 215 1291 255 interiorum
1319 216 1640 256 coniecturam
1663 215 1784 256 face-

147 300 197 327 rc
214 288 335 338 licet,
360 294 561 328 sumunt.
586 288 834 340 Reliquum
855 293 924 327 est
948 286 1000 327 R.
1021 286 1070 326 Ρ.
1095 287 1153 327 V.
1180 286 1545 327 submississime
1568 287 1784 338 deprece-

149 371 267 409 mur,
292 365 339 399 ut
362 359 556 407 isthaec,
582 360 944 411 qualiacumque
966 365 1087 408 sunt,
1112 358 1247 409 aequi
1268 357 1469 409 bonique
1491 357 1649 398 faciat.

227 430 419 470 Fratres
441 442 602 470 omnes
624 442 725 470 sese
747 430 976 482 imprimis
998 428 1121 469 Rdae
1150 428 1198 469 P.
1220 428 1298 479 V.‚
1323 440 1378 468 ac
1403 429 1569 469 deinde
1587 429 1787 469 aliorum

148 503 371 552 omnium,
402 502 480 553 qui
510 501 714 541 audituri
745 508 824 541 aut
852 501 1020 541 lecturi
1050 506 1171 550 sunt,
1202 499 1494 539 orationibus
1522 511 1661 551 quam
1682 511 1786 551 pos-

146 578 253 613 sunt
275 573 477 613 maxime
501 571 847 612 commendant.

226 645 297 684 Ex
318 643 530 695 Neapoli,
557 643 603 683 17
626 643 806 684 calend.
833 642 999 684 Octob.
1025 642 1139 683 1554.

227 715 446 755 Minimus
465 715 669 755 omnium
695 720 896 765 tuorum,

1029 856 1312 897 THEODORUS
1342 855 1607 896 PELTANUS.

229 1071 336 1112 Alsa
367 1083 513 1112 manu
540 1072 589 1111 in
617 1074 791 1122 quarta
815 1070 1030 1122 pagina:
1066 1070 1180 1109 1554.
1216 1068 1370 1119 Quad.
1400 1067 1545 1119 Neap.
1571 1067 1700 1120 Sept.

780 1498 1156 1552 CCCXXVH

215 1727 436 1775 josephus
455 1728 508 1765 de
527 1727 698 1764 Acosta

264 1793 387 1829 Patri
408 1793 574 1839 Ignatio
598 1794 650 1830 de
671 1793 854 1839 Loyola.

308 1857 563 1905 Methymna
585 1858 751 1905 Campi,
774 1857 821 1895 30
841 1857 1114 1905 Septembris
1136 1857 1228 1894 1554
1247 1857 1272 1892 ¹.

948 2013 969 2046 ,ἰ-

915 2049 1013 2090 IHS

221 2211 491 2252 Admodum
513 2210 614 2251 R.de
645 2211 691 2251 in
713 2211 904 2252 Christo
922 2209 1077 2250 Pater.

223 2282 389 2324 Gratia
411 2289 455 2323 et
477 2295 571 2335 pax
607 2282 783 2323 Christi
816 2281 927 2334 Jesu
962 2280 1119 2321 foueat
1150 2291 1335 2332 semper
1367 2280 1552 2320 animos
1574 2285 1779 2329 nostros,

142 2355 360 2406 spiritum
381 2366 517 2395 suum
540 2355 587 2394 in
609 2354 744 2394 nobis
766 2364 960 2404 augens.
986 2352 1157 2392 Amen.

222 2425 339 2466 Cum
360 2425 409 2466 P.
447 2424 833 2466 Commissarium
855 2423 868 2442 ‘³
891 2428 1209 2464 conuenturus
1246 2421 1575 2463 Vallisoletum
1599 2420 1780 2473 profici—

141 2501 367 2546 sceretur,
392 2495 541 2548 deque
557 2496 710 2536 reditu
728 2506 902 2546 anceps
917 2494 967 2534 Ρ.
988 2493 1177 2544 Rector‚
1198 2493 1363 2534 Petrus
1380 2492 1630 2542 Seuillano,
1655 2491 1778 2532 hanc

141 2567 299 2617 nobis,
328 2567 671 2618 quadrImestre
695 2577 905 2618 pensum,
936 2577 994 2605 ex
1029 2576 1158 2605 more
1180 2563 1568 2604 conscribendam
1589 2561 1781 2603 manda-

141 2639 221 2680 uit.
241 2638 299 2678 Et
315 2638 465 2690 primo
483 2638 670 2690 quidem
686 2638 742 2678 de
759 2637 1044 2688 domesticiS,
1064 2642 1252 2688 praeter
1267 2635 1541 2676 sacerdotes
1557 2639 1778 2686 quatuor,

199 2801 208 2820 ¹
247 2798 496 2833 Autographae
512 2798 545 2825 in
560 2798 684 2832 duplici
702 2798 791 2830 folio,
805 2798 914 2832 primo
931 2798 992 2825 sub
1008 2805 1029 2825 n
1055 2797 1118 2832 323,
1134 2797 1245 2825 altero
1263 2803 1345 2824 vero
1359 2802 1425 2822 non
1439 2798 1630 2822 numerato.

196 2849 210 2867 ‘2
247 2848 289 2875 Ρ.
306 2845 513 2874 Franciscus
528 2846 567 2872 de
585 2845 699 2879 Bor-Ja,
716 2845 781 2879 qui,
800 2845 903 2872 Patre
918 2845 1128 2880 Hieronymo
1141 2845 1256 2872 Natali
1267 2844 1339 2879 Jam
1354 2843 1417 2870 hoc
1430 2846 1583 2876 tempore
1597 2842 1628 2869 in
1640 2841 1780 2869 Italiam

142 2896 308 2930 profecto,
326 2893 514 2929 Hispaniae
530 2892 794 2920 commissarius
809 2896 896 2927 crat,
920 2896 952 2920 et
968 2892 1164 2920 Vallisoleti
1180 2899 1267 2920 nunc
1285 2891 1317 2918 in
1333 2889 1429 2918 curia
1444 2889 1614 2923 Principis
1627 2889 1781 2923 Joannae

143 2943 361 2970 morabatur.
1296 2945 1299 2948 ·
