2028 3328
220 146 291 183 494
742 144 968 182 L1TTERAE
988 153 1345 188 QUADRIMESTRES

879 593 1188 647 GGGXGH

292 825 546 863 Bernardus
566 823 791 862 Oliverius

339 890 461 928 Patri
480 889 648 937 Ignatio
672 888 724 925 de
745 888 927 935 Loyola.

430 955 646 999 Tornaco,
667 953 713 992 30
732 953 835 1000 Maji
857 953 948 989 1555
971 953 995 987 ².

983 1160 1083 1238 1138

220 1375 525 1427 Omnipotens
548 1376 695 1421 Dens,
718 1375 799 1426 (μή
825 1386 911 1413 nos
941 1385 1111 1414 vocare
1142 1374 1379 1423 dignatus
1406 1377 1477 1412 est
1498 1373 1548 1412 2'12
1571 1373 1851 1413 Societatem

217 1446 435 1495 Fz'lz'l'sztz',
447 1451 603 1486 seruet
619 1458 705 1486 nos
718 1458 878 1485 omnes
891 1451 1075 1496 semper
1090 1445 1140 1485 in
1157 1457 1247 1485 sua
1265 1444 1432 1494 gratia
1449 1448 1493 1484 et
1503 1449 1634 1495 pace.
1652 1445 1801 1484 Amen
1819 1443 1847 1484 ².

294 1518 381 1558 Tot
398 1519 636 1559 obruimur
654 1517 858 1568 quotidie
876 1517 964 1568 piis
982 1516 1382 1568 occupationibus,
1402 1515 1654 1555 admodum
1676 1515 1776 1555 RQ
1802 1516 1850 1555 in

213 1588 295 1630 X.0
317 1590 468 1637 Pater,
494 1596 542 1629 vt
558 1592 833 1640 praestaret
855 1587 868 1606 ⁵
886 1600 965 1628 eas
988 1600 1127 1639 opere
1146 1588 1313 1639 exequi
1331 1599 1470 1638 quain
1488 1587 1665 1638 scripto
1693 1599 1849 1627 recen-

213 1673 316 1701 sere
337 1693 344 1712 ,
382 1661 470 1700 nisi
501 1666 663 1700 sancta
703 1660 965 1700 obedientia
994 1659 1196 1711 primurn
1232 1660 1279 1699 in
1322 1659 1537 1699 omnibus
1572 1659 1726 1698 locum
1762 1658 1847 1698 sibi

213 1733 378 1772 merito
413 1731 700 1771 vendicaret.
738 1731 888 1771 Huius
916 1731 1071 1782 itaque
1094 1732 1236 1779 iussn,
1270 1742 1388 1782 quae
1417 1730 1633 1781 proximo
1663 1730 1846 1781 quadri-

212 1803 371 1843 mestri
399 1803 474 1843 hic
499 1803 809 1852 contigerunt
830 1801 859 1852 ²⁴,
884 1802 1047 1853 paucis
1077 1803 1378 1852 complectar.

290 1874 429 1914 Pater
443 1881 602 1914 noster
618 1873 669 1913 R.
694 1873 943 1924 Quintinus
963 1872 977 1891 ⁵
994 1873 1190 1924 singulis
1210 1873 1372 1912 diebus
1390 1872 1571 1912 festiuis
1592 1877 1636 1911 et
1653 1871 1845 1911 domini-

209 1945 276 1985 cis
292 1945 444 1996 pergit
458 1945 728 1985 concionari
740 1951 783 1985 et
797 1944 1059 1984 doctrinam
1076 1944 1383 1984 christianam
1397 1954 1645 1995 exponere:
1669 1949 1713 1983 et
1727 1943 1846 1982 sicut

207 2016 253 2056 in
270 2016 369 2056 dies
390 2017 560 2057 crescit
588 2016 855 2056 auditorum
876 2027 1113 2064 numerus,
1129 2015 1193 2055 ita
1211 2015 1484 2055 eorumdem
1502 2015 1671 2054 crescit
1694 2013 1846 2065 profe-

203 2092 321 2138 ctus;
346 2087 532 2138 plurimi
553 2088 690 2135 enim,
716 2093 909 2138 peracta
937 2087 1177 2136 concione,
1209 2085 1503 2136 confitentur,
1534 2096 1731 2137 quorum
1768 2085 1844 2124 ali-

207 2158 284 2209 qui
305 2159 362 2198 ab
392 2158 577 2198 haeresi
611 2158 907 2209 resipiscunt,
939 2157 1016 2197 alii
1051 2169 1077 2196 a
1114 2156 1255 2197 vitiis.
1291 2156 1415 2196 Inter
1446 2162 1627 2196 ceteros
1657 2155 1843 2206 quidam

203 2228 412 2269 famosus
433 2229 751 2280 impudicitiae
773 2229 926 2269 fautor
948 2235 993 2268 et
1014 2229 1200 2280 hospes,
1232 2228 1310 2279 qui
1340 2227 1464 2267 dorni
1486 2238 1598 2266 suae
1629 2233 1737 2267 octo
1763 2235 1842 2266 aut

203 2300 359 2351 plures
382 2301 561 2351 publice
583 2300 858 2352 prostitutas
887 2300 1065 2351 puellas
1100 2299 1268 2349 alebat,
1305 2305 1499 2350 peracta
1541 2297 1839 2338 confessione

203 2372 413 2422 generali
433 2372 583 2412 eidem
600 2371 742 2420 Patri,
766 2371 889 2411 serio
906 2371 1117 2422 resipuit,
1138 2377 1182 2410 et
1199 2381 1360 2410 omnes
1376 2369 1554 2420 puellas
1573 2370 1676 2408 illas
1698 2380 1724 2407 a
1741 2368 1840 2408 suis

205 2442 397 2482 aedibus
419 2442 602 2492 abiecit,
634 2454 776 2482 Vnam
797 2442 990 2482 tradidit
1025 2442 1203 2493 nuptui,
1242 2447 1286 2481 et
1312 2441 1460 2480 altera
1496 2445 1657 2480 nostro
1696 2450 1841 2480 suasu

258 2625 268 2644 ¹
307 2625 558 2660 Autographae
574 2626 698 2660 duplici
716 2626 807 2659 solio,
830 2633 887 2653 nn.
905 2625 958 2652 369
979 2630 1013 2652 et
1027 2624 1308 2658 aut—Quaedam
1330 2625 1361 2651 in
1382 2624 1422 2652 iis
1444 2623 1635 2658 suppressit
1659 2622 1842 2653 Poiancus.

205 2672 275 2699 alia
287 2680 546 2707 suppressorurn
561 2674 634 2701 loco
646 2674 835 2707 substituit,
852 2678 884 2700 et
900 2674 1097 2700 litterarum
1111 2672 1159 2700 sic
1175 2672 1434 2699 emendatarum
1449 2671 1688 2706 apographum
1700 2672 1798 2696 extat
1810 2669 1843 2696 in

204 2719 321 2746 eodem
336 2720 463 2754 codice,
478 2720 558 2748 folio
573 2720 710 2755 duplici,
727 2728 780 2748 nn.
796 2721 846 2748 371
863 2724 896 2748 et
910 2720 973 2748 372.
991 2720 1070 2753 Nos,
1084 2724 1121 2747 ut
1137 2724 1253 2747 noster
1268 2726 1340 2746 mos
1355 2723 1418 2754 est,
1442 2719 1500 2746 illa
1523 2719 1650 2746 italicis
1673 2717 1766 2753 typis
1789 2717 1844 2744 de-

204 2766 401 2801 scribemus,
417 2767 503 2795 haec
518 2768 561 2795 ad
576 2768 723 2802 paginae
740 2769 867 2796 calcem
884 2775 1126 2802 supponemus.

257 2814 271 2833 ²
309 2814 436 2842 Horum
450 2815 524 2842 loco
540 2815 678 2850 scripsit
694 2815 863 2843 Polaticus
880 2816 956 2842 Pax
970 2815 1025 2842 X.1'

259 2861 272 2880 ⁵
310 2862 447 2889 malim.
463 2862 648 2890 Polaticus.

258 2909 272 2927 s*
311 2911 389 2936 acta
407 2911 501 2936 sunt.
517 2909 569 2938 Id.

257 2956 271 2974 ⁵
310 2956 346 2984 P.
360 2956 539 2989 Quintinus
555 2957 728 2986 Charlart.
