2028 3328
221 169 293 206 506
739 172 966 212 LITTERAE
988 185 1345 218 QUADRIMESTRES

222 266 428 317 gratiam
450 280 476 307 a
498 267 599 308 Deo
622 269 796 320 optimo
819 271 1025 311 maximo
1048 271 1357 320 obtineamus,
1383 282 1473 321 qua
1498 269 1596 310 eius
1619 271 1858 310 sanctissi-

223 349 347 377 mam
373 339 665 380 voluntatem
700 347 744 381 et
770 342 1110 394 perspiciamus
1133 348 1176 381 et
1197 341 1486 381 adamussim
1507 352 1690 392 semper
1713 341 1854 382 adim-

222 408 449 459 pleamus.

302 479 543 522 Granatae
565 482 714 534 pridie
737 482 968 523 Calendas
989 483 1127 535 Junii.

651 553 779 594 Tuae
802 554 1104 594 Paternitatis
1125 553 1247 594 filius
1269 554 1503 604 minimus,

1336 698 1362 744 †
1393 696 1433 737 Ν
1437 709 1638 737 AUARRo.
1672 699 1699 744 †

301 908 653 960 Superscrl'ptl'o
672 909 719 948 sn
737 913 911 960 quarta
923 909 1131 960 pagina:
1146 888 1258 950 IHS.
1278 908 1379 949 R.d0
1391 909 1643 951 admodum
1663 912 1708 951 in
1728 912 1856 953 Chri-

221 984 291 1019 sto
315 979 456 1030 Patri,
481 979 609 1020 Patri
631 980 860 1031 Magistro
882 980 1065 1030 Ignatio
1093 979 1307 1032 LoioIae,
1332 980 1608 1033 Praeposito
1631 983 1857 1023 Generali

222 1049 470 1090 Societatis
490 1051 613 1103 jesu.
640 1051 831 1091 Romae.

301 1121 411 1160 Alsa
433 1133 595 1161 mann:
620 1122 735 1160 1555.
760 1120 988 1162 Gratiata.
1015 1121 1407 1173 Quadrimestres.
1430 1123 1477 1163 31
1503 1125 1629 1164 maii.
1654 1124 1707 1175 Q.
1734 1123 1781 1165 S.

312 1192 573 1243 Vestigium
596 1203 728 1232 cerae
750 1196 793 1233 et
814 1192 985 1244 sigilli.

300 1263 360 1302 In
390 1263 540 1303 altero
572 1264 883 1315 apographo,
913 1268 1111 1315 praeter
1145 1265 1346 1305 similem
1381 1267 1856 1319 sztperscmptt'onem,

220 1333 332 1373 llaec
354 1334 451 1373 alm
473 1346 619 1374 manu
641 1335 822 1386 scripta
844 1339 976 1375 snut:
1002 1335 1116 1386 1555,
1142 1335 1370 1387 Granata,
1396 1336 1773 1388 Quadrimestres
1804 1340 1853 1380 31

222 1404 453 1456 Maji.—et
476 1405 666 1457 an.—Q.
691 1406 749 1446 V.

873 1834 1199 1888 CCGXGIV

288 2064 481 2111 Joannes
503 2065 753 2113 Catalanus,

339 2129 408 2166 Ex
426 2130 748 2168 commissione
770 2132 915 2169 Patris
938 2132 1117 2170 Antonii
1138 2132 1191 2169 de
1209 2132 1464 2180 Soldevilla,

386 2195 506 2232 Patri
525 2195 695 2243 Ignatio
716 2197 768 2234 de
787 2197 971 2244 Loyola.

431 2260 592 2306 Genua,
615 2261 636 2298 6
650 2261 767 2308 Junii
789 2263 881 2300 1555
901 2263 924 2299 ¹.

988 2381 1086 2459 1315

297 2538 398 2578 R.de
426 2541 473 2580 in
494 2540 682 2582 Christo
705 2541 859 2583 Pater.

298 2609 397 2650 Pax
418 2611 604 2652 Christi.

297 2679 414 2720 Cum
434 2683 753 2733 superioribus
774 2685 922 2725 literis
942 2684 1097 2725 factus
1118 2684 1263 2725 fueris
1285 2685 1472 2736 certior,
1495 2685 1634 2726 Pater
1657 2687 1846 2739 optime,

217 2748 273 2788 de
294 2750 380 2801 his,
406 2763 524 2803 quae
550 2753 784 2804 prioribus
814 2762 1014 2806 quatuor
1043 2756 1281 2795 mensibus
1308 2761 1415 2796 acta
1443 2761 1564 2807 sunt,
1596 2768 1750 2798 meum
1778 2766 1847 2798 est

218 2830 341 2860 nunc
362 2822 526 2873 paucis
550 2824 754 2865 seribere
776 2825 886 2876 quid
907 2832 1072 2877 postea
1097 2833 1284 2877 gestum
1311 2827 1384 2866 sit.
1414 2826 1650 2879 Principio
1672 2828 1846 2880 itaque,

270 2978 279 2996 ¹
319 2979 578 3015 Autographae,
595 2982 717 3016 duplici
733 2983 766 3010 in
781 2983 870 3018 solio,
887 2992 940 3013 nn.
959 2985 1009 3012 185
1022 2990 1055 3012 et
1073 2985 1135 3012 187.
