2028 3328
834 113 918 151 ΑΝ.
950 112 1040 150 1555
1681 112 1753 150 493

117 217 288 257 simum
320 217 549 256 bonarum
589 213 759 254 artium
793 202 1003 259 studiosi,
1038 208 1314 259 ibidemque,
1345 208 1383 247 si
1419 209 1528 259 quid
1565 209 1675 248 boni
1703 209 1749 248 in

119 287 292 328 scholis
314 287 589 335 didicerant,
621 284 667 324 id
700 294 834 322 omne
859 280 1012 320 uentis
1042 286 1086 319 et
1113 279 1336 318 obliuioni
1364 279 1627 319 tradebant.
1653 279 1749 319 Iam

120 371 179 400 ex
216 358 429 399 omnibus
463 357 544 397 vix
578 366 720 395 unum
755 351 984 404 reperias,
1017 350 1098 402 qui
1134 349 1303 390 audeat
1334 350 1478 390 animi
1506 350 1751 390 relaxandi

120 442 280 478 causa,
303 430 424 469 ultra
446 428 637 468 biduum
656 425 755 466 ruri
782 422 971 464 morari.
1004 422 1155 462 Fuere
1185 421 1242 461 ab
1275 421 1508 461 oratoriae
1539 421 1751 461 facultati

123 501 416 543 studentibus
451 497 772 539 oratiunculae
798 494 1029 547 quaedam
1057 494 1103 533 in
1134 499 1294 533 nostra
1327 493 1525 532 ecclesia
1548 492 1752 543 habitae,

122 584 241 625 quos
276 578 373 612 tam
409 569 682 621 composite,
714 573 810 608 tam
846 571 1010 606 ornate
1032 564 1207 605 dixisse
1238 564 1439 613 (ferunt),
1470 569 1518 603 ut
1547 564 1753 603 omnium

123 643 390 695 opinionem
417 642 675 681 uincerent.

201 713 341 754 Domi
363 723 524 752 omnes
546 717 670 751 recte
692 710 862 758 ualent,
887 713 931 748 et
953 707 998 747 in
1020 717 1202 747 summa
1224 717 1340 757 pace
1362 705 1552 756 degunt.
1573 705 1655 745 Est
1676 717 1752 745 no-

121 786 193 826 bis
214 785 447 824 hebraeus
469 783 744 823 adolescens
764 779 979 828 traditus,
1004 784 1054 818 ut
1076 789 1181 818 eum
1203 777 1490 817 christianae
1513 777 1757 828 religionis

121 856 361 898 elementis
390 855 665 895 imbuamus.
692 852 928 903 Quantum
953 849 1026 890 his
1052 849 1279 901 pauculis
1314 848 1481 900 quibus
1511 848 1636 899 apud
1665 860 1754 888 nos

123 928 233 980 egit,
258 927 420 967 diebus
442 925 706 977 profecerit,
731 935 823 963 non
859 922 994 963 facile
1024 921 1221 961 dixeris:
1245 926 1376 960 tanta
1404 926 1473 959 est
1505 919 1553 959 in
1584 931 1639 959 eo
1674 920 1752 959 hu-

125 999 341 1048 manitas,
361 1003 490 1037 tanta
513 1007 695 1036 morum
718 994 940 1046 probitas,
965 998 1095 1032 tanta
1121 991 1246 1031 uitae
1269 990 1531 1041 integritas,
1557 996 1688 1030 tanta
1710 991 1757 1031 in

125 1081 340 1111 sermone
376 1068 643 1117 sinceritaS‚
682 1066 879 1117 denique
916 1063 1055 1115 (quod
1088 1069 1157 1103 est
1191 1061 1511 1114 praecipuum)
1545 1067 1676 1101 tanta
1710 1061 1759 1102 in

125 1147 344 1192 suscepto
368 1138 608 1191 proposito
641 1135 922 1186 constantia,
945 1140 995 1174 ut
1016 1134 1128 1174 nulli
1149 1145 1241 1173 non
1264 1132 1627 1173 admirationem
1663 1144 1759 1173 mo—

125 1218 248 1254 ueat.

206 1283 277 1323 De
312 1281 536 1323 Antistite
571 1279 681 1331 quid
716 1278 895 1318 dicam?
930 1288 1070 1329 quam
1105 1277 1165 1317 sit
1191 1276 1464 1327 beneuolus,
1503 1287 1644 1328 quam
1673 1287 1763 1316 nos

126 1360 264 1404 amet,
289 1352 504 1393 omnibus
525 1357 685 1391 notum
708 1355 798 1389 est:
823 1354 1009 1389 caetera
1027 1348 1160 1388 bene.

207 1425 336 1465 Haec
364 1430 486 1468 sunt,
511 1422 611 1462 R}le
632 1421 788 1471 Pater,
824 1431 944 1472 quae
974 1426 1103 1460 tuam
1130 1419 1468 1459 Paternitatem
1490 1419 1611 1459 scire
1639 1419 1764 1459 uole-

126 1497 308 1538 bamus:
332 1501 396 1545 tu,
421 1505 610 1546 quaeso,
635 1504 718 1544 pro
740 1491 874 1532 nobis
895 1502 979 1531 ora
999 1502 1056 1531 ac
1077 1490 1177 1531 Deo
1200 1490 1491 1530 commenda.
1516 1489 1651 1530 Vale.

207 1566 435 1616 Venetiis,
464 1564 490 1604 8
511 1563 689 1605 calend.
713 1563 853 1616 Junii.

208 1639 279 1679 Ex
299 1638 430 1678 iussu
450 1636 504 1676 R.
524 1635 572 1676 Ρ.
597 1635 823 1675 Rectoris.

209 1709 355 1750 Filius
375 1708 611 1758 indignus,

1276 1848 1545 1889 ARNOLDUS.

212 2067 335 2107 Loco
357 2064 782 2117 superscriptionis
811 2064 923 2104 haec
942 2063 992 2103 in
1012 2063 1218 2103 secunda
1242 2062 1433 2113 pagina
1453 2061 1714 2112 leguntur:
1735 2062 1768 2107 Ἰ-

132 2138 510 2190 Quadrimestres
530 2136 712 2176 litterae
735 2135 932 2187 Collegii
953 2134 1126 2175 veneti.

213 2208 324 2248 Alia
346 2219 514 2248 manu:
539 2207 652 2247 1555.
676 2206 904 2248 VenetiiS.
928 2205 1305 2258 Quadrimestres
1326 2203 1378 2244 25
1398 2204 1524 2244 Maii.
