2028 3328
242 195 310 233 71-1
756 197 984 236 LITTERAE
1003 209 1360 240 QUADRIMESTRES

244 293 447 346 aliquem
469 306 526 335 ex
547 294 769 336 fratribus
791 296 1080 347 subornauit,
1105 296 1183 347 qui
1201 296 1299 335 eius
1315 295 1503 335 nomine
1521 307 1620 335 rem
1636 302 1785 337 totam
1803 309 1876 337 su-

241 365 416 416 periori
436 366 676 417 panderet.
701 366 949 408 Caeterum
972 379 1077 407 cum
1101 379 1201 407 rem
1222 366 1402 407 tardius
1433 367 1687 418 procedere
1718 379 1877 408 cerne-

242 441 333 488 ret,
363 437 625 487 longiorem
653 449 747 478 non
772 437 928 478 ferens
958 449 1154 488 moram,
1185 448 1442 488 aggressus
1471 443 1540 477 est
1567 438 1763 489 ipsemet
1795 450 1877 490 pa-

240 513 361 548 trem
382 519 475 548 non
497 508 638 548 semel
659 508 741 549 sed
762 510 949 561 saepius
979 508 1261 549 desiderium
1288 519 1425 548 suum
1455 508 1498 548 ei
1527 508 1758 560 aperiens.
1783 508 1873 561 Qui

240 578 457 629 quamuis
478 578 683 619 nondum
703 579 794 619 sint
815 579 992 631 recepti
1014 579 1136 629 (sunt
1158 579 1283 619 enim
1304 579 1419 619 satis
1442 579 1666 630 iuuenes),
1700 591 1785 620 suo
1807 587 1874 622 ta—

241 660 349 690 men
383 655 592 701 tempore
627 649 835 700 satisfiet,
872 656 922 690 vt
958 661 1217 701 speramus,
1255 656 1351 690 tam
1385 650 1474 702 piis
1511 650 1723 702 ipsorum
1757 651 1874 692 desi—

239 719 397 761 deriis.

318 791 448 832 Haec
469 798 590 842 sunt,
614 791 886 832 Reuerende
907 791 1060 842 Pater,
1089 803 1207 843 quae
1228 792 1433 832 breuiter
1463 793 1711 833 scribenda
1744 794 1871 845 duxi;

237 874 373 913 quae,
398 874 488 914 quo
510 863 734 914 pauciora
756 869 878 913 sunt,
902 874 956 902 eo
978 873 1201 913 rogamus
1222 862 1372 903 Tuam
1388 863 1725 905 Paternitatem
1745 865 1874 905 obni-

238 933 345 973 xius
366 940 416 973 Vt
438 934 534 973 suis
554 945 639 973 nos
668 934 794 973 iuuet
822 934 999 974 sanctis
1028 934 1246 984 precibus
1275 946 1365 986 quo
1394 934 1454 975 ad
1480 935 1683 985 gloriam
1709 935 1798 976 Dei
1829 942 1873 977 et

237 1004 418 1044 maiora
440 1010 681 1055 praestare
702 1004 951 1055 possimus,
976 1016 1031 1044 ac
1052 1005 1241 1045 tandem
1262 1005 1476 1046 foelicem
1495 1006 1794 1047 minimorum
1813 1008 1873 1047 la-

235 1074 400 1115 borum
421 1081 691 1115 nostrorum
711 1075 974 1116 mercedem
991 1076 1214 1128 recipere,
1235 1082 1455 1117 aeternae
1475 1077 1778 1118 beatitudinis
1797 1091 1871 1119 co-

236 1157 417 1196 ronam,
442 1158 581 1197 quam
602 1146 735 1186 nobis
756 1146 930 1186 tribuat
949 1146 1086 1199 Jesus
1108 1147 1323 1188 Christus
1344 1146 1575 1188 Dominus
1597 1156 1772 1190 noster.

315 1216 529 1257 Viennae
551 1218 598 1257 in
619 1217 827 1268 Austria,
851 1217 875 1256 7
897 1218 1119 1258 calendas
1139 1218 1354 1272 Januarii
1379 1219 1480 1260 1555
1502 1218 1529 1258 ¹.

396 1287 753 1338 Indignissimus
773 1299 939 1328 seruus
960 1294 1088 1339 tuus,

742 1430 969 1472 ERARDUS
1008 1431 1318 1474 AUANTIANUS
1353 1433 1648 1475 LEODIENSIS.

311 1642 743 1695 Superscmptz'onis
763 1644 863 1684 loco
884 1645 934 1685 in
956 1649 1130 1697 quarta
1154 1646 1363 1697 pagina:
1393 1647 1579 1688 Literae
1600 1648 1867 1700 quadrime-

233 1720 355 1754 stres
375 1714 571 1766 Collegii
592 1714 890 1766 Viennensis,
915 1716 1026 1756 anni
1042 1716 1102 1757 M.
1123 1715 1181 1757 D.
1202 1716 1252 1757 L.
1273 1717 1333 1757 V.
1353 1716 1380 1758 ².

311 1785 422 1826 Alsa
458 1798 629 1826 mann:
673 1786 787 1827 1556.
829 1786 1031 1838 Vienna,
1073 1787 1452 1839 Quadrimestres
1490 1789 1549 1830 ad
1586 1790 1863 1843 Januarium

230 1868 390 1909 usque.

282 2065 291 2085 ¹
334 2065 422 2092 Vide
437 2073 552 2100 supra,
568 2074 646 2101 pag.
662 2066 725 2099 710,
742 2071 856 2094 annot.
874 2066 897 2094 l.

283 2113 296 2132 2
335 2112 397 2140 Hie
413 2114 517 2141 etiam
533 2114 654 2148 aliquis
669 2115 807 2149 scripsit
828 2114 984 2149 MDLVI;
1001 2115 1059 2142 sed
1075 2122 1175 2143 verso
1191 2116 1324 2143 calamo
1344 2116 1501 2143 ultimum
1526 2124 1702 2144 numerum
1716 2124 1728 2144 1
1750 2117 1865 2145 delere

228 2160 377 2188 curavit.
