2028 3328
806 159 891 197 ΑΝ.
922 160 1013 200 1555
1662 163 1734 200 (345

161 538 444 566 Praecedentium
461 538 575 566 Patris
592 537 830 572 christophori
846 537 1038 572 Rodriguez
1059 537 1257 565 litterarum
1273 537 1418 565 latinum
1432 539 1628 573 exemplum
1646 539 1668 566 ¹.

860 698 958 776 ulis

177 896 444 937 Admodum
466 897 566 938 RQ
600 898 753 938 Pater.

178 966 344 1007 Gratia
366 975 411 1008 et
432 980 526 1020 pax
548 968 737 1009 Domini
766 968 914 1008 nostri
947 968 1058 1021 Jesu
1088 967 1263 1008 Christi
1293 966 1352 1007 sit
1381 978 1488 1007 cum
1516 968 1733 1008 omnibus

91 1038 245 1078 nobis.
270 1038 437 1080 Amen.

178 1109 253 1150 Ad
290 1110 516 1150 maiorem
545 1111 746 1162 gloriam
774 1110 1094 1162 praepotentis
1125 1109 1234 1159 Dei,
1267 1109 1544 1150 charissime
1575 1109 1731 1162 Pater,

95 1180 167 1221 his
187 1181 361 1222 nostris
383 1182 530 1222 literis
551 1190 596 1222 te
618 1182 789 1222 faciam
811 1183 1060 1222 certiorem
1082 1181 1137 1221 de
1160 1181 1389 1231 omnibus,
1410 1193 1529 1233 quae
1546 1192 1629 1232 per
1647 1194 1733 1223 nos

92 1252 151 1292 iis
173 1260 373 1304 quatuor
393 1254 632 1294 mensibus
653 1254 881 1305 proximis
904 1253 1066 1303 (adiuti
1094 1253 1199 1303 (sic)
1231 1253 1388 1304 gratia
1417 1253 1592 1304 diuina)
1625 1260 1731 1294 acta

91 1330 218 1364 sunt.
240 1323 518 1376 Initiumque
540 1325 712 1365 faciam
735 1325 792 1365 ab
814 1325 927 1376 ipsis
944 1324 1308 1365 neochristianis
1326 1324 1521 1365 huiusce
1537 1331 1731 1366 nostrae

96 1394 361 1446 Valentiae,
386 1396 431 1436 in
454 1408 544 1448 qua
577 1403 621 1436 et
646 1396 833 1448 plurimi
863 1402 985 1447 sunt,
1017 1402 1061 1436 et
1090 1395 1156 1447 (vt
1179 1395 1341 1447 fertur)
1363 1401 1521 1436 sectae
1543 1396 1733 1437 Machu-

96 1467 210 1507 meti
232 1467 441 1518 religiosi
463 1468 687 1518 cultores3
711 1479 850 1519 quam
872 1479 972 1507 rem
993 1474 1157 1518 aperte
1180 1467 1425 1507 declarant
1452 1467 1625 1508 ieiunia
1652 1480 1733 1508 va-

96 1537 167 1578 ria
199 1543 243 1578 et
270 1538 454 1578 animus
485 1538 785 1579 vehementer
811 1538 1027 1579 addictus
1057 1538 1188 1590 operi
1215 1538 1577 1590 Machumetico,
1608 1539 1732 1591 quod

91 1607 385 1649 Alcoranum
414 1610 665 1661 appellant.
694 1610 998 1662 Deploranda
1026 1621 1140 1649 sane
1170 1610 1417 1650 calamitas
1446 1609 1609 1650 videre
1637 1609 1733 1650 ani-

97 1691 198 1720 mos
220 1691 383 1721 eorum
404 1681 463 1721 ad
484 1681 732 1721 veritatem
754 1682 1115 1733 amplexandam
1137 1680 1256 1721 adeo
1284 1682 1405 1721 male
1435 1680 1651 1732 affectos,
1680 1687 1732 1721 Vt

94 1762 199 1791 eam
221 1751 382 1792 audire
404 1760 644 1803 recusent,
668 1752 946 1804 praesertim
967 1764 1073 1793 cum
1094 1752 1184 1792 illis
1204 1751 1253 1792 fit
1274 1764 1427 1792 sermo
1450 1752 1506 1792 de
1526 1752 1731 1792 Domino

94 1822 209 1875 Jesu
230 1821 433 1863 Christo.
457 1822 658 1874 Quidam
678 1822 819 1864 Pater
838 1823 975 1864 huius
995 1824 1144 1864 nostri
1166 1823 1352 1874 collegii
1374 1823 1527 1875 coepit
1548 1834 1730 1863 summo

94 1892 252 1933 studio
274 1901 317 1933 et
340 1893 580 1945 diligentia
602 1895 842 1946 sigillatim
864 1895 1117 1935 conuenire
1144 1894 1396 1945 magistros
1424 1894 1561 1934 huius
1588 1894 1727 1945 pesti-

95 1964 381 2005 lentissimae
402 1971 560 2005 sectae
581 1971 625 2005 et
646 1965 869 2017 primates
897 1977 1075 2017 eorum,
1106 1971 1246 2017 atque
1276 1977 1382 2006 cum
1405 1965 1472 2005 eis
1493 1965 1613 2005 clam
1635 1966 1728 2006 col-

96 2035 223 2086 loqui
245 2041 295 2075 vt
316 2036 482 2076 saltem
502 2035 592 2076 hac
613 2037 795 2077 ratione
817 2036 926 2088 quid
954 2037 1001 2077 in
1032 2037 1188 2077 animo
1218 2037 1448 2077 haberent
1475 2036 1731 2088 deprehen·

94 2105 243 2157 deret,
261 2118 352 2158 quo
368 2106 552 2147 facilius
568 2114 726 2158 posset
743 2120 822 2148 eos
840 2119 867 2147 a
884 2113 1013 2148 secta
1031 2120 1178 2160 praua
1199 2107 1257 2148 ad
1274 2119 1437 2148 veram
1454 2107 1730 2159 religionem

97 2177 185 2218 Dei
206 2189 456 2229 reuocare3
481 2190 679 2230 cumque
700 2179 747 2218 in
768 2191 823 2219 ea
845 2191 895 2219 re
917 2185 1258 2231 perseueraret,
1282 2185 1389 2230 post
1415 2180 1560 2219 multa
1588 2179 1652 2218 illi
1679 2191 1729 2219 se

91 2250 140 2288 in
161 2260 322 2290 errore
344 2249 527 2289 versari
546 2249 748 2301 ingenue
765 2250 968 2290 confessi
986 2257 1108 2298 sunt,
1128 2251 1325 2290 libenter
1342 2262 1391 2290 se
1408 2252 1604 2301 peccata
1621 2262 1729 2291 con-

90 2319 302 2360 fessuros
329 2320 620 2372 pollicentes.
648 2320 990 2362 Verumtamen
1018 2321 1177 2361 statim
1212 2321 1435 2373 promissi
1471 2321 1601 2361 obliti
1634 2320 1729 2361 fue—

92 2397 226 2441 runt,
250 2402 535 2443 quamquam
556 2403 636 2431 eos
656 2398 702 2432 et
719 2391 901 2432 hortari
926 2398 971 2432 et
997 2403 1188 2432 monere
1215 2391 1353 2432 Pater
1382 2392 1457 2431 ille
1488 2403 1583 2432 non
1610 2391 1729 2433 desi-

93 2467 253 2502 steret.
277 2462 362 2502 His
383 2463 611 2514 proximis
632 2462 796 2503 diebus
818 2462 1007 2515 quidam
1035 2462 1262 2514 magister
1289 2474 1467 2513 eorum,
1498 2463 1577 2515 qui
1605 2463 1726 2504 inter

92 2544 174 2572 eos
195 2532 381 2573 videtur
401 2533 717 2585 principatum
740 2534 965 2585 obtinere,
989 2534 1232 2575 confessus
1254 2540 1323 2574 est
1344 2534 1479 2574 nobis
1500 2546 1584 2575 sua
1616 2546 1727 2586 pec-

90 2609 216 2654 cata,
241 2610 285 2644 et
305 2611 432 2644 recte
455 2604 652 2655 (gratias
673 2604 809 2655 Deo),
834 2605 899 2645 ita
920 2611 970 2645 vt
992 2616 1234 2657 speremus
1255 2606 1355 2646 eius
1386 2617 1529 2657 opera
1558 2607 1728 2647 multos

90 2675 213 2715 alios
234 2674 356 2715 idem
377 2687 480 2716 esse
499 2675 724 2717 facturos.
749 2675 798 2716 Id
820 2677 944 2728 quod
964 2676 1074 2716 fecit
1095 2677 1188 2717 iam
1210 2677 1402 2728 quidam
1422 2689 1481 2717 ex
1502 2677 1568 2717 eis
1589 2677 1728 2718 valde

92 2745 384 2796 ingeniosus.
407 2746 458 2787 In
489 2747 669 2787 duobus
696 2748 848 2799 pagis,
882 2749 929 2788 in
960 2747 1126 2799 quibus
1155 2759 1317 2788 eorum
1348 2754 1418 2788 est
1447 2748 1725 2800 frequentia,

93 2816 274 2868 aliquot
309 2817 471 2858 diebus
500 2818 748 2859 dominicis
777 2818 966 2870 quidam
994 2829 1053 2858 ex
1078 2819 1255 2859 nostris
1285 2819 1470 2871 publica
1501 2820 1728 2860 concione

149 2976 156 2995 ⁸
198 2976 464 3013 Autographum
479 2979 606 3013 duplici
621 2979 712 3013 folio,
728 2988 760 3008 n.
775 2980 840 3008 516.
