2028 3328
853 105 937 142 AN.
969 106 1060 143 1554
1251 137 1255 142 .
1716 108 1783 144 107

818 555 1102 610 OOCXVI

205 789 430 827 Robertus
447 790 751 838 Clayssonius,

251 854 317 892 Ex
337 856 648 894 commissione
668 855 812 894 Patris
834 856 1062 894 Paschasii
1082 856 1232 902 Broet,

298 920 419 958 Patri
439 921 610 969 Ignatio
630 921 684 960 de
702 921 891 970 Loyola.

344 986 540 1033 ParisiiS,
564 987 580 1024 1
601 987 874 1035 Septembris
896 987 987 1024 1554
1006 987 1032 1024 ¹.

208 1193 306 1235 Pax
328 1194 517 1236 Domini
537 1195 625 1236 Dei
646 1196 796 1237 nostri
814 1195 927 1249 Jesu
947 1195 1121 1238 Christi
1142 1196 1350 1248 perfecta
1368 1208 1454 1237 nos
1472 1197 1613 1237 donet
1635 1197 1772 1237 liber-

127 1270 242 1305 tate.
265 1264 434 1306 Amen.

206 1336 337 1387 Quae
358 1343 559 1389 quatuor
579 1339 817 1380 mensibus
838 1339 1079 1391 proximiS‚
1104 1339 1292 1380 diuinae
1320 1339 1578 1391 sapientiae
1605 1339 1767 1380 Proui-

125 1407 303 1458 *dentia‚
328 1410 504 1450 nostris
525 1411 769 1452 conatibus
789 1417 888 1452 tum
908 1410 1148 1463 suppetias
1169 1411 1374 1462 tulerint,
1398 1417 1496 1451 tum
1518 1410 1769 1451 offendicu—

123 1479 169 1519 la
203 1479 472 1531 obiecerint,
511 1481 621 1521 R.d0
656 1482 703 1522 in
737 1482 922 1523 Christo
957 1482 1119 1534 Pater,
1158 1482 1509 1534 compendiaria
1543 1482 1765 1523 methodo

124 1551 460 1603 perstringam,
486 1565 544 1593 ex
565 1564 729 1594 sacrae
752 1553 1044 1595 obedientiae
1065 1566 1259 1595 munere
1282 1554 1396 1595 mihi
1417 1555 1643 1595 iniuncto.

202 1622 437 1674 Principio
470 1623 634 1665 Patres
666 1630 805 1677 atque
832 1625 1004 1666 fratres
1024 1625 1235 1666 vniuersi
1262 1636 1518 1677 prosperae
1540 1625 1771 1666 valetudi-

118 1694 194 1734 nis
215 1695 547 1735 commoditate
568 1695 690 1747 freti,
714 1696 867 1737 studio
889 1697 1100 1738 literario
1122 1697 1293 1738 obnixe
1311 1698 1604 1748 incumbunt,
1625 1708 1769 1749 seque

120 1770 246 1805 totos
282 1765 574 1807 obedientiae
608 1767 888 1808 submittunt
918 1768 1128 1809 arbitrio.
1159 1768 1396 1819 Quantum
1430 1769 1606 1809 laboris
1638 1768 1772 1809 RfluS

119 1835 427 1888 Praepositus
462 1845 622 1878 noster
652 1836 679 1887 ²,
712 1839 759 1879 in
787 1838 1036 1880 Societatis
1070 1840 1402 1891 promouendis
1428 1840 1645 1892 negotiis,
1671 1847 1770 1881 tum

116 1906 338 1948 Consulis
377 1909 501 1960 apud
540 1907 765 1950 Senatum
806 1910 1119 1951 Parisiensem
1157 1922 1214 1951 ac
1254 1910 1508 1952 Secretarii
1543 1923 1570 1951 a
1605 1911 1769 1964 Regiis

116 1979 546 2030 supputationibuS‚
571 1991 695 2020 nunc
723 1992 837 2021 vero
860 1993 887 2022 a
909 1981 1203 2034 quaestionib
1216 1993 1270 2021 us
1305 1993 1388 2022 seu
1422 1982 1588 2022 libellis
1622 1983 1766 2034 regiis

118 2049 337 2101 Magistri
360 2050 514 2103 (quem
535 2051 678 2102 vulgo
701 2052 906 2093 Maistre
929 2053 985 2093 de
1006 2056 1248 2104 requestes
1278 2065 1367 2093 sur
1398 2053 1441 2093 le
1461 2054 1570 2104 Roy
1590 2065 1766 2095 nuncu-

118 2121 317 2173 pamus),
342 2121 648 2163 Illustrissimi
668 2123 759 2163 viri
792 2122 899 2164 Dni.
933 2123 1141 2164 Dumont
1172 2123 1406 2175 praesidio
1433 2124 1596 2176 fretus,
1621 2137 1764 2177 quan—

117 2197 218 2232 tum
238 2192 430 2244 inquam
462 2193 784 2234 molestiarum
810 2194 1127 2248 insumpserit,
1159 2206 1318 2236 rerum
1346 2201 1587 2246 gestarum
1617 2196 1765 2236 series

115 2263 522 2304 commonstrabit.
561 2263 712 2315 Quum
749 2265 894 2317 igitur
927 2267 985 2307 ab
1022 2268 1249 2308 aedilibus
1284 2279 1451 2308 sacrae
1487 2267 1592 2308 aedi
1629 2267 1764 2308 Beati

117 2332 471 2375 Bartholomaei
498 2334 763 2387 praefectis,
793 2337 936 2378 misso
970 2338 1156 2379 aedituo
1185 2339 1245 2379 ad
1273 2338 1412 2380 aedes
1441 2346 1645 2390 nostras,
1677 2351 1762 2391 pro

116 2406 317 2446 solemni
341 2418 486 2458 more,
511 2406 569 2447 ad
600 2407 976 2450 concionandum
1003 2416 1215 2462 rogatus,
1241 2422 1268 2450 a
1296 2410 1656 2462 poenitentiario
1677 2409 1762 2450 Pa-

116 2476 303 2517 risiensi
332 2475 361 2528 ⁵,
386 2489 479 2518 non
507 2478 682 2529 absque
710 2478 1040 2531 theologorum
1072 2481 1364 2522 clandestino
1393 2480 1638 2533 suffragio,
1662 2483 1761 2522 vul-

115 2552 215 2588 tum
248 2547 499 2589 iuuenilem
530 2556 771 2598 causante,
805 2552 1044 2601 repulsam
1069 2564 1237 2604 passus
1267 2564 1418 2593 essem
1444 2551 1474 2604 ⁴,
1505 2553 1583 2604 qui
1618 2553 1760 2593 etiam

171 2733 181 2752 ¹
220 2733 473 2769 Autographae
489 2735 628 2762 litterae
648 2735 680 2762 in
697 2735 805 2763 tribus
821 2735 922 2772 foliis,
938 2744 992 2764 nn.
1009 2736 1062 2764 250
1076 2741 1109 2765 et
1125 2742 1281 2772 sequent.

169 2780 183 2799 2
221 2780 256 2808 P.
272 2781 483 2810 Paschasius
498 2782 614 2811 Broet.
1590 2807 1594 2812 -

168 2827 182 2847 ³
218 2827 368 2862 Joannes
383 2830 576 2858 Alleaume.
592 2830 685 2858 Tune
702 2831 868 2865 temporis
883 2831 1174 2861 Poenitentiarius
1190 2835 1324 2862 solebat
1348 2842 1422 2862 esse
1446 2835 1652 2863 parisiensis
1676 2835 1757 2869 Epi-

115 2875 215 2909 scopi
231 2876 475 2905 confessarius.

168 2923 184 2943 ⁴
222 2923 310 2952 Vide
325 2933 441 2960 supra.
460 2930 483 2955 t.
501 2933 536 2961 11,
553 2934 633 2961 pag.
649 2926 712 2955 664.
