2028 3328
145 109 216 146 208
659 107 884 144 LIFTERAE
911 117 1271 149 QUADRIMESTREs

774 506 1167 560 CCCXXXIX

220 716 417 754 Erardus
438 717 716 754 Avantianus

266 782 389 819 Patri
408 782 579 829 Ignatio
599 783 652 819 de
673 783 856 829 Loyola.

314 847 500 892 Vienna,
522 847 568 884 29
590 847 848 885 Decembris
866 848 956 885 1554
975 848 1003 882 ¹.

228 1056 328 1097 Pax
364 1057 537 1098 Christi
569 1057 679 1109 Jesu
715 1057 946 1097 custodiat
987 1056 1129 1096 corda
1165 1060 1326 1094 nostra
1368 1060 1411 1094 et
1451 1053 1787 1104 intelligentias

148 1134 349 1168 nostras.

231 1198 477 1250 Quoniam,
516 1199 654 1239 Pater
690 1199 940 1239 admodum
966 1198 1081 1248 Rfle,
1106 1203 1306 1249 quatuor
1340 1196 1569 1236 mensium
1604 1201 1788 1246 tempus

150 1277 441 1311 transactum
463 1277 548 1320 est,
573 1283 662 1322 quo
684 1271 896 1311 iubemur
919 1282 988 1320 ea,
1012 1281 1129 1321 quae
1158 1269 1231 1308 hic
1254 1268 1413 1308 diuina
1436 1267 1682 1307 clementia
1703 1278 1786 1318 per

150 1347 254 1382 tuos
276 1341 494 1393 indignos
528 1342 647 1382 filios
682 1348 876 1393 operata
906 1348 989 1391 est,
1023 1340 1213 1389 referre,
1248 1339 1411 1391 paucis
1438 1338 1497 1379 V.
1529 1337 1577 1378 P.
1611 1349 1788 1377 morem

149 1424 314 1464 gerere
336 1413 546 1463 studebo,
571 1420 709 1465 atque
737 1413 966 1464 imprimis
996 1424 1114 1463 quae
1150 1412 1209 1451 ad
1236 1411 1424 1451 scholas
1454 1415 1667 1461 spectant
1688 1409 1787 1448 bre-

153 1484 273 1524 uiter
293 1485 628 1535 perstringere.

229 1555 522 1596 Studentium
543 1567 781 1606 numerus,
805 1555 883 1607 qui
918 1555 964 1595 in
992 1555 1090 1594 dies
1120 1554 1257 1594 nouis
1288 1552 1619 1593 accedentibus
1646 1562 1786 1601 auge-

149 1626 251 1677 scit,
276 1627 323 1666 in
345 1627 467 1667 hanc
489 1627 698 1667 excreuit
733 1638 978 1666 summam.
1015 1626 1065 1665 In
1097 1626 1248 1677 prima
1270 1624 1457 1676 quidem
1494 1629 1537 1663 et
1568 1633 1785 1673 suprema

150 1698 300 1738 classe
322 1698 508 1738 circiter
528 1699 580 1738 ‘26
601 1704 921 1738 numerantur:
946 1698 991 1737 in
1020 1696 1227 1737 secunda
1252 1695 1317 1736 76:
1342 1696 1479 1735 tertia
1510 1696 1613 1746 plus
1635 1694 1788 1733 minus

148 1770 288 1810 habet
309 1769 375 1809 70:
399 1776 567 1821 quarta
589 1781 702 1809 vero
723 1769 789 1809 60:
810 1769 970 1821 quinta
992 1776 1035 1808 et
1057 1776 1294 1820 postrema
1312 1767 1498 1807 circiter
1514 1765 1581 1806 80.
1605 1765 1785 1805 Horum

150 1841 375 1893 plurimos
395 1848 663 1881 nostrarum
684 1841 954 1881 scholarum
975 1851 1149 1890 rumor,
1172 1846 1223 1879 vt
1241 1839 1297 1879 ab
1315 1838 1481 1878 iisdem
1499 1837 1784 1888 accepimus,

149 1924 206 1953 ex
228 1912 560 1953 diuersissimis
581 1912 839 1964 prouinciis
859 1912 949 1951 huc
980 1911 1225 1963 pertraxit.
1255 1910 1374 1951 Nam
1405 1909 1612 1957 Bohemi,
1639 1906 1783 1953 Slaui,

150 1984 336 2033 Bauari‚
360 1984 589 2035 Hongari‚
614 1983 818 2035 quotidie
839 1983 930 2023 huc
958 1994 1008 2022 se
1038 1982 1298 2031 conferunt,
1332 1980 1573 2032 cupientes
1597 1984 1788 2018 nostrae

148 2067 197 2095 se
219 2055 416 2095 subdere
438 2055 726 2106 disciplinae,
751 2066 867 2106 quos
889 2066 943 2094 eo
965 2054 1182 2094 libentius
1218 2051 1520 2099 admittimus,
1545 2061 1635 2100 quo
1657 2049 1785 2088 intel-

147 2126 336 2177 ligimus
370 2127 474 2166 illos
495 2127 598 2177 plus
632 2126 806 2165 nostris
836 2125 1048 2176 indigere
1076 2123 1309 2164 subsidiis.
1343 2122 1463 2162 Nam
1492 2128 1544 2161 vt
1572 2126 1642 2160 est
1671 2130 1789 2170 gens

148 2198 226 2237 illa
247 2197 466 2248 barbara,
490 2203 534 2237 et
555 2197 821 2248 agrestibus
837 2196 952 2236 satis
973 2196 1195 2245 moribus,
1220 2194 1464 2245 magisque
1482 2192 1549 2232 rei
1570 2191 1786 2231 militaris

148 2280 289 2320 quarn
310 2280 486 2318 eorum,
513 2279 632 2319 quae
653 2267 759 2308 fidei
781 2274 888 2308 sunt
909 2266 1209 2317 christianae,
1233 2276 1399 2316 gnara,
1423 2263 1560 2304 facile
1594 2263 1640 2302 in
1668 2261 1787 2313 peri-

149 2339 335 2379 culosos
370 2350 471 2379 sese
499 2339 780 2390 praecipitat
806 2349 1006 2388 errores,
1031 2336 1234 2377 maxime
1261 2347 1367 2376 cum
1397 2335 1444 2374 in
1465 2334 1554 2373 illis
1575 2331 1788 2384 partibus

150 2411 306 2462 palam
342 2409 566 2450 haeretici
601 2421 792 2450 suorum
827 2410 1103 2460 dogmatum
1137 2408 1268 2447 virus
1303 2406 1482 2457 ignaris
1518 2403 1786 2456 propinent.

150 2480 285 2532 Quod
319 2493 377 2521 ex
411 2481 645 2533 plerisque
674 2480 921 2521 manifeste
958 2480 1228 2530 didicimus,
1267 2476 1495 2518 eiusmodi
1533 2484 1788 2527 prauorum

151 2553 425 2604 dogmatum
447 2553 728 2603 contagione
749 2552 947 2602 infectis,
972 2551 1050 2603 qui
1070 2557 1227 2591 tamen
1248 2548 1326 2589 vbi
1347 2548 1403 2588 de
1424 2546 1623 2588 veritate
1646 2550 1689 2584 et
1712 2543 1788 2584 do-

150 2624 303 2664 ctrina
338 2623 623 2664 christianae
650 2624 758 2664 fidei
786 2635 813 2663 a
843 2623 1040 2674 nostris,
1078 2629 1176 2662 tum
1210 2619 1518 2661 familiaribus
1553 2615 1784 2667 alloquiis,

150 2702 249 2736 tum
274 2695 526 2747 praecipue
560 2695 606 2735 in
638 2694 930 2734 confessione
958 2695 1267 2743 instruuntur,
1289 2690 1515 2743 plurimos
1547 2686 1788 2739 deponunt

150 2777 352 2815 errores,
376 2766 610 2806 sinceram
646 2765 783 2805 fidem
812 2766 1149 2816 amplexantes,
1179 2768 1230 2803 vt
1251 2760 1497 2802 verissime
1527 2758 1790 2799 existimari

206 2880 214 2899 ¹
256 2879 531 2914 Autographum,
549 2883 655 2906 totum
672 2877 795 2906 Erardi
816 2885 928 2911 manu,
955 2877 1079 2911 duplici
1103 2875 1136 2903 in
1151 2875 1241 2907 folio.
1263 2874 1373 2908 primo
1389 2879 1421 2900 n.
1436 2871 1497 2905 27⁴,
1523 2871 1634 2898 altero
1649 2876 1716 2898 non
1730 2876 1789 2896 nu-

151 2933 295 2956 mci-ato.
