2028 3328
155 125 225 161 160
672 123 900 161 LITTERAE
915 134 1274 167 QUADRIMESTRES

151 221 371 273 equidem
392 232 656 261 sermonem
685 232 711 260 a
739 226 784 260 te
813 219 990 260 audire.
1013 219 1104 261 Sed
1129 220 1265 272 quid?
1283 219 1394 260 talia
1414 219 1539 271 apud
1563 231 1649 260 nos
1679 221 1788 260 reci-

156 298 317 332 tantur
339 292 520 332 crebro.
545 291 684 332 Faxit
704 291 833 331 Deus
853 291 1056 343 optimus
1077 291 1310 331 maximus
1338 291 1406 330 vti
1436 302 1522 342 pro
1554 291 1676 331 votis
1698 292 1792 330 ani-

157 375 352 412 morum,
377 368 508 403 tanto
530 363 630 402 zelo
652 362 933 402 sectantium
954 362 1154 413 gloriam
1183 361 1412 412 eiusdem,
1445 362 1697 413 aliquando
1719 373 1791 402 ac-

157 434 297 475 cidat.
321 433 383 474 At
406 439 552 492 certe,
577 433 898 473 amantissime
916 432 1070 483 Pater,
1090 444 1176 473 nec
1198 444 1375 483 negare
1392 444 1478 472 nec
1497 432 1793 473 dissimulare

157 506 372 545 celareue
411 516 681 556 possumus,
715 510 1004 556 quantopere
1048 504 1337 544 doluerimus
1377 504 1509 544 viros
1545 505 1793 544 nonnullos

158 577 267 616 hinc
302 577 366 616 ita
388 575 808 633 breuiyraductos.
846 575 1026 616 Verum
1060 575 1171 625 quid
1206 586 1338 626 agas,
1368 575 1447 614 vbi
1469 586 1688 626 suprema
1716 575 1794 615 illa

159 654 297 698 atque
319 633 805 698 incomprehensibilis
823 645 1062 698 Sapientia
1081 652 1258 686 statuat
1278 658 1334 685 ac
1355 645 1531 696 dirigat
1556 646 1794 686 vniuersa?

158 719 204 759 id
239 718 427 770 quidem
460 717 745 758 tutissimum
776 728 878 757 esse
909 718 1110 768 videtur,
1147 717 1193 757 in
1229 717 1447 757 omnibus
1468 723 1512 757 et
1533 728 1616 768 per
1639 717 1795 757 omnia

159 791 310 841 ipsam
346 789 559 840 laudare,
603 788 691 840 ipsi
725 787 1001 829 benedicere
1036 795 1175 840 atque
1210 788 1299 839 ipsi
1332 788 1542 828 funditus
1578 789 1796 829 assentiri

159 866 347 901 nostras
368 859 481 900 eniti
507 865 701 900 mentes.

240 931 375 982 Quod
410 931 609 983 desuper
646 931 706 971 ad
738 930 788 972 P.
825 930 877 971 T.
919 931 1216 971 scribendum
1251 931 1471 981 arbitrer,
1507 937 1798 982 compertum

160 1003 308 1043 habeo
330 1002 460 1053 nihil,
496 1002 544 1042 ni
578 1001 804 1053 deprecer
834 1002 1072 1043 Christum
1101 1002 1261 1055 Jesum
1296 1001 1550 1042 Dominum
1584 1008 1797 1043 nostrum

158 1074 208 1115 P.
232 1075 285 1114 T.
310 1080 448 1125 atque
475 1085 561 1114 nos
583 1085 746 1114 omnes
772 1073 819 1114 in
840 1074 911 1114 sui
933 1085 1093 1114 amore
1115 1079 1160 1113 et
1184 1074 1342 1125 gratia
1364 1073 1650 1125 sempiterna
1688 1086 1797 1114 con-

160 1157 353 1186 seruare
375 1146 607 1197 dignetur.
631 1145 798 1186 Amen.

238 1217 539 1269 Methymnae
561 1216 741 1268 Campi,
765 1216 915 1268 pridie
937 1216 1171 1258 Calendas
1195 1215 1426 1257 Octobris,

240 1288 278 1329 F
281 1289 433 1329 iliolus
454 1288 676 1339 indignus
697 1294 742 1328 et
764 1289 984 1329 minimus
1008 1288 1055 1328 P.
1082 1289 1134 1329 Τ.

979 1435 1008 1476 †
1022 1432 1253 1485 Josnpflus
1283 1444 1345 1472 DE
1375 1431 1568 1472 AcosrA
1583 1438 1612 1482 †

243 1646 597 1698 Superscmptz‘o
619 1646 667 1686 in
685 1651 860 1697 quarta
876 1647 1083 1698 pagina:
1104 1610 1215 1688 Iffls.
1241 1646 1302 1687 Al
1318 1659 1430 1700 muy
1450 1646 1553 1687 R.d0
1584 1647 1631 1688 in
1655 1646 1801 1689 Chro.

161 1718 328 1768 padre,
363 1719 404 1758 el
436 1718 485 1758 P.
519 1717 604 1758 M.0
633 1718 818 1769 Ignatio
848 1718 903 1758 de
938 1719 1119 1770 Loyola
1152 1718 1395 1770 Prepesito
1431 1719 1637 1760 General
1668 1718 1725 1760 de
1755 1720 1799 1759 la

158 1790 424 1842 ¹Compafiia
447 1790 503 1830 de
534 1790 685 1843 Jesus.

243 1862 315 1902 En
335 1861 501 1902 Roma.

241 1932 353 1973 Alia
373 1943 541 1973 manu:
567 1932 681 1973 1554.
706 1933 909 1983 Medina,
933 1933 1276 1985 quadrimestre
1298 1933 1403 1974 dell’
1430 1934 1571 1974 ult.m0
1588 1932 1701 1974 S.bre

244 2004 369 2044 Nihil
391 2010 461 2044 est
482 2004 557 2044 hic
579 2004 705 2055 quod
721 2004 781 2044 ad
803 2016 1076 2045 communes
1097 2010 1278 2057 spectet
1297 2005 1481 2046 litteras
1505 2004 1531 2046 ¹.

258 2075 520 2126 Vestigium
541 2086 674 2116 cerae
694 2075 868 2116 rubrae
889 2079 933 2116 et
954 2076 1127 2127 sigilli.

223 2259 234 2280 ¹
273 2259 335 2287 His
349 2259 475 2287 similia
489 2258 710 2293 reperiuntur
724 2257 777 2285 his
791 2261 1019 2287 monumentis
1034 2261 1270 2295 superscripta
1281 2257 1328 2288 ab
1340 2268 1390 2295 eo,
1404 2261 1459 2295 qui
1478 2260 1605 2294 primus
1619 2267 1661 2287 ea
1677 2260 1803 2287 lustra-

166 2308 231 2341 vit,
245 2310 282 2334 ut
296 2307 481 2342 inspiceret
497 2313 540 2334 an
557 2305 638 2341 quid
653 2309 743 2332 esset
756 2307 842 2340 quod
859 2308 901 2334 ad
917 2307 1096 2336 historiam
1114 2308 1256 2336 faceret.
