2028 3328
159 126 231 162 214
678 124 750 160 Lu
770 134 904 159 [LRAE
922 134 1278 165 QU.›xt)k‹13.11{sTl<Es

844 576 1126 632 GOCXLI

241 806 288 844 P.
310 807 470 844 Petrus
489 806 746 843 Domenech

287 872 408 910 Patri
426 872 596 919 Ignatio
616 871 669 908 de
687 871 872 920 Loyola.

335 937 614 982 Vallisoleto,
638 937 654 974 1
679 937 876 983 januarii
899 936 989 974 1555
1010 937 1032 970 ¹.

934 1093 1034 1168 sssis

251 1290 520 1330 Admodum
541 1289 641 1330 Rde
672 1290 717 1329 in
741 1289 926 1329 Christo
948 1289 1104 1328 Pater.

254 1361 553 1413 Quamquam
575 1362 715 1400 credo
739 1360 861 1411 quod
884 1359 1022 1400 Pater
1050 1359 1333 1399 Franciscus
1354 1358 1368 1378 ²
1389 1363 1434 1398 et
1455 1358 1503 1398 P.
1534 1357 1804 1398 Prouincia-

172 1434 229 1473 lis
250 1432 264 1451 ³
283 1433 337 1473 R.
361 1432 412 1472 Ρ.
435 1432 487 1472 Τ.
513 1432 761 1472 certiorem
783 1431 992 1471 fecerunt
1015 1431 1070 1471 de
1092 1428 1323 1482 his‚'quae
1346 1430 1392 1469 in
1413 1435 1575 1469 nostro
1593 1428 1802 1479 Collegio

171 1510 395 1555 aguntur,
418 1504 720 1544 nihilominus
741 1509 897 1543 tamen
919 1501 1164 1542 inferiores
1181 1502 1308 1553 ipsos
1326 1500 1588 1541 obedientia
1605 1499 1804 1550 compel-

176 1576 226 1615 lit
247 1581 298 1616 vt
319 1575 609 1615 exactiorem
630 1574 859 1614 rationem
881 1574 937 1614 de
959 1573 1174 1613 omnibus
1199 1572 1412 1613 reddant.

253 1647 394 1687 Domi
416 1657 577 1686 omnes
599 1646 715 1686 bene
737 1646 911 1696 valent,
935 1651 979 1686 et
1001 1650 1258 1696 sequuntur
1279 1644 1577 1684 vocationem
1604 1654 1737 1682 suam
1759 1642 1805 1682 in

172 1717 394 1768 Domino,
418 1728 642 1768 magnum
662 1717 943 1768 recipientes
971 1717 1019 1756 in
1047 1716 1145 1756 dies
1172 1715 1320 1756 mutui
1349 1714 1523 1755 amoris
1549 1714 1806 1753 incremen—

174 1795 286 1829 tum.
312 1789 562 1830 Caeterum
582 1788 850 1828 scholastici
873 1788 1060 1839 optime,
1085 1793 1182 1827 tum
1203 1786 1249 1826 in
1271 1786 1465 1836 artibus,
1484 1791 1581 1825 tum
1603 1784 1743 1824 etiam
1760 1784 1807 1823 in

175 1873 312 1901 sacra
334 1860 572 1911 theologia
592 1859 855 1911 proficiunt:
878 1858 1045 1910 reliqui
1065 1863 1286 1898 exercent
1315 1857 1442 1897 Vires
1469 1868 1579 1896 suas
1600 1856 1647 1896 in
1668 1855 1807 1895 vinea

175 1931 386 1983 Domini,
422 1943 529 1972 cum
556 1942 794 1982 nunquam
826 1930 944 1970 desit
980 1929 1089 1981 quid
1120 1935 1277 1980 agant.
1318 1928 1458 1969 Breui
1493 1927 1809 1979 perstringam

175 2015 391 2044 sermone
414 2003 570 2054 aliqua
599 2013 776 2051 eorum,
807 2013 926 2053 quae
952 2001 1184 2041 Dominus
1212 2012 1293 2052 per
1322 2000 1406 2039 hos
1433 1999 1618 2038 inutiles
1646 2008 1810 2037 seruos

176 2086 288 2115 suos
307 2074 396 2114 hoc
418 2073 750 2125 quadrimestri
771 2073 991 2123 dignatus
1013 2080 1082 2112 est
1103 2071 1274 2111 facere.
1299 2070 1500 2111 Suborta
1529 2069 1614 2109 fuit
1642 2069 1810 2108 seditio

176 2145 408 2198 quaedam
425 2156 565 2196 super
588 2150 832 2184 contracto
854 2143 1154 2183 matrimonio
1176 2154 1202 2182 a
1224 2141 1425 2193 quadam
1453 2140 1595 2181 nobili
1625 2139 1806 2179 clande-

177 2218 312 2267 stine,
337 2217 469 2257 cuius
491 2216 577 2256 dos
607 2217 817 2256 valorem
848 2220 990 2266 auget
1017 2226 1159 2265 supra
1181 2214 1343 2253 decem
1370 2220 1413 2252 et
1448 2218 1553 2252 octo
1581 2211 1706 2251 mille
1734 2223 1810 2250 au-

179 2300 300 2329 reos.
324 2288 412 2329 Vir
444 2294 598 2329 autern
622 2288 737 2339 ipse,
762 2297 963 2338 quocum
986 2283 1678 2332 contraxeratmatrimonium,
1710 2288 1811 2321 erat

179 2360 347 2411 aliquis
376 2359 560 2399 infimae
590 2358 885 2405 conditionis,
924 2357 1058 2409 eique
1092 2368 1177 2396 nec
1205 2356 1251 2395 in
1278 2356 1467 2407 generis
1496 2354 1737 2394 nobilitate
1768 2360 1812 2392 ct

183 2431 287 2470 aliis
320 2430 622 2482 qualitatibus
643 2429 831 2469 minime
854 2428 1076 2480 aequalis,
1101 2434 1349 2478 tantasque
1370 2425 1638 2466 inimicitias
1665 2424 1811 2464 inimi-

182 2512 265 2541 cus
286 2502 475 2551 generis
493 2500 686 2540 humani
707 2500 826 2539 inter
847 2500 974 2550 ipsos
996 2498 1266 2547 seminarat,
1287 2503 1337 2537 vt
1357 2497 1451 2537 iam
1468 2495 1656 2547 plurimi
1677 2496 1720 2535 in
1740 2506 1813 2533 ca-

182 2572 292 2623 pitis
324 2571 577 2611 discrimen
606 2571 918 2620 deuenissent3
952 2576 1134 2610 secreto
1162 2575 1319 2608 tamen
1347 2567 1515 2607 nobilis
1542 2567 1618 2606 illa
1652 2567 1742 2605 huc
1765 2577 1815 2604 se

182 2643 395 2692 contulit,
426 2641 485 2682 ad
519 2641 833 2682 confitendum
864 2648 1058 2692 peccata
1088 2651 1188 2688 sua;
1212 2639 1424 2690 denique,
1456 2636 1581 2689 quod
1605 2636 1816 2686 religiosi

183 2714 318 2755 multi
338 2713 520 2754 efficere
541 2712 667 2752 haud
689 2713 949 2762 valuerant,
973 2711 1112 2751 Pater
1130 2710 1317 2762 quidam
1335 2709 1499 2748 domus
1516 2713 1720 2753 nostrae,
1740 2708 1818 2747 cui

239 2851 248 2871 ί
288 2849 537 2884 Autographae
553 2848 678 2882 duplici
693 2847 783 2881 folio,
800 2847 908 2882 primo
923 2847 982 2874 sub
999 2854 1030 2873 n.
1044 2845 1106 2879 428,
1123 2846 1233 2873 altero
1248 2852 1331 2872 vero
1349 2851 1410 2871 non
1427 2847 1616 2870 numerato.

239 2899 253 2918 2
290 2898 326 2925 P.
342 2897 548 2925 Franciscus
563 2896 603 2923 de
618 2895 732 2929 Borja.

238 2946 254 2966 ⁵
291 2946 327 2973 P.
344 2944 514 2973 Antonius
528 2944 568 2971 de
584 2944 708 2971 Araoz.
