2028 3328
825 125 907 162 AN.
940 125 1030 163 1555
1669 126 1741 163 523

106 234 212 262 nem
239 222 374 262 turba
402 224 543 262 multa
568 222 771 270 confiuit,
795 222 964 272 partim
988 233 1165 271 eorum,
1190 221 1268 272 qui
1300 222 1390 260 iani
1415 222 1510 260 noti
1538 230 1580 260 ct
1610 222 1737 261 fami-

107 294 261 339 liares,
293 293 337 333 id
364 305 507 333 vnum
536 293 742 342 student,
775 305 832 332 ne
866 304 1073 343 vnquam
1105 292 1462 331 intermissionis
1492 293 1549 331 ab
1587 292 1736 332 officio

107 365 432 404 sanctissimae
463 363 771 403 confessionis
798 369 1074 414 arguantur,
1105 362 1274 414 partim
1304 362 1455 402 denuo
1490 374 1736 402 accurren-

105 435 235 485 tium,
260 436 337 486 qui
355 436 507 475 studio
526 434 906 486 flagrantissimo,
928 446 982 473 ac
1001 433 1225 484 peculiari
1244 432 1446 484 quodam
1465 433 1608 473 animi
1628 432 1734 473 affe-

107 513 199 556 ctu,
225 519 281 546 ne
304 506 457 546 dicam
478 507 641 556 nimio,
664 506 739 546 hic
760 512 804 545 et
825 517 921 545 non
945 505 1054 544 alibi
1083 511 1361 555 accepturos
1389 516 1437 543 se
1459 504 1735 544 beneficium

104 577 227 616 istud
258 577 535 627 inclamant;
572 577 931 617 interminantur
964 587 1314 626 nonnunquam,
1345 575 1433 614 nisi
1461 575 1583 614 votis
1614 575 1733 626 ipso-

104 660 206 687 rum
230 660 507 698 annuamUS,
537 648 745 688 futurum
770 654 821 687 vt
848 647 1010 687 nullibi
1037 647 1129 686 sint
1158 646 1344 695 fassuri,
1370 647 1459 685 nisi
1489 646 1734 686 admittan-

101 726 191 758 tur.
226 718 358 770 Quod
390 719 449 758 ad
484 720 567 759 hos
599 719 763 759 attinet
786 718 908 768 (nam
933 717 1113 769 reliqui,
1138 728 1334 768 quorum
1365 717 1487 756 bona
1509 728 1619 767 pars
1647 723 1732 766 est,

103 796 327 840 quantum
358 790 564 841 quotidie
591 795 913 841 promoueant,
946 789 1115 828 mirum
1144 795 1211 828 est
1240 788 1396 837 dictu),
1431 788 1562 827 multi
1583 788 1733 827 crimi-

99 872 210 900 num
234 861 529 901 deformitate
553 861 777 911 deterriti,
803 872 857 900 ac
879 860 1038 900 nescio
1060 872 1150 910 quo
1181 860 1370 898 sinistro
1403 859 1580 910 pudore
1603 871 1734 910 prae-

100 932 257 983 pediti,
283 933 452 972 multos
474 933 567 972 iam
589 944 738 972 annos
761 932 1107 980 obmutuerant,
1134 931 1419 970 arbitrantes
1449 931 1513 970 ita
1535 930 1734 980 fregisse

98 1003 272 1053 nauim,
296 1010 346 1043 Vt
369 1004 427 1044 ad
459 1011 643 1054 portum
675 1003 908 1054 appellere
935 1002 1207 1054 neutiquam
1236 1009 1357 1041 esset
1380 1002 1630 1052 integrum.
1654 1002 1731 1052 Hi,

98 1076 240 1114 semel
260 1075 463 1125 ingressi
485 1075 573 1115 hoc
592 1081 804 1115 nostrum
825 1074 1089 1125 collegium,
1114 1074 1200 1114 sibi
1217 1073 1563 1125 quodammodo
1581 1073 1730 1114 reddi-

99 1145 148 1195 ti,
173 1146 361 1186 omnino
384 1145 596 1186 sedatam
617 1151 944 1197 tempestatem
964 1145 1139 1194 Vident,
1166 1157 1221 1184 ac
1244 1157 1293 1184 se
1314 1152 1499 1193 portum
1516 1145 1729 1196 placidis-

98 1216 268 1257 simum
289 1222 447 1257 tenere
468 1217 689 1268 gaudent,
715 1228 769 1257 ac
792 1217 914 1258 serio
936 1217 991 1257 de
1020 1202 1161 1267 vitiis,
1193 1216 1378 1256 Christo
1408 1216 1539 1266 duce,
1572 1217 1730 1256 trium-

96 1288 255 1340 phant.
281 1288 468 1329 Accidit
489 1288 612 1328 enim
632 1295 683 1328 vt
703 1294 833 1328 tanto
855 1288 1022 1328 maiori
1044 1294 1216 1328 conatu
1245 1288 1333 1327 iter
1353 1287 1543 1328 Domini
1571 1299 1730 1340 capes-

95 1366 222 1409 sant,
265 1365 440 1411 quanto
480 1360 805 1400 vehementius
844 1371 899 1399 eo
938 1370 987 1400 se
1026 1371 1265 1411 nunquam
1299 1365 1611 1411 perventuros
1650 1371 1729 1410 pu-

97 1432 274 1471 tabant.

174 1503 279 1555 Jam
300 1502 412 1542 illud
434 1508 502 1542 est
519 1508 711 1554 propter
728 1501 853 1553 quod
870 1502 1158 1542 immortales
1175 1501 1277 1542 Deo
1294 1502 1475 1553 gratias
1493 1513 1635 1553 agere
1653 1501 1728 1542 de-

92 1574 469 1624 beamus,·vu1go
492 1573 614 1614 enim
636 1572 964 1613 circumfertur
984 1574 1218 1613 neminem
1239 1574 1328 1613 huc
1350 1573 1410 1612 ad
1437 1584 1524 1613 nos
1554 1573 1726 1613 aduen-

92 1650 208 1694 tare,
232 1646 396 1685 saltem
420 1651 470 1685 vt
491 1645 640 1685 sacris
666 1645 897 1685 faciundis
920 1644 1116 1695 intersit,
1140 1645 1217 1695 qui
1238 1656 1331 1684 non
1352 1645 1512 1684 statim
1533 1645 1608 1685 vel
1629 1646 1723 1685 lon-

91 1726 150 1765 ge
172 1716 311 1755 aliam
332 1716 481 1756 Vitam
502 1716 715 1765 destinet,
740 1718 815 1756 vel
835 1715 1173 1768 aliquantulum
1201 1716 1474 1756 immutatus
1496 1716 1723 1756 discedat.

90 1786 305 1836 Demum,
321 1787 412 1828 huc
425 1788 686 1838 redeuntes,
702 1788 876 1839 praeda
889 1787 1002 1828 fiunt
1020 1787 1204 1828 Christo
1220 1787 1348 1840 Jesu.
1361 1787 1429 1827 Ita
1447 1799 1540 1827 non
1556 1799 1726 1838 parum

89 1864 197 1898 sunt
218 1859 362 1908 multi,
394 1859 558 1910 quibus
579 1858 762 1899 difficile
788 1859 1074 1910 persuadeas
1103 1866 1154 1899 Vt
1185 1860 1257 1899 vel
1277 1859 1345 1899 rei
1372 1858 1633 1899 audiendae
1651 1870 1722 1898 sa-

88 1940 198 1969 crae
220 1931 293 1969 vel
316 1930 555 1970 concionis
575 1930 729 1981 gratia
751 1930 842 1970 huc
863 1930 1071 1981 veniant;
1095 1930 1258 1971 timent
1279 1930 1401 1971 enim
1417 1941 1511 1970 non
1533 1930 1723 1982 parcius

90 2001 247 2041 statim
268 2001 327 2041 ad
349 2000 693 2041 confessionem
714 2002 988 2052 monendos,
1014 2013 1152 2053 quam
1180 2008 1290 2042 tunc
1319 2000 1629 2041 reformidare
1656 2001 1721 2041 vi-

88 2072 269 2112 dentur.
294 2071 472 2123 Quibus
493 2072 634 2112 etiam
655 2084 750 2113 vox
771 2073 849 2113 illa
870 2073 1039 2113 terrori
1061 2080 1130 2114 est
1152 2073 1373 2124 maximo,
1398 2084 1489 2124 qua
1510 2073 1587 2113 Vel
1607 2071 1720 2113 San-

88 2143 166 2193 cti,
186 2144 261 2183 vel
281 2143 459 2193 Patres,
483 2144 559 2183 vel
579 2143 798 2184 Theatini
815 2150 1160 2196 nuncupantur.
1185 2144 1303 2184 Tam
1320 2156 1430 2184 suas
1447 2145 1575 2195 leges
1592 2155 1721 2184 mun-

87 2214 173 2254 dus
193 2214 268 2254 hic
291 2214 643 2265 praestigiator,
668 2221 719 2255 vt
737 2215 1066 2264 obseruentur,
1091 2216 1252 2256 sedulo
1282 2222 1431 2256 curat.
1462 2214 1553 2255 Sed
1573 2215 1722 2255 vincit

86 2285 197 2338 Jesu
218 2287 292 2325 lex
314 2291 477 2325 sancta
500 2293 544 2326 et
564 2286 882 2337 immaculata,
907 2298 962 2327 ac
983 2287 1114 2327 breui
1131 2286 1180 2326 fit
1201 2293 1251 2327 vt
1272 2287 1359 2327 has
1380 2287 1620 2327 hominum
1640 2299 1717 2327 vo-

88 2368 181 2402 ces,
213 2368 330 2408 quos
356 2357 443 2396 sibi
470 2356 671 2397 daemon
701 2357 898 2398 assumit
928 2357 1086 2398 socios
1122 2359 1180 2398 ad
1211 2358 1490 2398 euertendas
1520 2366 1717 2409 mentes,

88 2433 403 2478 contemnant,
427 2435 471 2467 et
493 2428 582 2468 huc
604 2429 863 2478 venientes,
887 2429 1126 2480 gaudeant
1151 2430 1246 2470 iam
1269 2429 1416 2480 digito
1443 2431 1716 2481 monstrari,

85 2498 213 2548 quod
234 2506 373 2538 antea
395 2510 694 2550 summopere
715 2500 1017 2540 verebantur.

166 2568 262 2609 Nec
284 2570 331 2610 id
351 2576 421 2610 est
442 2571 624 2611 silentio
651 2572 1046 2622 praetereundum
1075 2572 1130 2612 de
1158 2572 1296 2612 huius
1316 2572 1445 2612 vrbis
1472 2573 1719 2614 mulierum

85 2640 173 2690 piis
208 2641 524 2692 querimoniis,
556 2642 678 2693 quod
711 2654 806 2682 non
827 2643 1134 2683 admittantur
1162 2642 1220 2683 ad
1243 2643 1607 2684 confessionem:
1630 2651 1718 2685 est-

86 2722 174 2762 que
196 2711 315 2751 inter
345 2711 472 2763 ipsas
492 2724 589 2752 vox
608 2713 726 2753 haec
753 2725 979 2765 perquam
999 2714 1261 2754 familiaris:
1284 2726 1310 2754 o
1341 2715 1522 2755 vtinam
1543 2726 1630 2755 nos
1651 2715 1718 2755 vi-

81 2793 160 2822 ros
188 2783 428 2833 genuisset
449 2789 633 2824 natura.
665 2783 983 2825 Confessionis
1003 2785 1276 2826 beneficium
1301 2792 1565 2837 agnoscunt
1585 2787 1718 2826 multi

80 2853 172 2893 viri
189 2854 381 2903 nobiles,
401 2855 483 2894 sed
500 2855 747 2906 praecipue
765 2856 838 2895 vir
855 2856 1058 2907 quidam,
1083 2857 1160 2909 qui
1177 2857 1297 2897 inter
1315 2857 1452 2897 huius
1468 2857 1599 2898 vrbis
1616 2869 1716 2898 ma-

81 2924 309 2974 gistratus
325 2937 418 2965 non
438 2932 727 2977 postremum
746 2926 900 2967 locum
917 2935 1059 2979 tenet,
1080 2928 1156 2980 qui
1173 2940 1279 2968 cum
1298 2934 1342 2968 et
1363 2929 1599 2979 agitandis
1616 2935 1716 2970 tau-
