2028 3328
242 177 311 213 Ml?
751 176 977 213 LITTERAE
1004 186 1363 219 QUADRIMESTRES

249 274 408 313 fuisset
431 280 654 323 erectum,
679 274 918 324 nobisque,
943 273 1021 324 qui
1045 273 1088 312 in
1114 284 1167 311 eo
1190 272 1333 319 fuere,
1359 272 1491 321 plene
1514 271 1731 322 cogniti„
1751 270 1875 311 Inter

245 345 363 384 alios
383 345 642 384 uberrimos
665 344 859 391 fructus,
885 344 962 395 qui
985 356 1039 382 ex
1064 344 1151 382 hac
1179 354 1229 382 re
1259 342 1555 392 colliguntur,
1584 347 1745 393 utpote
1768 353 1875 393 pue-

247 427 325 454 ros
348 428 373 455 a
396 416 558 466 primis
579 415 713 455 annis
736 415 862 466 piam
884 414 1146 454 doctrinam
1169 412 1406 462 imbibere,
1438 412 1648 464 aliosque
1674 412 1878 452 maiores

245 494 371 536 natu,
410 498 529 537 quae
564 487 793 526 hactenus
827 486 1182 536 ignorauerant,
1221 483 1449 532 ediscere,
1492 489 1561 523 est
1601 483 1719 523 inter
1760 483 1878 522 alios

247 569 379 607 unus,
413 557 628 597 omnibus
654 556 840 608 quidem
868 561 1132 607 pergratus,
1168 554 1293 605 quod
1320 554 1594 594 inhonestae
1625 554 1878 594 canciones

246 640 407 668 omnes
434 628 524 668 iam
556 639 751 679 prorsus
779 627 959 666 deletae
989 626 1095 675 sint,
1128 636 1327 676 quarum
1362 626 1480 675 loco,
1514 624 1771 664 christiana
1802 623 1878 664 do-

247 700 415 750 ctrina,
440 711 560 750 quae
584 699 716 738 suaui
738 698 940 749 quodam
963 696 1102 736 modo
1124 708 1179 736 ac
1200 696 1397 736 honesto
1420 696 1620 746 canitur,
1652 696 1710 735 sit
1741 696 1879 735 intro-

247 771 403 810 ducta.
427 770 523 810 Nec
546 771 695 809 solum
717 770 851 820 pueri
874 775 916 807 et
938 768 1118 819 puellae
1140 778 1222 818 per
1243 767 1372 806 uicos
1395 766 1658 806 doctrinam
1690 774 1878 815 canunt,

250 841 332 880 sed
355 842 495 881 6113111
517 841 562 891 ii,
588 841 679 892 qui,
707 840 859 880 solatii
881 838 1053 890 gratia,
1078 838 1198 878 inter
1217 837 1529 878 laborandum
1550 844 1742 878 cantare
1763 839 1879 877 sole-

250 913 375 961 bant,
414 912 677 951 doctrinam
713 910 1021 950 christianam
1055 909 1360 959 intercinunt,
1398 910 1526 948 velut
1562 908 1801 960 agricolae
1838 909 1880 948 in

249 984 377 1033 agris
402 983 427 1022 ¹:
458 994 549 1034 qua
578 995 627 1021 re
658 983 836 1021 tactum
865 987 934 1021 est
962 986 1011 1020 ut
1040 980 1086 1020 in
1118 980 1324 1031 aliquam
1354 979 1424 1020 5111
1455 979 1773 1030 cognitionem
1800 980 1874 1019 ad-

249 1054 390 1104 ducti,
417 1060 553 1093 antea
577 1054 762 1093 nomine
785 1053 935 1092 solum
967 1051 1250 1091 christianos
1278 1051 1420 1091 fuisse
1448 1050 1709 1090 fateantur:
1742 1051 1881 1102 patri-

251 1126 333 1164 bus
355 1125 510 1175 etiam,
536 1125 613 1175 qui
635 1123 752 1163 filios
774 1124 866 1163 iam
889 1122 1032 1174 probe
1055 1121 1220 1162 doctos
1237 1122 1424 1171 habent,
1443 1121 1777 1161 suauissimum
1793 1129 1880 1171 est,

256 1203 361 1247 post
383 1196 644 1247 prandium,
670 1196 743 1235 uel
765 1195 856 1234 alio
879 1193 1188 1234 recreationis
1208 1200 1433 1244 ternpore,
1459 1198 1682 1233 canentes
1704 1203 1783 1232 eos
1807 1204 1883 1232 au-

253 1267 365 1307 dire:
390 1267 649 1317 adiungunt
673 1277 872 1317 quoque,
896 1265 1031 1316 quasi
1051 1263 1279 1315 ludentes,
1303 1263 1409 1304 filiis
1431 1264 1528 1303 suis
1549 1275 1722 1315 pueros
1751 1263 1882 1313 alios,

253 1338 544 1389 efficiuntque
567 1344 617 1377 vt
639 1349 759 1377 1111115
781 1348 943 1376 eorum
964 1336 1245 1387 magistrum
1275 1342 1402 1386 agat,
1436 1334 1514 1375 alii
1543 1346 1658 1374 vero
1687 1334 1886 1385 discipu-

254 1411 335 1458 les,
362 1410 424 1449 ita
446 1415 493 1448 ut
515 1420 629 1458 rem,
654 1408 799 1447 ueluti
820 1407 869 1447 fit
891 1408 937 1447 in
958 1413 1121 1447 nostro
1145 1407 1358 1457 collegio,
1391 1411 1771 1457 repraesentent;
1799 1417 1886 1445 1166

255 1492 419 1530 parum
455 1491 538 1519 nec
574 1480 849 1519 immodeste
884 1478 1149 1529 gloriantur
1184 1490 1233 1517 se
1269 1477 1387 1517 filios
1423 1477 1470 1517 in
1506 1477 1593 1516 1136
1628 1488 1678 1516 16
1713 1476 1887 1528 peritos

251 1551 438 1590 habere.

329 1621 509 1673 Modus,
535 1622 611 1673 qui
634 1622 679 1661 in
702 1620 942 1661 edocenda
961 1620 1175 1660 doctrina
1193 1624 1426 1669 seruatur,
1448 1618 1488 1658 is
1505 1623 1589 1658 est:
1607 1617 1751 1658 frater
1769 1629 1888 1658 unus

255 1706 278 1732 e
299 1694 487 1743 nostris,
512 1705 594 1745 per
618 1692 752 1733 uicos
780 1692 1026 1741 incedens,
1060 1690 1420 1731 tintinnabulum
1448 1689 1621 1741 pulsat,
1654 1695 1703 1729 ut
1734 1690 1890 1740 pueris

255 1765 347 1804 iam
369 1776 471 1805 esse
502 1772 686 1816 tempus
717 1763 975 1804 accedendi
1003 1762 1256 1813 significet:
1290 1768 1334 1801 et
1366 1773 1472 1801 cum
1498 1762 1697 1812 populus
1724 1761 1799 1801 hic
1832 1761 1890 1800 sit

253 1837 489 1887 paruulus,
514 1842 610 1876 tam
631 1835 854 1887 copiosus
875 1841 946 1874 est
967 1845 1191 1874 numerus
1214 1844 1477 1884 puerorum
1500 1832 1820 1882 ediscentium,
1846 1837 1894 1871 ut

255 1906 507 1958 aliquando
541 1906 914 1958 quadringentos
948 1904 1162 1945 excedat:
1202 1910 1393 1956 tamque
1429 1909 1586 1955 patres
1625 1901 1893 1943 desiderant

257 1978 321 2016 uti
341 1976 420 2017 filii
442 1978 513 2018 sui
534 1977 658 2018 hanc
681 1977 1041 2017 saluberrimam
1060 1975 1327 2016 doctrinam
1345 1974 1623 2026 percipiant,
1641 1980 1691 2014 ut
1707 1973 1797 2025 ipsi
1812 1985 1892 2013 eos

256 2050 328 2088 uel
348 2048 586 2089 adducant
607 2049 653 2088 in
676 2048 867 2088 domum
889 2053 1117 2097 nostram,
1146 2046 1221 2086 uel
1257 2045 1408 2096 fratri,
1440 2045 1519 2097 qui
1548 2045 1736 2096 signum
1762 2043 1890 2094 facit,

254 2120 564 2171 committant,
594 2120 730 2172 pueri
750 2125 909 2160 tamen
925 2118 1014 2170 ipsi
1031 2118 1095 2158 ita
1115 2117 1329 2158 doctrina
1346 2116 1651 2166 delectantur,
1671 2124 1720 2155 ut
1736 2115 1894 2156 audito

255 2191 392 2242 signo
415 2192 574 2232 statim
596 2196 865 2231 accurrant.
893 2189 1057 2229 Pueris
1079 2188 1270 2228 tandem
1300 2188 1347 2227 in
1375 2199 1516 2227 unum
1546 2188 1699 2227 locum
1726 2198 1896 2227 conuo-

255 2262 388 2313 catis,
410 2261 549 2302 Pater
572 2262 649 2313 qui
671 2274 750 2302 eos
772 2261 994 2310 instituit,
1016 2260 1208 2311 inquirit
1225 2265 1332 2299 ante
1351 2258 1507 2298 omnia
1523 2258 1770 2309 diligenter
1784 2269 1896 2297 num

259 2333 427 2385 aliquis
448 2345 607 2373 eorum
630 2333 771 2373 fuerit
801 2343 946 2373 ausus
968 2332 1140 2371 iurare:
1166 2331 1244 2382 qui
1273 2330 1313 2370 si
1340 2341 1477 2381 quem
1507 2329 1688 2369 iurasse
1714 2340 1894 2380 compe-

264 2404 337 2454 rit,
361 2416 466 2444 eum
485 2404 655 2444 blande
677 2403 889 2455 corrigit,
913 2414 968 2443 ac
991 2414 1048 2442 ne
1069 2402 1117 2442 in
1137 2401 1345 2442 futurum
1362 2401 1455 2440 tale
1477 2400 1588 2451 quid
1608 2400 1794 2451 audeat,
1819 2400 1895 2440 ad-

258 2482 428 2515 monet.
452 2474 629 2515 Diebus
651 2486 763 2515 uero
785 2474 916 2515 festis
947 2472 1130 2514 rosaria
1160 2472 1236 2512 uel
1255 2471 1400 2511 libelli
1427 2471 1493 2523 pii
1513 2471 1560 2511 in
1590 2471 1800 2522 praemia
1821 2471 1892 2521 iis,

261 2546 338 2596 qui
360 2546 463 2586 aliis
484 2546 807 2596 excelluerint,
830 2550 1174 2597 proponuntur,
1197 2554 1288 2594 quo
1309 2541 1463 2593 magis
1483 2553 1539 2582 ac
1560 2541 1713 2593 magis
1732 2552 1897 2593 puero-

264 2627 368 2656 rum
387 2616 531 2656 animi
552 2616 600 2656 in
622 2616 832 2657 discendi
859 2615 1143 2656 desiderium
1169 2612 1516 2654 accenduntur:
1548 2612 1802 2653 intermissi
1828 2619 1893 2652 ta-

261 2697 367 2726 men
384 2693 490 2727 sunt
506 2687 605 2727 dies
623 2687 781 2739 aliqui,
802 2692 1051 2738 propterea
1069 2684 1194 2737 quod
1210 2690 1409 2735 tempuS,
1427 2694 1541 2734 prae
1561 2683 1706 2723 nimio
1722 2683 1896 2734 calore,

265 2763 308 2797 et
328 2757 502 2798 nostris
522 2764 566 2798 et
587 2758 744 2809 pueris
765 2763 889 2798 esset
907 2758 1172 2797 molestum.

342 2827 432 2878 Qui
453 2829 799 2869 confessionem
822 2828 869 2868 in
889 2833 1053 2868 nostro
1076 2825 1277 2876 collegio
1298 2824 1596 2876 frequentant
1616 2829 1686 2865 tot
1704 2830 1827 2876 sunt,
1847 2831 1899 2865 ut

318 2987 325 3005 ¹
366 2987 477 3014 Voces
491 2987 555 3015 has
569 2987 666 3015 velut
682 2987 860 3021 agricolae
877 2989 914 3015 in
929 2988 1030 3021 agris
1045 2987 1115 3015 alia
1130 2987 1220 3015 inter
1234 2987 1345 3014 lineas
1360 2983 1503 3012 inseruit
1520 2990 1650 3011 manus.
