2028 3328
855 79 939 115 AN.
971 78 1062 119 1555
1092 84 1094 86 ’
1706 79 1776 116 253

139 183 303 217 nostra
331 177 618 228 negligentia
649 176 823 226 corrigi
851 182 895 215 ct
924 176 1163 215 emendari
1193 176 1402 225 valeant,
1436 176 1599 215 lubens
1629 176 1774 215 mani-

141 248 341 289 festabo.

224 320 273 360 In
295 320 458 371 primis
478 319 616 359 Pater
637 323 795 358 noster
811 317 871 357 M.
896 317 1146 367 Quintinus
1171 316 1179 335 ¹
1204 317 1503 369 prosequitur
1539 329 1649 357 suas
1672 330 1779 357 con-

146 392 303 431 ciones
325 397 369 430 et
388 391 613 430 lectiones
634 389 874 430 doctrinae
902 389 1187 429 christianae
1209 389 1255 428 in
1276 388 1569 439 Beghinagio
1585 388 1599 406 ‘²
1621 388 1778 439 singu-

148 462 204 502 lis
226 462 387 502 diebus
423 461 668 501 dominicis
703 468 747 500 et
780 460 935 500 festis:
974 459 1240 500 auditorum
1270 472 1492 500 numerus
1514 466 1714 511 augetur
1737 460 1782 499 in

150 533 263 583 dies,
288 539 332 572 et
353 533 420 572 eis
447 532 612 573 satisfit
648 532 911 584 plurimum,
948 544 1035 571 nec
1057 532 1244 571 omnino
1271 533 1446 583 absque
1469 531 1639 571 fructu.
1664 531 1783 571 Nam

150 610 256 656 post
279 604 552 644 concionem
574 604 727 655 (quam
758 603 869 643 facit
895 602 908 620 ⁵
930 603 1088 642 statim
1111 615 1136 642 a
1172 603 1385 654 prandio)
1422 614 1567 653 usque
1595 602 1641 642 in
1669 604 1763 642 mul

150 682 246 716 tam
269 681 469 723 noctem,
495 675 585 715 duo
603 687 662 715 ex
681 675 874 722 nostris,
900 682 944 714 et
973 675 1160 725 quando
1189 685 1452 725 possumus,
1478 686 1640 713 omnes
1672 680 1786 722 tres,

152 747 427 787 satisfacere
448 758 540 786 non
562 747 774 786 valemus
796 745 1116 785 confitentium
1138 745 1444 795 multitudini;
1468 757 1554 785 nec
1583 751 1693 784 tunc
1715 756 1787 784 so-

151 819 260 867 lum,
285 829 451 857 verum
469 818 609 857 etiam
639 823 683 857 et
700 817 806 857 totis
839 815 1107 867 frequenter
1141 816 1370 868 operariis
1391 814 1406 834 ‘⁴
1427 816 1589 856 diebus
1612 816 1658 856 id
1682 828 1789 856 con-

162 888 314 939 tingit,
340 889 591 939 praecipue
612 888 695 927 sub
717 887 1035 928 solemnitates
1059 887 1356 927 celebriores.

235 959 437 1000 Fructus
469 966 625 999 autem
647 971 705 999 ex
732 959 804 999 his
841 959 1216 999 confessionibus
1251 959 1451 999 refertur
1486 971 1577 999 non
1604 960 1792 999 omnino

160 1031 376 1082 exiguus,
398 1043 504 1071 cum
524 1031 620 1071 fere
643 1031 702 1071 ad
722 1042 807 1070 nos
830 1030 1072 1082 accedant,
1097 1031 1174 1082 qui
1196 1031 1243 1070 in
1266 1031 1421 1070 animo
1444 1031 1617 1071 habent
1648 1031 1794 1070 vitam

161 1108 428 1142 anteactam
450 1102 497 1141 in
519 1102 758 1142 meliorem
779 1108 1082 1142 commutare.
1108 1101 1306 1142 Factum
1328 1102 1484 1153 itaque
1513 1109 1581 1142 est
1613 1108 1661 1141 ut
1684 1113 1796 1142 non-

158 1173 273 1214 nulli
294 1184 353 1212 ex
370 1173 436 1212 eis
453 1173 510 1212 ab
528 1173 713 1213 haeresi
732 1172 1012 1224 resipuerint
1033 1171 1061 1213 ⁵.
1085 1173 1211 1213 Inter
1232 1179 1445 1213 caeteros
1474 1173 1680 1224 quidam,
1719 1173 1799 1224 qui

163 1256 190 1284 a
210 1245 420 1296 pluribus
443 1245 578 1284 annis
610 1255 848 1295 nunquam
873 1244 1152 1285 interfuerat
1187 1245 1359 1285 missae
1391 1244 1642 1294 sacrificiO,
1675 1244 1800 1296 quod

164 1316 356 1356 omnino
378 1316 616 1366 irridebat,
641 1316 983 1367 contemnebat,
1012 1322 1056 1356 et
1078 1317 1220 1357 etiam
1242 1315 1256 1335 ὅ
1278 1317 1523 1368 vituperiis
1551 1316 1798 1365 afficiebat,

165 1388 245 1440 qui
265 1393 424 1428 tamen
446 1387 687 1428 confessus
709 1387 904 1438 resipuit
926 1388 953 1428 ⁷.

245 1458 488 1510 Quaedam
508 1459 649 1499 etiam
672 1459 823 1510 virgo,
848 1471 874 1498 a
896 1471 979 1499 sex
1014 1459 1149 1500 annis
1178 1460 1566 1510 sacramentaria,
1605 1460 1801 1509 scilicet,

163 1541 348 1582 >negans
370 1530 454 1570 sub
476 1530 721 1581 speciebus
742 1530 876 1581 panis
898 1536 942 1570 et
962 1531 1063 1571 vini
1085 1531 1315 1571 contineri
1338 1542 1511 1583 corpus
1542 1537 1587 1571 et
1615 1531 1805 1582 sangui-

166 1613 273 1642 nem
294 1602 484 1642 Domini
514 1601 662 1642 nostri
681 1602 791 1654 Jesu
815 1600 1001 1653 Christi,
1040 1609 1235 1653 peracta
1263 1603 1559 1642 confessione
1593 1601 1808 1653 generali

167 1674 248 1714 vni
270 1686 328 1714 ex
348 1673 575 1725 patribus,
599 1673 665 1712 sic
687 1673 894 1724 resipuit,
918 1680 967 1713 vt
988 1685 1081 1714 non
1102 1674 1253 1714 solum
1275 1674 1501 1723 crederet,
1526 1674 1609 1714 sed
1631 1679 1675 1713 et
1699 1673 1809 1712 ado-

169 1751 297 1786 raret
327 1751 371 1785 et
394 1745 562 1785 devote
584 1750 788 1784 sumeret
808 1750 1024 1784 sanctum
1054 1756 1224 1796 corpus
1254 1745 1580 1795 Dominicum‚
1612 1750 1657 1784 et
1683 1743 1809 1783 dein-

169 1828 281 1868 ceps
301 1828 351 1857 se
373 1816 479 1856 fidei
500 1815 761 1856 catholicae
783 1815 1095 1856 adhaesuram
1116 1817 1424 1867 promitteret.

251 1888 385 1928 Multi
403 1898 602 1939 quoque,
621 1886 787 1938 quibus
802 1886 895 1926 iam
920 1898 1037 1938 pene
1059 1894 1393 1939 persuaserant
1428 1886 1655 1927 haeretici
1686 1885 1811 1938 quod

174 1959 336 2000 audire
355 1959 548 1999 missam
569 1964 692 1998 esset
719 1964 965 2010 peccatum
991 1960 1189 1999 mortale
1219 1961 1407 2010 (nempe
1437 1958 1730 1998 idololatriae
1753 1957 1812 1997 ob

173 2030 498 2071 adorationem
519 2036 853 2070 sacrosanctae
874 2029 1240 2080 Eucharistiae),
1277 2029 1610 2070 monitionibus
1639 2029 1814 2069 nostris

179 2102 239 2142 ad
258 2108 461 2142 mentem
482 2101 735 2141 redierunt.
758 2100 951 2141 Plurimi
980 2113 1180 2153 quoque,
1203 2107 1424 2141 nutantes
1445 2100 1492 2140 in
1512 2099 1616 2151 fide,
1645 2099 1811 2139 confir-

175 2173 290 2213 mati
311 2178 432 2212 sunt.
454 2172 617 2212 Plures
639 2183 834 2223 quoque,
859 2172 938 2223 qui
959 2184 986 2212 a
1021 2173 1178 2212 multis
1200 2172 1336 2212 annis
1358 2178 1437 2211 aut
1471 2171 1816 2211 confessionem

175 2256 272 2284 non
292 2244 517 2295 fecerant,
537 2249 617 2283 aut
633 2255 728 2283 non
745 2243 993 2295 integram,
1013 2243 1151 2294 serio,
1169 2243 1352 2294 integre
1369 2248 1415 2283 et
1430 2242 1716 2294 generaliter
1738 2254 1817 2282 no-

180 2315 250 2355 bis
267 2321 374 2356 sunt
396 2314 613 2355 confessi.
637 2314 761 2354 Inter
784 2314 869 2355 hos
891 2315 1123 2366 quaedam
1156 2327 1183 2355 a
1204 2314 1374 2366 viginti
1411 2314 1549 2354 annis
1570 2314 1617 2354 in
1641 2314 1818 2354 confes-

177 2387 308 2428 sione
330 2386 520 2427 annuali
541 2385 718 2426 crimen
739 2384 1005 2436 nefandum,
1036 2387 1266 2426 incestum
1293 2385 1511 2426 videlicet
1544 2396 1652 2425 cum
1672 2384 1818 2424 fratre

237 2572 246 2592 ¹
285 2572 465 2607 Quintinus
481 2571 656 2599 Charlart.

237 2626 251 2645 ’ὲ
289 2623 379 2650 Vide
395 2626 474 2650 tom.
490 2628 511 2654 1,
526 2627 609 2654 pag.
626 2619 689 2653 550,
702 2622 818 2646 annot.
835 2619 859 2646 1.

237 2673 252 2692 ⁵
288 2672 407 2699 Verba
420 2676 526 2704 quam
536 2668 632 2703 faczt
647 2667 855 2694 cancellavit
870 2667 1049 2694 Polaticus,

238 2722 252 2741 4
287 2719 472 2755 profestis.
489 2717 668 2744 Polancus.

238 2769 252 2789 5
290 2767 421 2796 Deletis
438 2766 552 2793 verbis
568 2764 716 2791 Factum
734 2764 853 2797 itaque
870 2765 923 2790 est
938 2764 987 2795 ut,
1002 2763 1049 2789 ita
1066 2763 1151 2789 haec
1167 2760 1364 2788 emendavit
1385 2759 1567 2787 Polaticus:
1591 2758 1765 2786 Nonnulli
1782 2765 1824 2786 ex

184 2817 240 2845 eis
255 2817 297 2844 ab
313 2815 456 2842 haeresi
472 2813 715 2848 resipuerunt.

241 2862 256 2884 6
290 2864 438 2891 Verbum
451 2861 694 2889 contemnebat
711 2862 744 2886 et
759 2859 966 2893 particulam
982 2859 1092 2886 etiam
1107 2856 1300 2892 suppressit
1316 2855 1497 2884 Polaticus-

241 2911 255 2930 ⁷
292 2911 385 2938 Loco
399 2910 496 2938 verbi
513 2909 678 2943 resipuit,
698 2907 744 2935 ad
759 2915 817 2935 cor
832 2908 941 2934 rediit
955 2906 1093 2941 scripsit
1113 2907 1291 2934 Polaticus.
