2028 3328
164 133 249 172 2130
693 133 922 170 LITTERAE
941 144 1303 176 QUADRMJESTRES

178 229 373 279 uocant)
397 228 593 279 auditio,
618 234 792 280 quanto
816 228 969 268 studio
995 229 1149 269 danda
1168 230 1227 269 sit
1247 241 1412 280 opera,
1437 241 1494 269 ne
1526 229 1714 270 assiduo
1736 231 1814 271 ha-

175 312 278 340 rum
300 311 456 340 rerum
478 311 563 339 usu
581 299 867 348 reuerentia,
892 300 1033 339 tantis
1055 301 1195 340 rebus
1216 299 1385 350 debita,
1411 300 1729 341 imminuatur:
1754 303 1813 342 ad

177 372 265 412 hoe
287 383 399 411 uero
422 371 469 411 id
500 382 645 410 unum
667 382 768 410 esse
794 370 1074 421 remedium,
1097 377 1145 411 ut
1167 371 1363 422 quisque
1385 382 1544 412 secum
1564 372 1611 411 in
1638 373 1809 422 animo,

174 442 447 494 priusquam
469 442 525 482 de
556 441 763 493 peccatis
790 441 1091 492 confiteatur,
1122 448 1200 481 aut
1229 449 1443 482 sanctam
1476 443 1811 483 eucharistiam

175 513 424 565 suscipiat,
455 512 617 564 quanti
651 512 708 552 sit
737 513 958 552 momenti
980 513 1104 564 quod
1126 518 1195 552 est
1224 512 1435 552 facturus
1456 514 1705 565 expendat:
1730 515 1808 565 qui

175 585 291 625 haec
325 583 768 636 praemeditaretur‚
802 583 925 624 hunc
960 595 1198 635 nunquam
1230 584 1494 624 diuinarum
1528 596 1700 636 rerum,
1726 592 1806 625 aut

171 656 431 696 studiosum
471 667 637 707 parum
660 687 667 705 ,
719 662 798 695 aut
841 667 1008 706 parum
1051 661 1343 695 reuerentem
1385 656 1655 696 earumdem
1703 668 1808 696 con-

171 727 416 767 suetudine
438 727 666 776 futurum3
692 726 797 777 quia
834 726 880 766 id
914 726 1070 766 facere
1106 726 1418 777 pigraremur,
1457 727 1646 767 euenire
1669 739 1808 779 saepe

170 806 218 838 ut
241 799 340 849 ipse
361 809 474 838 usus
495 798 891 848 contemptionem
909 803 1146 837 tantarum
1163 808 1321 837 rerum
1338 796 1520 837 efficiat.
1542 797 1677 838 Alius
1695 810 1810 838 uero

171 881 256 909 sua
278 869 490 909 oratione
512 869 730 919 docebat,
755 868 863 920 quia
885 870 1027 919 uulgo
1056 868 1270 908 homines
1291 868 1439 908 uitam
1467 880 1600 909 suam
1629 880 1808 921 suaque

169 940 293 980 facta
316 940 472 980 omnia
493 939 771 991 quibusdam
793 951 878 980 ceu
900 940 1112 980 lancibus
1147 951 1240 979 non
1270 940 1545 991 ponderent,
1582 946 1630 980 ut
1664 940 1800 981 facile

170 1012 225 1051 de
247 1011 489 1063 proposita
511 1010 742 1050 sententia
763 1010 1077 1062 depellantur,
1102 1022 1243 1062 quam
1264 1012 1401 1062 paulo
1425 1018 1545 1061 ante,
1578 1012 1703 1063 quod
1729 1012 1806 1052 ho-

167 1088 300 1122 nesta
321 1088 464 1132 esset,
489 1081 758 1121 auidissime
778 1081 962 1122 fuerant
984 1082 1202 1133 amplexi.
1229 1081 1359 1133 Quae
1388 1082 1453 1122 illi
1482 1082 1802 1134 superioribus

169 1154 331 1194 diebus
360 1154 405 1193 in
441 1153 682 1194 doctrinae
719 1153 1005 1193 christianae
1039 1153 1316 1193 lectionibus
1351 1165 1457 1193 cum
1492 1154 1805 1205 accepissent,

169 1225 290 1276 inde,
311 1236 396 1265 sua
414 1230 594 1276 sponte,
616 1225 1016 1276 praeceptoribus.
1037 1236 1185 1276 neque
1208 1224 1253 1264 id
1271 1223 1540 1276 jubentibus
1562 1237 1711 1276 neque
1729 1226 1805 1266 ad-

169 1296 484 1346 monentibus,
509 1295 569 1336 ad
590 1307 700 1336 suas
724 1296 1044 1336 oratiunculas
1066 1296 1392 1336 traduxerunt.
1419 1296 1549 1347 Quae
1571 1308 1646 1337 res
1668 1307 1806 1348 argu·

170 1374 329 1408 mento
352 1373 435 1418 est,
461 1367 564 1407 illos
592 1374 636 1407 et
665 1368 855 1407 attentis
877 1368 1045 1407 animis
1074 1367 1238 1407 adesse
1261 1367 1516 1418 doctrinae,
1542 1374 1586 1408 et
1607 1379 1807 1419 magnos

169 1451 229 1480 ex
254 1451 308 1479 ea
332 1438 512 1479 fructus
533 1439 792 1490 percipere.

250 1509 397 1560 Multi,
417 1522 511 1550 non
529 1510 737 1551 contenti
753 1510 1124 1550 confessionibus
1141 1510 1408 1561 menstruis,
1429 1516 1599 1550 octauo
1622 1522 1807 1562 quoque

168 1583 241 1623 die
259 1582 305 1621 in
322 1582 498 1621 sacello
517 1587 696 1632 nostro,
716 1581 772 1622 de
789 1582 1007 1622 admissis
1025 1581 1234 1633 peccatis
1250 1581 1538 1632 confitentes,
1558 1593 1805 1622 sacrosan-

169 1660 294 1695 ctam
324 1653 674 1694 Eucharistiam
698 1653 947 1704 accipiunt.
982 1652 1151 1704 Lapsis
1181 1660 1338 1693 autem
1368 1653 1551 1704 diebus,
1584 1664 1689 1693 cum
1710 1653 1806 1704 qui-

169 1727 278 1767 dam
312 1727 459 1766 frater
489 1724 662 1776 januae
685 1724 951 1776 praefectus
972 1731 1095 1764 esset
1124 1724 1182 1764 ad
1213 1730 1410 1775 tempus,
1448 1735 1567 1764 unus
1596 1724 1652 1764 de
1673 1724 1806 1764 scho-

169 1798 348 1838 lasticis
363 1796 578 1847 accessit,
596 1807 732 1847 quem
750 1807 855 1835 cum
871 1795 945 1834 ille
960 1794 1211 1834 admonere
1230 1795 1382 1845 uellet,
1397 1802 1460 1843 ut,
1482 1806 1601 1846 quae
1614 1795 1661 1835 in
1673 1795 1806 1835 scho-

166 1869 221 1909 lis
243 1868 486 1909 doctrinae
507 1873 715 1918 tempore
737 1865 939 1915 audiret,
964 1878 1018 1905 ea
1040 1865 1165 1906 domi
1186 1866 1303 1905 alios
1324 1866 1537 1916 doceret,
1577 1866 1806 1917 comperit

167 1941 321 1991 ipsum
341 1939 539 1991 singulis
561 1937 723 1978 diebus
744 1936 990 1977 dominicis
1011 1936 1163 1986 fateri,
1188 1937 1247 1977 ad
1269 1936 1533 1977 doctrinam
1564 1948 1676 1977 uero
1698 1948 1804 1977 curn

167 2017 301 2063 patre
322 2011 458 2051 simul
474 2015 520 2050 et
536 2008 634 2060 ejus
651 2008 826 2048 famulo
844 2008 1018 2058 uenire,
1044 2014 1182 2060 atque
1205 2019 1367 2048 ornnes
1379 2007 1505 2048 domi
1527 2014 1689 2059 postea
1710 2019 1803 2048 ma-

166 2083 226 2124 tri
247 2095 305 2123 ex
325 2082 526 2122 lectione
547 2079 806 2131 doctrinae,
831 2091 949 2131 quae
970 2079 1165 2131 quisque
1201 2079 1514 2130 meminisset,
1546 2091 1799 2131 exponere.

169 2155 296 2195 Laus
311 2152 532 2193 Domino.

244 2224 404 2265 Alium
420 2234 605 2276 quoque
628 2222 806 2274 accepi,
831 2233 937 2262 cum
955 2221 1158 2273 quinque
1178 2222 1253 2261 uel
1274 2232 1504 2261 summurn
1527 2232 1611 2261 sex
1635 2221 1733 2261 dies
1756 2222 1802 2261 in

164 2296 236 2336 his
257 2295 430 2336 scholis
449 2300 667 2334 uersatus
684 2299 827 2344 esset,
852 2292 1080 2344 quosdam
1102 2293 1335 2342 homines,
1366 2304 1483 2344 quos
1505 2292 1552 2332 in
1577 2292 1683 2333 uico
1710 2293 1800 2333 iur-

164 2372 334 2417 gantes
353 2366 627 2418 reperisset,
652 2365 699 2405 in
735 2371 945 2405 mutuam
979 2365 1185 2415 gratiam
1215 2363 1474 2404 reduxisse.
1511 2363 1549 2404 F
1553 2364 1651 2404 axit
1671 2363 1801 2404 Deus

161 2444 211 2478 ut
234 2443 277 2477 et
298 2437 528 2477 bonarum
549 2447 707 2476 rerum
728 2435 913 2484 studiis,
939 2441 982 2475 et
1009 2446 1203 2475 numero
1232 2436 1355 2486 ipso,
1389 2440 1620 2475 crescant.
1651 2434 1800 2485 Quem

161 2519 406 2548 numerum
426 2507 498 2547 his
519 2507 579 2547 ad
600 2513 644 2547 te
666 2507 827 2557 literis,
857 2505 958 2546 Rssst
983 2505 1137 2557 Pater,
1160 2518 1254 2547 non
1274 2506 1531 2558 perscribo,
1560 2505 1670 2557 quia
1692 2504 1800 2545 finis

161 2579 412 2619 lectionum
432 2578 570 2618 huius
592 2578 701 2618 anni
722 2589 825 2618 cum
844 2578 1006 2628 instet,
1032 2577 1110 2618 alii
1131 2589 1179 2618 se
1198 2577 1244 2617 in
1263 2576 1464 2629 patriam
1481 2577 1796 2626 contulerunt,

124 2694 133 2703 ὁ
161 2649 239 2689 alii
273 2649 449 2689 morbis
484 2649 818 2700 impediuntur:
856 2649 1013 2700 itaque
1050 2660 1144 2688 non
1179 2660 1339 2688 omnes
1373 2647 1676 2699 gymnasium
1712 2647 1798 2687 fre·

159 2726 408 2773 quentant,
431 2731 580 2771 neque
602 2725 732 2759 certo
755 2719 866 2759 sciri
888 2725 1040 2771 potest
1062 2731 1223 2760 eorum
1245 2730 1482 2759 numerus.

237 2791 431 2832 Ineunte
452 2789 655 2839 octobri,
686 2790 797 2829 sciri
819 2791 1004 2842 poterit,
1028 2796 1073 2831 et
1103 2789 1192 2830 Dei
1217 2789 1373 2841 gratia
1404 2789 1462 2829 ad
1490 2795 1558 2838 te,
1584 2788 1685 2830 R.de
1714 2789 1798 2830 Pa-

155 2868 248 2914 ter,
272 2861 603 2914 perscribetur.
626 2860 727 2900 Hoc
750 2861 934 2902 interim
963 2862 1147 2913 accipe,
1180 2866 1379 2912 augusto
1409 2860 1498 2900 hoc
1532 2861 1797 2912 complures

155 2945 305 2974 novos
327 2932 626 2982 confluxisse,
652 2943 705 2971 ac
729 2943 919 2982 sperare
942 2944 1027 2991 nos
1054 2933 1194 2983 longe
1222 2932 1363 2972 etiam
1383 2932 1541 2983 plures
1564 2943 1665 2972 esse
1688 2944 1797 2972 uen-
