2028 3328
190 155 261 192 266
708 155 936 193 LITTERAE
955 167 1315 199 QUADRIMESTRES

185 252 520 293 fundamentis.
545 252 653 293 Alia
674 253 941 293 huiusmodi
962 254 1298 305 praetermitt0‚
1325 253 1493 304 quibus
1510 253 1648 293 huius
1670 253 1831 295 Domi-

187 335 276 363 nae
296 335 581 375 propensam
603 335 717 375 erga
737 336 823 364 nos
846 325 1135 364 uoluntatem
1156 323 1293 364 facile
1316 324 1663 375 cognoscimus.

268 394 490 446 Superest
518 401 566 436 ut
593 402 832 447 postremo
854 396 957 435 loco
986 407 1139 447 pauca
1168 395 1223 435 de
1255 395 1419 435 studiis
1440 396 1614 435 nostris
1637 396 1827 436 adiicia-

188 477 305 506 mus.
330 467 399 506 Ea
415 466 572 518 itaque
593 472 699 518 post
717 467 925 507 omnium
946 465 1225 507 Sanctorum
1246 465 1389 506 ferias
1406 467 1752 518 innouauimus,
1775 468 1826 507 li-

187 537 374 578 terariis
424 549 678 589 puerorum
723 538 1271 588 adolescentulorumque
1311 537 1727 578 exercitationibus
1770 537 1827 578 de

187 620 317 649 more
348 609 583 649 exhibitis:
623 609 803 660 quibus,
841 614 1027 659 praeter
1073 608 1315 659 copiosam
1350 608 1708 660 multitudinem,
1748 609 1830 649 filii

185 679 332 720 Ducis
352 685 465 720 natu
487 681 704 729 maiores,
729 680 885 720 multis
907 680 1025 730 septi
1051 679 1299 730 nobilibus,
1325 679 1587 720 adfuerunt:
1626 692 1829 733 quorum

186 757 340 791 aetate
361 752 603 801 grandior,
626 752 704 802 qui
726 751 771 790 in
792 751 939 790 literis
961 756 1058 790 tam
1079 751 1266 801 graecis
1288 762 1429 802 quam
1462 752 1621 792 latinis
1643 758 1712 792 est
1735 764 1830 793 me-

186 823 408 863 diocriter
443 828 674 873 uersatus,
712 823 890 862 nullum
918 822 1041 862 diem
1068 834 1215 874 aeque
1243 822 1498 863 iucundum
1526 829 1664 875 atque
1698 824 1828 865 illum

186 900 286 934 toto
308 906 357 934 se
380 906 502 934 anno
531 894 819 944 transegisse
841 893 980 933 matri
1011 893 1209 934 dicebat.
1234 893 1325 934 Sed
1355 905 1441 934 nec
1463 894 1629 945 reliqui
1651 895 1828 936 audito-

187 977 263 1005 res
284 965 513 1005 minorem
536 977 593 1005 ex
615 965 952 1016 disputantium
973 977 1028 1005 ac
1050 965 1351 1005 recitantium
1379 965 1618 1006 celeritate
1648 972 1694 1006 et
1722 977 1828 1017 gra-

186 1037 253 1077 tia
273 1037 562 1088 uoluptatem
582 1042 908 1088 perceperunt.

266 1108 398 1148 Haec
416 1114 522 1147 sunt
544 1119 663 1159 quae
685 1107 934 1148 scribenda
948 1107 1180 1148 duximus.
1200 1107 1448 1160 Reliquum
1470 1114 1539 1149 est
1560 1114 1611 1149 ut
1631 1108 1686 1149 T.
1700 1108 1754 1149 R.
1775 1109 1824 1149 Ρ.

187 1191 273 1219 nos
294 1191 352 1218 ex
374 1179 529 1218 animo
552 1179 947 1230 commendemus,
968 1179 1100 1219 cuius
1118 1180 1335 1231 precibus
1357 1185 1401 1220 et
1422 1180 1733 1220 sanctissimis
1753 1192 1826 1220 sa-

187 1249 376 1289 crificiis
405 1249 565 1300 adiuti,
596 1256 810 1290 nostram
837 1250 1054 1301 primum,
1080 1250 1246 1291 deinde
1275 1251 1600 1302 proximorum
1627 1252 1826 1292 salutem

186 1321 543 1372 diligentissime
565 1332 886 1371 procuremus.

266 1391 521 1443 Florentia,
547 1392 620 1432 die
641 1391 752 1433 XIX
772 1391 986 1444 Januarii
1006 1392 1201 1434 MDLV.

266 1463 318 1503 T.
338 1463 391 1503 R.
411 1463 459 1503 P.
484 1463 837 1515 indignissimus
854 1465 901 1504 in
919 1464 1105 1505 Christo
1127 1476 1308 1516 seruus,

1308 1608 1405 1650 LEo
1436 1610 1608 1650 Lmus.

266 1821 620 1873 Superscm'ptio
642 1822 691 1862 in
712 1826 887 1874 quarta
907 1823 1118 1875 pagina:
1147 1825 1175 1871 †
1196 1823 1466 1864 Admodum
1486 1823 1587 1865 R.d0
1617 1825 1665 1865 in
1696 1823 1827 1864 Chri-

181 1898 258 1932 sto
280 1892 409 1933 Patri
425 1893 610 1944 Ignatio
621 1893 677 1934 de
694 1893 890 1946 Loona,
910 1893 1186 1946 Praeposito
1199 1894 1420 1936 Generali
1432 1894 1680 1936 Societatis
1695 1895 1805 1949 Jesu
1816 1928 1825 1935 .

188 1963 381 2005 Romae.

265 2035 378 2076 Alia
399 2048 559 2076 mann.
589 2035 705 2076 1555.
728 2036 984 2089 Florentia,
1014 2037 1061 2078 19
1079 2038 1307 2091 Januarii.

265 2107 329 2147 Et
349 2107 462 2148 alia.
486 2107 536 2148 P.
555 2108 713 2148 Leone
726 2107 1177 2159 Giglioli.—Huomo
1195 2115 1346 2161 santo,
1366 2110 1539 2150 sicome
1560 2111 1822 2162 pensiamo.
