2028 3328
228 169 299 207 482
753 172 973 209 LITTERAE
992 182 1350 215 QUADRIMESTRES

309 267 578 307 Conuersae
607 268 793 308 interim
824 268 1052 308 moniales
1080 281 1129 308 se
1159 269 1206 308 in
1233 267 1483 308 Societatis
1515 274 1707 308 nostrae
1730 271 1861 321 spiri-

228 338 430 378 tualibus
452 339 703 389 exercitiis,
727 339 915 380 admota
951 340 1144 380 Patrum
1165 351 1323 390 opera,
1348 348 1587 390 exercent,
1619 351 1861 391 magnum-

227 420 315 460 que
338 420 642 460 progressum
662 410 852 450 faciunt.
888 410 1003 451 Cum
1029 409 1308 461 quibusdam
1336 421 1394 449 ex
1415 410 1483 449 eis
1505 411 1861 460 aegrotantibus

227 480 396 520 medici
434 481 609 520 nullam
644 482 927 532 sponderent
971 482 1190 530 salutem,
1228 480 1317 520 nisi
1366 492 1425 520 ex
1458 480 1745 522 habitatione
1781 483 1858 522 illa

226 550 562 601 egrederentur
607 551 899 591 exhilarandi
945 551 1087 591 animi
1126 550 1280 601 gratia
1326 561 1432 590 cum
1477 553 1856 604 consanguineis,

225 622 354 673 ipsae
375 634 467 661 uno
490 634 569 662 ore
591 623 860 662 mortalium
874 623 1020 662 vitam
1038 622 1189 661 Deum
1209 633 1351 672 penes
1367 633 1484 671 esse,
1502 634 1696 674 eamque
1714 623 1858 674 (dum-

225 693 363 732 modo
396 693 629 744 expediat)
662 694 969 743 elargiturum
1000 693 1081 742 eis,
1111 699 1354 732 aestuante
1382 693 1547 744 spiritu
1569 699 1859 735 contestatae

224 771 344 803 sunt.
370 763 525 815 Atque
548 764 779 815 praesidio
801 764 945 803 diuini
966 763 1169 803 numinis
1197 763 1419 812 munitae,
1456 775 1541 815 pro
1563 765 1707 804 nihilo
1730 765 1857 805 habi-

223 835 283 874 tis
304 834 462 874 mundi
484 835 905 884 commoditatibus,
944 834 1371 874 animaduertentes
1394 834 1590 875 arduum
1612 847 1728 886 esse,
1750 848 1855 876 cum

223 906 398 957 regulis
422 906 797 957 diaconibusque
830 906 1100 956 habitando,
1137 917 1238 945 sese
1269 906 1478 956 integras
1514 917 1706 947 seruare
1728 906 1858 948 Chri-

222 983 309 1026 sto,
346 976 633 1016 medicorum
671 977 916 1016 consilium
946 977 1277 1027 exploserunt,
1315 977 1633 1029 commorique
1670 978 1715 1018 in
1752 980 1855 1019 reli-

221 1047 359 1098 gione
382 1048 536 1097 potius
554 1048 673 1087 inter
690 1060 799 1087 suas
816 1048 862 1087 in
879 1047 1064 1088 Christo
1082 1059 1269 1087 sorores
1288 1048 1551 1088 maluerunt
1568 1054 1852 1090 statuerunt-

222 1129 324 1169 que,
348 1119 394 1157 in
416 1119 713 1170 maximaque
736 1130 891 1158 rerum
914 1118 1180 1158 diuinarum
1211 1119 1493 1169 cognitione,
1518 1119 1590 1159 sui
1611 1119 1757 1170 ipsius
1781 1120 1854 1160 de-

220 1190 460 1240 spectione
495 1195 539 1229 et
574 1190 828 1241 spiritualis
862 1190 1022 1240 gaudii
1058 1190 1338 1241 perfusione,
1368 1190 1519 1230 morbi
1553 1190 1855 1232 afflictionem

220 1271 369 1311 aequo
391 1260 547 1300 animo
569 1261 822 1311 perferunt.

297 1330 529 1371 Paschate
552 1332 762 1382 proxime
785 1332 976 1383 delapso
997 1344 1090 1372 non
1110 1332 1334 1383 exiguum
1356 1331 1675 1373 confitentium
1697 1346 1852 1375 nume-

218 1413 319 1441 rum
356 1403 415 1442 ad
442 1402 697 1442 Dominum
726 1403 1009 1454 Episcopum
1036 1403 1382 1455 Dominumque
1412 1403 1739 1455 Inquisitorem
1769 1406 1852 1446 Pa-

216 1479 310 1513 tres
341 1474 489 1513 nostri
518 1474 711 1513 missum
741 1480 980 1524 curarunt,
1019 1482 1068 1514 ut
1096 1474 1323 1525 quosdam
1351 1474 1490 1514 fidem
1522 1475 1850 1526 impugnantes

215 1545 552 1584 denunciarent
588 1545 927 1596 deferrentque.
966 1545 1053 1585 Hic
1090 1557 1291 1597 namque
1325 1547 1623 1597 promulgata
1659 1547 1744 1587 fuit
1775 1559 1851 1588 ex-

214 1616 576 1656 communicatio
612 1617 658 1656 in
702 1617 824 1667 illos,
870 1617 971 1668 qui,
1015 1616 1252 1657 hominem
1296 1617 1482 1657 haeresi
1516 1618 1851 1659 adhaerentem

213 1687 429 1737 scientes,
450 1699 541 1727 non
559 1687 716 1727 statim
735 1694 1000 1738 retegerent
1022 1688 1238 1739 apudque
1254 1687 1456 1739 judicem
1482 1688 1733 1729 deferrent.
1757 1689 1848 1730 Sed

213 1757 303 1797 heu
326 1758 593 1798 mortalium
615 1759 941 1798 temeritatem!
966 1759 1280 1798 execrandam
1305 1760 1645 1809 arrogantiam!
1670 1768 1781 1811 quot
1803 1767 1848 1801 et

213 1840 328 1879 quos
358 1829 550 1868 humani
577 1829 764 1880 generis
793 1830 1023 1880 pessimus
1054 1829 1202 1869 hostis
1230 1830 1276 1869 in
1311 1830 1434 1870 hanc
1470 1832 1849 1872 excommunica-

211 1899 384 1939 tionem
414 1900 581 1939 misere
610 1900 906 1951 prolabentes
928 1900 1101 1940 inuasit
1132 1912 1188 1940 ac
1209 1901 1492 1941 deuastauit!
1526 1901 1614 1952 Qui
1635 1914 1846 1942 nonnun-

210 1982 365 2022 quam,
394 1978 663 2011 nostrorum
692 1971 883 2011 Patrum
906 1971 1311 2012 adhortationibus
1329 1978 1645 2023 occurrenteS,
1664 1985 1714 2014 se
1730 1975 1841 2013 mal-

210 2042 250 2080 le
285 2040 564 2081 Sanctorum
599 2042 798 2082 ecclesia
837 2042 1035 2092 viduari,
1069 2054 1208 2093 quam
1235 2042 1477 2083 hominum
1504 2044 1658 2094 gratia
1687 2044 1846 2084 orbari

210 2112 508 2163 respondent.
535 2111 777 2153 Orandum
798 2125 883 2164 pro
905 2113 972 2153 eis
994 2119 1081 2153 etc.

289 2183 512 2234 Mutinae,
539 2183 581 2223 V
603 2183 705 2223 idus
727 2184 839 2224 Maii
864 2185 980 2224 1555.

289 2253 378 2293 Per
399 2254 548 2294 nostri
570 2254 622 2294 R.
647 2253 696 2294 Ρ.
717 2255 1111 2296 commissionem.

287 2324 416 2364 Tuae
440 2325 731 2365 obedientiae
753 2325 1109 2377 indignissimus
1130 2326 1268 2377 filius,

1147 2468 1358 2521 JOANNES
1388 2468 1626 2510 IGNATIUS.
