2028 3328
149 160 219 196 154
659 160 887 197 LITTERAE
915 169 1275 203 QUADRIMESTRES

148 257 359 308 proxime
382 256 553 306 elapsis
588 257 724 296 solito
756 256 903 296 maior
940 256 1042 296 fuit.
1074 256 1253 296 Tantus
1288 255 1409 296 enim
1446 254 1786 305 poenitentium

149 327 304 378 coepit
326 338 428 367 esse
449 338 724 378 concursus,
753 333 801 367 ut
833 327 923 378 piis
956 328 1208 367 multorum
1231 326 1351 366 uotis
1378 325 1654 365 satisfacere
1689 325 1784 375 plu-

149 399 241 438 ries
262 398 355 438 iam
388 398 563 438 frustra
594 398 954 449 tentauerimus;
991 410 1099 438 narn
1131 404 1317 450 praeter
1339 397 1429 437 duo
1452 396 1592 436 certis
1623 396 1785 436 diebus

147 469 469 510 confitentium
505 481 560 508 ac
595 469 1042 510 communicantium
1088 469 1304 509 sodalitia
1347 468 1426 518 (de
1461 467 1627 519 quibus
1663 466 1784 506 infra

147 541 429 580 mentionem
470 540 736 591 faciemus),
782 541 1013 581 accedunt
1052 541 1129 580 alii
1167 546 1264 580 tam
1304 539 1593 590 frequentes,
1644 545 1692 578 ut
1725 549 1783 577 ne

145 623 308 652 omnes
333 612 517 663 quidem
539 617 727 651 nostrae
748 611 914 652 domus
931 611 1202 652 sacerdotes
1220 612 1290 651 his
1313 611 1424 650 solis
1449 609 1780 650 satisfecerint.

147 684 302 724 Taceo
336 684 429 723 iam
465 683 786 723 confessiones
820 684 1085 734 generales,
1124 695 1242 735 quae
1277 689 1434 722 tamen
1471 681 1784 722 creberrimae

143 761 274 805 sunt3
298 760 542 806 praetereo
564 754 674 794 item
695 761 740 794 et
775 765 877 803 eas,
915 766 1034 806 quae
1069 755 1194 794 nullo
1224 754 1321 793 fere
1349 765 1441 794 non
1463 752 1535 793 die
1561 752 1678 793 foris
1708 764 1783 792 au-

147 826 350 866 diuntur.
380 825 706 865 Eucharistiae
741 832 1041 865 sacramenta
1069 826 1147 865 alii
1180 825 1326 874 festis,
1364 824 1442 864 alii
1472 824 1685 872 alternis,
1706 824 1784 863 alii

145 897 344 948 denique
375 896 571 947 singulis
607 896 769 936 diebus
803 895 1116 947 frequentant.
1150 896 1198 936 Ρ.
1236 895 1520 936 Franciscus
1543 894 1551 914 ¹
1574 895 1785 946 pluribus

144 968 386 1019 utriusque
420 979 560 1007 sexus
597 967 823 1007 exercitia
854 968 1115 1019 spiritualia
1161 967 1367 1017 tradidit,
1401 967 1568 1018 quibus
1603 972 1784 1006 tantum

146 1045 411 1090 promotum
433 1044 523 1086 est,
547 1044 597 1078 ut
618 1044 797 1090 septem
832 1038 1037 1078 familiae
1071 1044 1347 1089 perpetuam
1382 1037 1483 1078 Deo
1518 1037 1784 1077 castitatem

145 1110 377 1151 uouerint.
401 1110 529 1150 Idem
564 1110 828 1150 doctrinam
858 1110 1168 1150 christianam
1203 1110 1427 1159 declarat,
1463 1108 1522 1148 ad
1556 1119 1695 1160 quam
1716 1115 1784 1148 tot

146 1181 349 1233 undique
372 1181 632 1231 confluunt,
656 1187 705 1221 ut
727 1181 772 1220 in
806 1180 998 1221 dubium
1019 1188 1211 1221 uentum
1245 1181 1304 1220 sit
1333 1179 1390 1221 de
1420 1180 1509 1220 loci
1531 1180 1784 1220 commodi-

145 1258 256 1292 tate.
280 1251 330 1292 Ρ.
355 1251 578 1292 Nicolaus
599 1251 612 1270 ‘·’
634 1251 799 1292 diebus
819 1251 949 1292 festis
971 1252 1017 1292 in
1047 1253 1220 1292 sacello
1257 1260 1420 1292 nostro
1458 1251 1780 1291 concionatur.

224 1324 330 1364 Duo
352 1324 502 1363 bonae
525 1324 623 1375 spei
640 1324 833 1364 iuuenes
850 1322 1074 1364 Societati
1095 1335 1197 1363 sese
1221 1334 1370 1374 nuper
1386 1322 1629 1362 dederunt.
1648 1322 1707 1361 Hi
1725 1334 1783 1362 ex

154 1395 350 1435 consilio
373 1395 565 1435 Patrum
589 1395 635 1434 in
655 1394 863 1435 Siciliam
882 1394 1080 1446 profecti
1101 1400 1223 1434 sunt.

232 1467 286 1507 R.
310 1466 358 1507 Ρ.
383 1466 603 1506 Andreas
636 1465 665 1515 ³,
688 1466 825 1506 huius
853 1465 1049 1517 Collegii
1084 1465 1271 1516 Rector,
1298 1478 1438 1506 casus
1468 1465 1785 1506 conscientiae

150 1550 245 1579 non
267 1538 367 1578 sine
388 1549 560 1589 magno
584 1538 836 1577 multorum
859 1538 1172 1578 emolumento
1195 1537 1413 1589 explicat.

226 1609 455 1650 Adiunxit
476 1620 525 1648 se
546 1615 793 1660 praeterea
810 1609 946 1648 nobis
968 1609 1087 1648 alius
1115 1608 1304 1660 quidam
1326 1609 1473 1649 literis
1500 1607 1782 1649 humaniori-

146 1682 253 1731 bus,
276 1686 465 1732 praeter
492 1679 922 1731 iurisprudentiam,
961 1680 1107 1731 probe
1130 1680 1402 1730 instructus,
1427 1691 1482 1719 ac
1511 1679 1678 1730 spiritu
1711 1689 1785 1729 pe-

147 1752 294 1792 rinde.
318 1751 468 1791 Ditati
489 1762 650 1790 sumus
671 1757 715 1790 et
747 1751 934 1790 nouello
959 1751 1220 1801 sacerdote,
1247 1751 1379 1791 cuius
1400 1750 1631 1802 primitias
1656 1749 1710 1790 R.
1733 1749 1784 1789 Ρ.

147 1822 392 1864 Salmeron
408 1820 437 1873 ¹²,
453 1822 591 1862 docto
611 1833 724 1861 sane
740 1822 872 1862 iuxta
887 1833 943 1862 ac
963 1822 1063 1862 utili
1080 1834 1310 1873 sermone,
1327 1828 1460 1862 sexto
1474 1822 1577 1862 idus
1591 1827 1786 1873 septem-

144 1895 251 1934 bres
274 1893 517 1934 decorauit
539 1891 568 1932 5:
592 1893 807 1933 initiandi
829 1899 935 1933 sunt
957 1899 1002 1933 et
1023 1893 1114 1934 alii.
1148 1894 1341 1934 Praeter
1373 1894 1459 1933 hos
1481 1893 1560 1933 alii
1587 1899 1683 1933 tres
1705 1891 1787 1932 So-

145 1965 305 2006 cietati
324 1976 495 2004 nomen
518 1964 766 2014 dederunt;
790 1969 985 2015 quartus
1007 1964 1141 2004 alteri
1162 1965 1378 2015 religioni
1399 1976 1448 2004 se
1471 1964 1665 2004 addixit.
1690 1962 1786 2003 Alii

145 2038 302 2088 plures
319 2036 441 2076 idern
463 2035 658 2075 summis
678 2035 800 2075 uotis
822 2034 1056 2075 affectant.
1092 2035 1232 2076 Faxit
1262 2035 1390 2076 Deus
1425 2035 1527 2087 pari
1560 2034 1784 2075 felicitate

148 2113 514 2159 consequantur.

225 2177 387 2219 Studio
409 2177 603 2217 Pati-um
637 2182 908 2217 nostrorum
944 2176 1064 2217 duae
1099 2189 1148 2217 se
1183 2177 1433 2218 societates
1469 2177 1515 2217 in
1551 2177 1640 2217 hac
1671 2177 1785 2216 urbe

144 2249 506 2300 conglobarunt,
531 2249 679 2288 altera
701 2248 926 2298 uirorum,
947 2249 1093 2288 altera
1110 2249 1372 2289 mulierum.
1391 2247 1617 2288 Virorum
1636 2248 1784 2288 consi-

145 2321 258 2360 lium
279 2320 346 2360 sic
364 2318 524 2359 habet:
556 2319 717 2370 quinto
741 2319 922 2359 decimo
945 2330 1127 2370 quoque
1150 2319 1223 2359 die
1258 2319 1579 2360 sacratissimo
1610 2318 1786 2359 Christi

146 2402 343 2442 corpore
365 2402 414 2430 se
435 2390 754 2441 praemunire;
783 2389 888 2430 fidei
908 2396 1098 2430 nostrae
1121 2390 1346 2441 dogmata
1368 2389 1600 2440 rudiores,
1625 2395 1670 2429 et
1692 2401 1783 2429 ma-

149 2462 272 2501 xime
295 2472 466 2512 pueros
502 2466 582 2500 aut
605 2460 875 2501 doctoribus
903 2459 1164 2510 destitutos,
1193 2461 1463 2512 perdocere;
1503 2460 1611 2500 odia
1638 2465 1682 2499 et
1703 2460 1784 2499 ini-

146 2532 364 2581 micitias,
395 2532 562 2583 quibus
597 2531 764 2571 ciuitas
799 2531 915 2571 haec
951 2532 1232 2582 grauissime
1267 2531 1457 2583 flagrat,
1482 2537 1532 2571 ut
1559 2530 1786 2582 quotidia-

144 2614 234 2643 nae
256 2602 425 2642 caedes
446 2602 559 2642 satis
581 2603 842 2652 declarant,
868 2614 1163 2655 componere;
1189 2603 1248 2643 ad
1270 2608 1676 2643 sacramentorum
1697 2601 1784 2641 fre-

203 2740 210 2758 ¹
254 2738 289 2766 P.
304 2737 452 2771 Joannes
467 2737 672 2765 Franciscus
688 2738 850 2766 Araldus.

205 2786 219 2805 ‘2
257 2785 296 2813 Ρ.
316 2785 478 2812 Nicolaus
494 2785 714 2812 Paradensis.

205 2833 219 2851 ⁷·
257 2833 294 2860 P.
310 2833 470 2860 Andreas
485 2833 525 2860 de
542 2832 684 2860 Ovied0.
705 2832 798 2866 Quae
814 2833 853 2860 de
870 2841 908 2860 eo
923 2834 979 2861 hic
994 2834 1162 2868 dicuntur,
1184 2835 1262 2862 anni
1278 2834 1377 2869 huJ'us
1392 2832 1526 2861 initium
1541 2835 1712 2866 spectant.

205 2881 220 2900 ‘⁴
259 2880 299 2907 Ρ.
317 2880 515 2915 Alphonsus
529 2879 719 2908 Salmeron.

207 2928 221 2948 5
260 2927 378 2955 Sermo
393 2928 448 2955 hic
462 2928 601 2955 videtur
616 2935 689 2955 esse
711 2928 751 2955 de
775 2928 918 2956 Nicolao
940 2929 1093 2957 Petrella
1115 2929 1155 2956 de
1180 2929 1262 2957 Itro.
1295 2928 1383 2956 Vide
1405 2928 1555 2955 PoLANc1
1579 2926 1786 2960 Clzrom'con,

144 2979 169 3002 t.
187 2983 234 3009 ιν,
252 2983 330 3010 pag.
348 2975 408 3010 180,
425 2983 456 3003 n.
473 2975 538 3003 381.
1559 2983 1562 2985 ·
