2028 3328
176 136 245 173 198
684 135 911 173 L11TERAE
940 147 1298 179 QUADRIMESTRES

174 233 243 272 sci
268 230 293 282 ¹,
319 232 525 272 crastina
547 233 619 272 die
640 232 873 283 Hispalim
906 233 1201 284 profecturus
1223 239 1312 284 est,
1336 233 1413 273 ubi
1435 240 1505 273 est
1527 234 1645 273 alius
1668 232 1813 273 Pater*

175 303 361 343 nomine
378 303 565 344 Xuarez
586 302 613 354 ²,
640 304 717 355 qui
734 304 842 344 hinc
864 315 891 343 a
912 304 1044 344 nobis
1066 305 1383 356 superioribus
1402 305 1563 344 diebus
1579 304 1687 344 illuc
1704 304 1803 354 ivit,

175 381 219 415 ct
241 374 288 414 P.
312 374 617 415 Franciscum
639 375 700 414 ibi
730 381 964 425 expectat:
1003 376 1101 427 ipse
1138 375 1150 393 ⁵
1187 376 1310 416 enim
1349 375 1395 415 15
1417 376 1503 416 cal.
1523 376 1737 429 Januarii
1759 376 1805 415 in

172 446 385 486 eamdem
404 447 566 486 urbem
588 446 645 485 ab
667 445 837 497 oppido
858 446 1094 487 Plasentia
1116 459 1164 487 se
1187 446 1399 487 conferre
1422 447 1716 487 decreverat.

254 516 508 569 Postquam
535 517 607 556 his
640 523 842 568 quatuor
875 518 1047 569 elapsis
1081 518 1317 558 mensibus
1351 518 1410 558 ad
1443 524 1487 558 te
1516 518 1807 570 scripsimus,

177 589 377 640 quinque
399 588 666 628 scholastici
689 588 876 629 domum
897 596 1109 630 nostram
1130 590 1332 640 ingressi
1354 596 1474 637 sunt3
1501 600 1698 641 quorum
1718 590 1808 629 duo

177 659 459 709 sacerdotes,
483 671 601 699 unus
618 659 663 699 in
684 659 782 699 iure
801 661 1029 700 canonico
1052 668 1252 711 creatus,
1277 661 1370 700 iam
1386 661 1740 707 baccalaureus,
1765 667 1809 699 et

178 732 224 770 in
245 731 423 770 artibus
445 730 624 770 duobus
645 731 780 770 annis
801 737 1018 771 versatus
1040 738 1127 771 est:
1153 733 1270 771 alter
1293 743 1404 771 vero
1426 743 1613 772 sacram
1637 732 1809 771 theolo-

177 802 305 853 giam
325 801 504 842 discere
526 801 790 841 inchoabat.
816 802 886 842 Ex
907 803 1054 842 tribus
1075 803 1207 842 laicis
1229 801 1256 852 ⁴,
1294 814 1412 842 unus
1447 803 1493 842 in
1525 803 1689 843 eodem
1710 803 1811 842 iure

180 874 409 914 canonico
447 873 802 923 baccalaureus,
828 874 946 914 alius
981 874 1161 914 duobus
1192 874 1328 914 annis
1348 886 1513 914 sacrae
1546 874 1813 924 theologiae

177 956 369 996 operam
388 944 596 995 dederat,
619 945 737 985 alius
760 957 869 985 vere
889 946 936 985 in
957 945 1128 986 artium
1149 944 1256 985 ludo
1286 945 1438 985 adhuc
1466 957 1515 985 se
1537 945 1804 985 exercebat.

180 1017 242 1056 At
264 1027 377 1056 vero
400 1027 562 1056 omnes
589 1016 666 1056 isti
693 1023 737 1056 et
759 1016 938 1068 reliqui,
971 1016 1047 1069 qui
1084 1016 1129 1056 in
1152 1017 1480 1057 examinandis
1509 1016 1676 1057 animis
1706 1023 1814 1057 sunt

180 1087 396 1139 occupati
418 1099 473 1127 ac
494 1087 668 1127 detenti
690 1085 718 1138 ⁵,
742 1099 923 1128 summa
959 1088 1100 1128 animi
1130 1088 1201 1128 sui
1237 1088 1496 1128 abiectione
1528 1088 1815 1139 spiritusque

181 1159 349 1199 ardore
372 1159 575 1199 maxime
596 1170 682 1199 nos
702 1159 952 1200 aedificant
974 1166 1017 1200 et
1039 1159 1345 1200 confundunt.

260 1231 503 1281 Nimirum,
529 1230 779 1271 admodum
801 1230 855 1270 R.
879 1230 946 1280 R,
970 1237 1019 1271 ut
1047 1243 1122 1271 res
1156 1231 1353 1271 feliciter
1390 1231 1526 1281 cedit,
1567 1230 1696 1270 Deus
1718 1237 1811 1282 opt.

181 1314 305 1343 max.
328 1302 375 1342 in
397 1303 495 1342 dies
516 1302 669 1353 magis
691 1314 746 1342 ac
768 1302 920 1353 magis
941 1302 988 1342 in
1010 1303 1223 1343 omnibus
1253 1303 1386 1353 (quae
1414 1314 1595 1342 summa
1625 1302 1724 1342 eius
1746 1310 1815 1341 est

180 1374 444 1425 benignitas
466 1380 509 1414 et
532 1373 794 1424 clementia)
830 1374 963 1414 nobis
997 1373 1159 1413 favere
1180 1374 1379 1414 videtur.
1405 1373 1497 1414 Sex
1532 1379 1638 1413 sunt
1659 1373 1813 1423 modo,

180 1445 258 1497 qui
280 1445 462 1486 admitti
483 1445 756 1496 efflagitant,
781 1456 979 1497 quorum
997 1446 1221 1485 maiorem
1243 1452 1441 1496 partem,
1473 1452 1723 1496 postquam
1745 1456 1815 1483 ar-

181 1517 294 1557 tium
316 1528 503 1557 cursum
524 1516 806 1568 peregerint,
830 1516 1147 1568 recipiendam
1169 1528 1271 1556 esse
1294 1516 1449 1556 credo.
1476 1514 1565 1567 Qui
1587 1516 1633 1555 in
1653 1521 1814 1555 nostro

180 1588 269 1628 hoc
304 1588 539 1628 domicilio
576 1588 622 1627 in
657 1587 977 1639 spiritualibus
1011 1588 1145 1627 bonis
1185 1599 1235 1627 se
1272 1593 1540 1636 exerceant,
1578 1598 1817 1638 nunquam

182 1658 363 1699 desunt.
386 1659 515 1708 Item,
536 1659 582 1699 in
603 1659 692 1699 hac
714 1659 1021 1699 universitate
1044 1659 1284 1699 hominum
1305 1658 1607 1707 studentium,
1628 1664 1672 1698 et
1689 1658 1815 1698 vitae

182 1737 226 1770 et
246 1742 427 1771 morum
449 1731 656 1770 maxima
679 1737 874 1782 apparet
898 1731 1090 1770 mutatio
1114 1738 1161 1770 ut
1184 1731 1331 1770 nostri
1362 1731 1452 1770 huc
1482 1730 1812 1769 adventarunt.

182 1801 367 1842 Christo
390 1808 483 1853 opt.
508 1813 633 1842 max.
658 1802 716 1842 sit
738 1813 919 1842 summa
943 1810 1167 1853 perpetuo
1190 1809 1233 1841 et
1254 1803 1356 1842 laus
1379 1809 1422 1841 et
1443 1801 1610 1852 gloria.

261 1873 333 1914 Ex
367 1874 537 1914 nostris
573 1874 787 1914 omnibus
821 1873 1068 1914 duodecim
1102 1880 1283 1913 tantum
1314 1885 1500 1913 sacram
1528 1872 1817 1923 theologiam

182 1945 389 1995 audiunt,
414 1945 489 1996 qui
512 1946 558 1985 in
579 1945 836 1985 audiendas
855 1945 1079 1985 lectiones
1100 1944 1214 1985 foris
1235 1943 1264 1994 ⁶,
1289 1952 1333 1984 et
1354 1944 1480 1984 domi
1503 1943 1700 1995 singulis
1727 1942 1822 1983 die—

181 2017 267 2057 bus
287 2016 582 2068 repetendas,
607 2028 788 2056 summa
809 2028 923 2056 cura
945 2028 999 2056 ac
1022 2016 1263 2067 diligentia
1284 2015 1572 2055 incumbunt.
1597 2013 1673 2055 Ad
1696 2014 1814 2054 haec

182 2088 361 2128 decimo
383 2088 543 2139 quinto
566 2099 748 2140 quoque
770 2088 843 2127 die
866 2088 1163 2138 quaestiones
1185 2098 1457 2127 communes
1478 2097 1585 2126 cum
1609 2086 1819 2126 maxima

185 2160 393 2199 omnium
439 2158 783 2209 aedificatione,
835 2159 912 2210 qui
945 2159 1012 2198 eis
1047 2159 1291 2209 intersunt,
1339 2158 1464 2198 domi
1505 2157 1819 2198 substentant.

185 2230 371 2270 Adsunt
393 2230 580 2282 quidem
611 2230 700 2270 viri
728 2230 923 2280 nobiles,
955 2230 1234 2281 praesertim
1260 2235 1510 2281 postquam
1538 2229 1630 2268 huc
1657 2227 1716 2268 ad
1737 2238 1822 2268 nos

185 2302 313 2341 venit
333 2300 472 2342 Pater
508 2300 565 2341 D.
604 2301 837 2341 Antonius
873 2313 898 2340 a
936 2300 1151 2341 Corduba
1188 2300 1215 2340 ⁷:
1258 2311 1459 2352 quocum
1496 2299 1701 2339 maxima
1724 2298 1825 2337 fere

188 2487 311 2521 Lopez,
328 2486 486 2514 llevando
502 2494 563 2521 por
585 2486 780 2514 Provincial
802 2487 952 2521 primero
968 2486 1021 2513 del
1050 2486 1240 2513 Andalucia
1255 2486 1288 2513 al
1310 2485 1344 2513 Ρ.
1362 2485 1423 2512 Dr.
1446 2484 1571 2518 Miguel
1591 2484 1630 2510 de
1646 2482 1825 2515 Torres...„

188 2534 374 2567 VALDIVIA,
390 2534 553 2561 Historia
569 2542 633 2561 ms.
653 2535 695 2562 de
710 2535 745 2561 la
762 2533 955 2569 Compafiz'a
970 2534 1014 2561 de
1029 2533 1140 2568 Jesus
1156 2541 1198 2560 en
1214 2533 1248 2561 la
1272 2533 1375 2560 Prov.
1392 2532 1435 2560 de
1457 2531 1617 2563 Custilla,
1631 2530 1770 2564 Colegio
1785 2530 1826 2556 de

121 2587 137 2605 ι
191 2582 408 2614 salamanca,
423 2589 562 2616 paragr.
574 2582 622 2609 5.0

247 2630 256 2650 ¹
296 2629 412 2657 Patris
430 2629 607 2657 Francisci
623 2630 663 2657 de
680 2630 795 2665 Borja.

244 2677 259 2697 2
296 2677 332 2704 P.
347 2677 495 2710 Joannes
509 2677 655 2707 Xuarez.
671 2678 783 2705 dictus
798 2679 903 2705 etiam
919 2677 1121 2712 quandoque
1138 2676 1276 2704 Suarez.

245 2725 259 2745 5
297 2725 335 2752 P.
350 2724 557 2752 Franciscus
571 2725 611 2752 de
627 2725 740 2759 Borjzx.

245 2774 260 2794 4
296 2773 451 2801 Nondum
467 2773 667 2800 sacerdotes
682 2773 846 2807 intellige.
862 2773 915 2807 qui
933 2777 1048 2800 tamen
1065 2775 1111 2800 ad
1128 2773 1412 2800 scholasticorum
1432 2770 1577 2805 gradum
1599 2770 1632 2797 in
1656 2769 1830 2797 societate

193 2821 334 2850 admissi
350 2825 439 2849 sunt.

249 2869 262 2889 ὅ
301 2869 436 2897 Clarius
450 2869 514 2897 hoc
529 2868 701 2896 diceretur
715 2867 775 2896 sic:
792 2868 852 2901 qm·
867 2868 1123 2901 spirituallbus
1138 2868 1321 2895 exercitiis
1335 2868 1476 2894 vacant.

247 2916 262 2937 6
300 2903 440 2945 Scilicet
455 2917 488 2944 in
503 2917 630 2944 scholis
647 2915 893 2944 Universitatis
909 2915 1198 2944 salmanticensis.

249 2966 261 2985 ⁷
302 2965 334 2993 Is
352 2965 633 2993 salmanticensis
648 2964 897 2993 Universitatis
914 2964 1041 2992 Rector
1057 2964 1137 2991 olim
1155 2963 1280 2997 fuerat,
1297 2968 1330 2990 ct
1347 2968 1461 2991 nostro
1484 2962 1635 2998 Collegio
1655 2964 1716 2990 sub
1731 2963 1839 2998 hujus
