2028 3328
808 137 892 174 AN.
923 137 1014 174 1555
1654 137 1721 176 481

92 238 212 278 idem
247 236 400 287 Pater,
438 236 595 276 diuino
624 234 845 275 instinctu
872 234 1163 284 persentiens
1197 232 1304 272 huic
1328 239 1522 282 aegroto
1561 233 1724 273 mortis

92 309 445 361 oppressionem
480 306 735 355 imminere,
773 304 830 344 ad
858 316 963 344 eum
992 316 1041 344 se
1070 304 1265 344 contulit
1298 309 1342 343 et
1363 314 1483 354 quae
1512 303 1719 344 diuinum

95 392 264 420 numen
286 378 536 429 suggessit,
565 378 607 417 ei
637 378 820 417 locutus
846 383 928 415 est.
960 375 1135 426 Quibus
1164 375 1322 414 verbis
1352 386 1464 415 sane
1499 380 1725 425 aegrotus

96 452 263 492 mirum
286 451 330 490 in
353 449 541 490 modum
563 448 793 489 emollitus
815 453 952 497 atque
975 446 1215 495 contritus,
1245 451 1441 497 peccata
1469 445 1620 485 eidem
1643 444 1726 485 Pa-

95 523 170 572 tri,
194 521 366 573 gaudio
384 520 564 571 ingenti
580 519 782 571 perfuso,
803 518 1044 558 confessus
1061 523 1144 557 est.
1170 516 1399 557 Postridie
1421 516 1648 556 intellexit
1666 516 1725 556 ei-

97 594 217 642 dem,
252 598 657 633 sacramentorum
691 589 926 641 pracsidio
962 589 1140 629 munito
1178 595 1222 628 et
1258 596 1506 638 exornato,
1544 599 1727 627 summa

97 676 203 704 cum
239 663 482 703 alacritate
517 663 815 712 maximaque
849 660 1103 700 astantium
1137 659 1477 708 consolatione,
1512 659 1727 699 ultimum

98 736 313 787 spiritum
331 733 482 773 Deum
504 733 766 773 abstulisse.

180 805 381 856 Quidam
403 805 522 844 alius
540 802 637 855 jam
671 802 749 843 diu
767 801 859 853 juri
886 802 1011 842 ciuili
1040 802 1306 851 inhaerens,
1343 813 1480 853 quem
1504 802 1731 845 intentum

99 883 143 917 et
175 875 418 916 assiduum
454 876 713 915 litterarum
740 873 943 913 studium
970 874 1138 913 mentis
1174 874 1479 925 corporisque
1524 874 1732 913 sanitate

101 948 387 1000 priuauerat.
424 947 623 998 plurima
659 944 971 997 profundebat
1005 945 1255 985 maledicta
1298 953 1342 984 et
1381 945 1647 984 execranda
1687 944 1733 983 in

102 1019 253 1060 Deum
289 1018 512 1068 conuitia,
550 1024 790 1068 tamquam
823 1016 1063 1067 utriusque
1098 1016 1299 1056 hominis
1333 1016 1470 1056 saluti
1507 1006 1734 1063 diffidens,

103 1092 278 1131 nullum
301 1095 488 1141 praeter
509 1100 653 1129 unum
675 1088 768 1140 <qui
789 1087 997 1140 profecto
1022 1088 1067 1127 in
1085 1087 1201 1127 mira
1222 1096 1536 1138 perpetuaque
1560 1088 1736 1138 patien—

103 1163 166 1202 tia
189 1162 265 1201 diu
287 1167 521 1212 noctuque
545 1160 585 1200 ei
607 1159 863 1213 inseruiuit)
885 1170 1019 1199 suum
1040 1159 1304 1199 cubiculum
1326 1159 1508 1209 ingredi
1526 1159 1738 1210 patieba-

104 1239 194 1273 tur.
217 1232 319 1272 Hoc
340 1242 447 1272 cum
468 1231 657 1282 quidam
684 1242 742 1270 ex
772 1231 945 1270 nostris
966 1230 1199 1280 rescisset,
1231 1230 1521 1269 orationibus
1543 1229 1741 1280 Collegii

105 1303 390 1355 praemissiS,
410 1302 625 1342 effectum
642 1309 711 1342 est
728 1308 777 1342 ut
794 1302 866 1342 vir
883 1302 984 1352 iste,
1004 1302 1051 1342 in
1067 1302 1209 1341 multo
1233 1302 1503 1352 grauiorem
1526 1302 1742 1341 morbum

107 1375 340 1426 delapsus,
360 1373 441 1414 sed
462 1373 645 1413 mollior
664 1372 818 1413 factus
839 1378 1006 1422 mente,
1031 1372 1303 1424 persuaderi
1321 1380 1557 1424 pateretur
1577 1380 1625 1412 ut
1647 1372 1741 1412 adi—

108 1453 207 1487 tum
230 1445 471 1497 praedicto
493 1443 621 1484 Patri
641 1450 817 1493 nostr0‚
843 1443 1151 1484 confessionis
1168 1443 1427 1484 audiendae
1447 1444 1616 1495 gratia,
1637 1447 1743 1496 con}

109 1517 311 1566 cederet;
334 1516 502 1567 quippe
525 1515 602 1567 qui
623 1527 716 1555 non
737 1514 978 1555 confessus
999 1515 1155 1566 plures
1189 1526 1339 1555 annos
1366 1521 1679 1566 transegerat.
1702 1502 1747 1555 Is

109 1587 253 1639 igitur
274 1599 419 1638 usque
455 1586 571 1626 adeo
609 1586 834 1626 contritus
881 1587 1045 1637 culpae
1085 1586 1364 1626 commissae
1403 1586 1745 1626 confessionem

111 1659 324 1709 instituit,
349 1665 398 1698 ut
420 1658 566 1698 nostri
583 1657 737 1697 Patris
754 1658 962 1697 animum
978 1656 1037 1696 ad
1055 1657 1414 1698 ardentissimae
1430 1658 1619 1709 pietatis
1642 1657 1745 1697 affe-

113 1737 240 1771 ctum
259 1730 489 1770 excitaret
525 1727 908 1780 accenderetque.
941 1727 1017 1769 Ad
1044 1740 1182 1780 que-m
1213 1729 1351 1769 Pater
1379 1737 1540 1770 noster
1565 1740 1665 1769 rem
1685 1728 1749 1768 di-

114 1802 273 1843 uinam
293 1800 504 1841 facturus
532 1800 665 1852 eique
693 1801 949 1851 postulanti
971 1799 1146 1841 Christi
1167 1812 1340 1852 corpus
1370 1801 1748 1849 subministratu-

113 1885 193 1914 rus
214 1879 378 1925 postea
401 1882 619 1912 reuersus
646 1877 729 1911 est.
754 1871 888 1912 Unde
918 1871 982 1912 illi
1003 1878 1100 1912 tam
1129 1872 1282 1912 subita
1309 1884 1365 1912 ac
1387 1872 1631 1923 repentina
1654 1882 1751 1911 mu-

114 1944 229 1985 tatio
250 1944 354 1984 visa
388 1949 458 1983 est
496 1940 577 1994 [ut]
602 1941 769 1992 Deum,
789 1954 932 1994 ‚quern
962 1944 1101 1994 paulo
1130 1950 1238 1989 ante
1270 1943 1401 1983 miris
1430 1943 1612 1983 iniuriis
1642 1942 1751 1984 affe-

117 2016 272 2064 cisset,
305 2026 428 2054 nunc
459 2013 654 2054 summis
676 2019 720 2053 et
742 2013 1038 2055 creberrimis
1060 2014 1276 2059 laudibus
1297 2015 1519 2055 extollere
1543 2026 1635 2054 non
1657 2025 1754 2054 ces-

116 2093 258 2127 saret.
282 2085 492 2126 Tandem
513 2096 618 2125 cum
639 2085 734 2124 iam
754 2085 900 2125 tactui
936 2085 1064 2125 duris
1093 2085 1276 2126 ossibus
1304 2086 1439 2137 pellis
1459 2087 1560 2125 sola
1583 2086 1751 2126 adhae-

117 2164 257 2207 reret,
282 2157 408 2197 facto
431 2168 457 2196 a
481 2155 618 2196 Patre
640 2167 777 2196 sacro
814 2156 869 2196 de
898 2155 1147 2197 Dominica
1177 2157 1412 2208 passione,
1443 2157 1755 2208 precibusque

118 2241 204 2280 pro
238 2227 337 2280 ejus
372 2227 677 2279 dispositione
705 2239 731 2267 a
757 2227 891 2267 nobis
913 2229 1128 2270 omnibus
1160 2228 1344 2278 oblatis,
1367 2227 1492 2268 intra
1516 2228 1756 2268 modicum

119 2306 302 2351 ternpus
323 2298 539 2350 spiritum
562 2309 645 2338 suo
667 2297 882 2339 Creatori
903 2299 1119 2341 reddidit.

202 2369 407 2410 Plurima
429 2375 472 2409 et
488 2368 623 2408 varia
640 2375 945 2419 aegrotorum
966 2380 1157 2421 genera,
1177 2371 1518 2422 nonnullosque
1535 2370 1582 2410 in
1604 2376 1757 2411 custo-

121 2440 197 2481 dia
218 2440 406 2492 publica
425 2439 652 2489 detentos,
667 2439 833 2480 Patres
848 2441 997 2481 nostri
1016 2441 1286 2493 frequenter
1304 2441 1527 2492 inuisunt,
1543 2441 1759 2492 edocent,

123 2511 440 2559 consolantur,
481 2516 618 2562 atque
658 2510 953 2551 confessione
992 2511 1152 2552 audita
1186 2512 1235 2552 in
1268 2512 1433 2564 spiritu
1465 2511 1760 2560 confirmant.

199 2581 366 2622 Patres
401 2581 606 2633 insuper,
645 2582 762 2622 alter
804 2582 1106 2623 concionibus
1145 2583 1308 2624 diebus
1345 2583 1494 2624 sacris
1516 2616 1523 2634 ‚
1565 2589 1764 2635 uterque

122 2653 264 2694 etiam
285 2661 692 2693 sacramentorum
713 2652 974 2693 ministerio
1004 2653 1210 2694 studium
1237 2666 1523 2706 operamque
1551 2654 1765 2696 sedulam

124 2723 414 2776 impendunt,
437 2735 586 2776 eoque
602 2723 778 2764 factum
801 2729 870 2764 est
891 2730 941 2765 ut
966 2725 1153 2776 plurimi
1179 2725 1443 2778 frequentia
1471 2737 1633 2766 eorum
1653 2738 1680 2767 a
1702 2727 1761 2767 le-

127 2795 310 2836 thiferis
343 2795 617 2835 criminibus
648 2795 860 2836 reuocati
888 2795 1074 2836 fuerint.
1104 2795 1202 2837 Nec
1231 2796 1504 2848 ambiguum
1534 2805 1604 2837 est
1624 2797 1761 2838 nobis

128 2867 239 2918 quin
259 2865 368 2906 huic
388 2866 570 2906 ciuitati
590 2865 796 2907 fructum
816 2866 1081 2908 uberiorem
1100 2866 1292 2917 ferrent,
1313 2868 1352 2908 si
1373 2868 1532 2920 templi
1555 2880 1756 2909 commo-

131 2937 254 2978 ditas
274 2937 409 2977 nobis
430 2943 553 2978 esset
575 2937 746 2978 oblata.

275 3014 325 3050 T.
347 3025 403 3050 ιιι.
1542 3027 1580 3062 31
