2028 3328
834 157 916 194 AN.
948 156 1038 202 1555
1688 156 1755 193 601

802 608 1079 663 GDXVII

192 838 413 877 Antonius
435 838 654 877 Cordeses

241 904 362 941 Patri
381 905 551 951 Ignatio
572 904 624 942 de
646 904 831 951 Loyola.

289 970 474 1015 Gaudia,
498 970 514 1006 1
537 970 809 1017 Septembris
830 969 920 1007 1555
943 970 964 1004 ¹.

887 1116 985 1184 ulis

578 1286 847 1327 Reuerende
869 1286 1007 1326 Pater
1028 1287 1074 1326 in
1096 1285 1300 1326 Christo.

894 1411 989 1452 (ἶ.2

206 1537 371 1578 Gratia
393 1545 436 1578 ct
461 1550 554 1589 pax
575 1537 683 1590 jesu
706 1537 880 1578 Christi
901 1537 1090 1577 Domini
1111 1537 1259 1577 nostri
1280 1538 1339 1577 sit
1366 1548 1551 1588 semper
1579 1537 1625 1576 in
1659 1547 1754 1576 cor-

130 1609 264 1649 dibus
284 1610 472 1649 nostris.
497 1609 664 1649 Amen.

206 1680 270 1720 Vt
292 1679 346 1719 R.
370 1679 451 1719 ΡΜ
479 1687 587 1720 tuae
610 1691 786 1720 morem
806 1691 1047 1731 geramus,
1077 1680 1145 1720 vti
1173 1680 1322 1731 decet,
1356 1692 1411 1720 ea
1442 1691 1560 1732 quae
1593 1691 1755 1719 occur—

124 1757 232 1791 runt
265 1762 384 1802 quae
415 1751 682 1791 scribantur
707 1751 982 1791 breuissime
1013 1751 1424 1802 comprehendam,
1458 1751 1522 1791 ita
1554 1757 1603 1791 ut
1635 1762 1755 1802 quae

124 1823 218 1862 iam
241 1822 356 1862 alias
377 1822 515 1873 nosti,
538 1834 632 1862 non
654 1828 750 1862 tam
771 1823 914 1862 ueluti
932 1834 1056 1862 noua
1079 1822 1271 1873 afferre,
1296 1834 1435 1874 quam
1452 1822 1546 1862 iam
1563 1821 1752 1872 cognita

125 1893 171 1932 in
205 1893 481 1933 memoriam
508 1904 735 1933 reuocare
765 1893 952 1933 videar:
985 1893 1075 1933 alia
1107 1905 1235 1942 uem,
1273 1905 1393 1944 quae
1428 1899 1534 1933 sunt
1569 1898 1756 1944 praeter

131 1964 262 2014 haee,
294 1964 457 2004 eadem
484 1964 713 2004 breuitate
743 1967 866 2012 (nam
894 1964 1119 2016 temporis
1149 1975 1294 2015 cogor
1322 1964 1568 2015 angustiis)
1597 1975 1755 2004 recen-

124 2035 250 2075 sebo.

203 2106 299 2146 Iam
321 2107 380 2146 ad
400 2113 445 2147 te
467 2107 755 2159 scripsimus,
778 2107 833 2148 R.
856 2108 923 2159 P.‚
957 2108 1265 2149 christianam
1293 2107 1557 2147 doctrinam
1584 2118 1756 2158 pueros

126 2190 152 2217 ιι
172 2178 348 2217 nostris
370 2178 571 2229 edoceri3
593 2190 718 2218 nunc
740 2184 896 2219 autem
917 2179 1041 2230 quod
1068 2179 1157 2219 hac
1185 2179 1232 2218 in
1268 2184 1400 2230 parte
1436 2190 1485 2218 se
1521 2176 1673 2228 offert,
1709 2177 1755 2217 id

126 2254 211 2288 est:
235 2253 390 2288 tantos
411 2248 457 2288 in
479 2260 534 2289 ea
554 2249 687 2300 pueri
707 2260 986 2301 progressus
1007 2250 1233 2298 fecerunt,
1259 2258 1307 2289 vt
1328 2249 1404 2300 qui
1436 2260 1539 2288 eam
1568 2248 1754 2296 docent,

124 2320 172 2358 in
202 2319 561 2360 admirationem
590 2321 846 2361 maximam
878 2321 1200 2371 adducantur,
1234 2332 1341 2361 cum
1372 2321 1563 2369 multos,
1602 2320 1755 2360 adhuc

126 2389 223 2430 fere
243 2390 506 2430 nescientes
527 2391 666 2442 loqui,
690 2391 879 2432 uideant
915 2392 961 2432 in
988 2391 1075 2439 his,
1115 2403 1234 2443 quae
1264 2391 1515 2441 docentur,
1546 2395 1755 2442 repeten-

126 2460 197 2501 dis
217 2467 452 2512 expertos;
474 2468 662 2513 tamque
688 2469 876 2513 gratum
905 2469 975 2503 est
1002 2462 1216 2503 omnibus
1246 2462 1523 2502 exercitium
1556 2461 1670 2510 hoc,
1708 2468 1756 2501 ut

125 2532 266 2571 etiam
288 2532 333 2579 ii,
357 2533 431 2583 qui
456 2539 595 2573 antea
616 2544 665 2573 se
685 2533 838 2574 minus
859 2533 1114 2574 familiares
1134 2533 1270 2573 nobis
1290 2533 1611 2585 praestabant,
1630 2544 1755 2573 nunc

125 2602 397 2643 amicissimi
427 2603 519 2644 sint
549 2603 715 2645 effecti:
745 2604 994 2656 dicantque
1022 2616 1080 2644 ex
1107 2604 1264 2644 animo
1286 2604 1474 2655 saepius
1496 2604 1559 2653 (ut
1594 2615 1756 2644 eorum

125 2673 267 2713 uerba
289 2673 605 2724 transferam):
638 2675 838 2715 “utinam
867 2675 1037 2715 abhinc
1068 2675 1191 2715 mille
1220 2676 1355 2716 annis
1385 2676 1635 2726 collegium
1665 2674 1756 2714 hoc

181 2833 187 2851 ¹
229 2832 476 2868 Autographae
494 2834 619 2868 duplici
635 2834 668 2861 in
683 2834 775 2866 solio,
791 2834 901 2869 primo
920 2842 949 2862 n.
966 2835 1029 2867 515,
1045 2836 1155 2862 altero
1170 2842 1254 2862 vero
1276 2842 1340 2862 non
1357 2839 1547 2863 numerato.
1564 2834 1602 2862 In
1622 2835 1664 2863 iis
1681 2840 1756 2863 tan-

125 2883 196 2906 tum
211 2880 426 2914 subscriptio,
441 2889 459 2908 a
476 2882 591 2908 verbis
603 2881 698 2909 R.‹1ae
712 2881 749 2908 P.
766 2881 873 2913 Tuae,
887 2886 920 2910 et
935 2882 1179 2917 superscriptio
1191 2882 1350 2909 videntur
1363 2890 1435 2910 esse
1447 2882 1579 2917 scripta
1592 2890 1611 2910 a
1624 2882 1660 2910 P.
1676 2882 1756 2910 Cor-

126 2927 234 2954 desesu

180 2976 194 2994 ‘2
233 2976 304 3003 Hac
320 2977 437 3004 littera
455 2976 479 3003 C
495 2976 639 3004 indicari
654 2977 792 3004 videtur
806 2978 952 3004 tertium
968 2977 1089 3005 harum
1105 2979 1298 3006 litterarum
1315 2981 1521 3014 exemplum.
