2028 3328
206 177 278 214 680
719 177 947 215 LITTERAE
967 185 1326 221 QUADRIMESTRES

208 273 273 313 tio
294 273 461 313 maiori
481 273 528 313 in
549 273 663 314 aede
683 273 845 314 haberi
863 274 993 323 solet,
1013 284 1039 312 a
1056 272 1229 312 nostris
1245 271 1510 310 haberetur.
1531 269 1661 309 Deus
1676 275 1839 310 nostra.

209 343 328 384 haec
348 344 566 396 incoepta
587 345 823 385 secundet.

289 415 452 456 Finem
472 416 707 456 scribendi
733 415 955 465 facerem,
986 414 1024 454 si
1055 425 1147 454 non
1179 418 1333 452 essent
1361 411 1417 452 de
1445 411 1648 452 ciuitatis
1678 412 1725 451 in
1751 422 1845 451 nos

212 486 368 527 animo
387 498 541 538 pauca
562 486 789 527 addenda.
814 486 933 526 Nam
956 484 1081 537 quod
1104 484 1329 535 optimum
1349 483 1666 523 testimonium
1686 482 1840 523 Prole-

212 564 352 608 gatus
373 563 418 598 et
438 558 581 598 totius
602 557 806 598 ciuitatis
828 556 1136 607 magistratus
1167 554 1222 594 de
1251 553 1484 595 Societate
1513 560 1675 594 nostra
1706 553 1840 594 dede-

212 629 320 680 rint,
343 640 403 669 ex
423 629 630 680 ipsorum
650 629 810 679 literis,
835 634 883 667 ut
905 627 1083 678 opinor,
1107 625 1391 676 intellexisti,
1414 625 1492 677 qui
1520 631 1732 665 nostrum
1753 624 1846 664 hoc

213 705 258 739 et
277 700 466 740 uiuendi
486 706 531 740 et
552 699 749 740 docendi
769 698 1030 739 institutum
1052 708 1231 736 summe
1253 696 1467 748 probant.

293 770 366 811 Ac
396 771 555 811 decem
582 771 685 820 uiri,
710 770 787 821 qui
817 781 892 809 res
913 768 1126 820 publicas
1154 767 1503 817 administrant,
1536 774 1579 807 et
1601 767 1733 807 multi
1767 766 1845 806 alii

216 843 466 894 optimates
493 841 548 882 ad
578 841 851 882 Cardinales
880 840 1060 891 aliquos
1089 845 1133 879 et
1163 838 1404 880 Summum
1431 837 1704 879 Pontificem
1732 837 1845 877 scri-

215 919 422 966 pserunt,
446 918 494 953 ut
514 913 623 953 huic
643 917 804 952 nostro
827 911 1034 962 Collegio
1056 910 1396 961 subueniretur,
1417 921 1522 950 cum
1539 909 1664 950 uires
1685 908 1845 949 ciuita-

215 985 274 1025 tis
296 985 450 1025 nullae
467 984 572 1035 sint,
595 995 681 1023 nec
699 982 878 1023 efficere
893 982 1144 1033 quicquam
1160 993 1242 1033 per
1257 993 1306 1021 se
1322 981 1526 1033 possint3
1552 980 1731 1032 sibique
1747 978 1847 1019 fieri

216 1055 441 1096 beneficia
480 1054 696 1095 dixerunt
715 1086 723 1105 ‚
765 1065 885 1106 quae
925 1053 971 1093 in
1012 1059 1226 1094 nostrum
1263 1053 1352 1093 hoc
1398 1052 1658 1103 Collegium
1697 1051 1846 1091 confe-

217 1132 398 1170 runtur.
421 1126 829 1177 Laudauimusque
850 1124 1015 1176 paucis
1037 1130 1145 1165 ante
1166 1123 1330 1164 diebus
1349 1123 1465 1164 Ill.mi
1494 1129 1539 1163 et
1559 1121 1665 1163 R.¹1¹i
1690 1121 1852 1162 Cardi-

216 1198 338 1239 nalis
357 1197 511 1237 Fuluii
534 1198 581 1237 in
612 1209 699 1237 nos
727 1196 959 1247 animum,
991 1196 1071 1248 qui
1099 1195 1158 1235 ad
1189 1194 1437 1247 quemdam
1467 1194 1669 1234 nobilem
1697 1193 1849 1233 uirum

218 1268 458 1320 rescripsit
478 1268 603 1309 nullo
620 1279 669 1307 se
685 1278 892 1318 unquam
907 1272 1119 1318 tempore
1137 1266 1270 1306 nobis
1287 1265 1569 1315 defuturum,
1589 1270 1633 1304 et
1653 1275 1703 1304 se
1720 1263 1850 1315 prius

218 1351 359 1393 quam
378 1350 465 1379 nos
485 1339 532 1379 in
553 1344 812 1389 egestatem
829 1337 1155 1378 deuenturum.

298 1410 428 1451 Haec
449 1416 570 1460 sunt,
596 1421 714 1461 quae
736 1409 983 1449 scribenda
1001 1409 1048 1449 in
1068 1414 1269 1449 mentem
1285 1413 1527 1448 uenerunt.
1548 1406 1742 1447 Interim
1757 1406 1855 1446 tuis

219 1482 509 1523 orationibus
528 1492 616 1521 nos
637 1492 799 1521 omnes
821 1480 1221 1521 commendamus.

299 1552 474 1593 Datum
495 1551 730 1603 Perusiae,
754 1551 954 1603 septimo
976 1551 1081 1591 idu's
1104 1550 1322 1592 Octobris
1347 1550 1461 1590 1555.

538 1623 591 1663 T.
617 1621 663 1663 P.
687 1633 853 1663 seruus
875 1621 1114 1673 indignus,

942 1765 1044 1806 G1o.
1081 1765 1319 1806 ANToNan
1349 1764 1637 1805 VIPERANUS.

303 1982 657 2035 Superscriptio
679 1982 729 2022 in
749 1984 925 2034 quarta
941 1986 1008 2032 pa
1012 1980 1150 2031 gina:
1171 1980 1199 2026 †
1215 1978 1470 2019 Plurimum
1485 1976 1647 2018 R.d01n
1663 1976 1747 2017 Χ.Ο
1769 1973 1834 2017 P.i

223 2054 286 2095 M.
309 2054 492 2105 Ignatio
515 2067 542 2094 a
562 2054 756 2106 Loyola,
779 2052 1056 2104 Praeposito
1081 2050 1223 2102 gnali.
1247 2049 1499 2091 Societatis
1518 2048 1645 2101 Jesu,
1661 2047 1860 2088 Romae.

305 2125 416 2165 Alia
437 2137 600 2166 manu:
625 2125 740 2176 1555,
763 2124 974 2172 Perusia,
998 2122 1396 2174 Quadrimestres‚
1415 2120 1441 2160 9
1462 2119 1696 2161 OctobriS.

318 2196 581 2247 Vestigium
602 2207 734 2236 cerae
754 2194 927 2246 sigilli.
