2028 3328
233 153 304 190 466
747 153 972 191 LITTERAE
1000 165 1357 198 QUADRIMESTRES

231 261 320 301 que
342 250 540 302 amplius
561 248 653 290 300.
679 250 869 290 Ineunte
890 262 1170 302 unoquoque
1192 261 1350 289 mense
1374 236 1658 289 conueniunt
1680 256 1774 290 tres
1792 262 1875 291 su·-

231 320 440 372 periores
457 322 647 372 classeS,
668 322 723 361 de
745 322 997 373 propositis
1018 321 1267 360 axiomatis
1290 321 1557 371 disputandi
1577 321 1748 371 gratia;
1772 321 1862 361 die-

229 391 315 432 bus
336 404 448 432 uero
471 393 677 433 sabbatis
698 393 744 432 in
766 404 850 432 sua
872 393 1040 444 quique
1069 391 1209 431 classi
1236 391 1281 430 id
1302 391 1499 441 faciunt,
1531 404 1616 431 nec
1639 392 1792 432 minus
1814 403 1863 432 se

230 462 475 514 diligenter
514 463 559 503 in
596 464 698 503 aliis
732 464 870 503 rebus
906 463 1054 502 solitis
1089 468 1323 502 exercent.
1366 461 1610 502 Venerunt
1650 462 1739 502 huc
1783 463 1863 502 ali·

228 534 413 585 quando
436 534 494 574 ad
517 546 603 574 nos
625 534 888 575 Cardinalis
911 546 965 573 ac
987 532 1256 573 Ludouicus
1284 531 1546 584 Principes,
1572 545 1651 583 ac,
1676 545 1863 585 praece-

227 605 439 657 ptoribus
459 605 735 656 legentibus,
760 617 920 645 omnes
940 606 1115 644 classes
1133 603 1394 655 audierunt,
1414 604 1460 643 in
1477 604 1675 655 singulis
1692 605 1861 655 paulis—

227 688 312 728 per
365 682 711 716 commorantes
761 676 980 715 audiendi
1032 686 1190 714 causa.
1247 674 1553 715 Delectantur
1608 675 1672 715 illi
1720 686 1862 726 supra

228 747 418 787 modum
438 747 527 787 hoc
549 758 712 798 opere,
738 747 894 786 omnia
917 746 974 786 ad
1002 746 1228 785 maiorem
1257 745 1342 785 Dei
1372 746 1556 786 laudem
1587 746 1870 796 dirigentes,

229 829 367 869 quem
386 829 528 857 unum
549 817 595 856 in
618 818 756 857 rebus
779 817 993 856 omnibus
1015 822 1260 868 quaerunt.

305 888 356 928 In
369 889 458 928 hoc
471 888 679 939 Collegio
695 887 857 927 Patres
869 887 1151 938 Fratresque
1167 887 1214 927 21
1232 888 1277 927 in
1292 888 1557 938 praesentia
1572 899 1859 928 commoran-

226 966 314 1010 tur,
340 965 540 1010 quatuor
562 959 844 1009 sacerdotes,
869 959 1058 1009 caeteri,
1083 959 1255 1010 partim
1277 958 1515 1009 Magistri,
1540 960 1710 1010 partim
1728 959 1859 999 scho-

227 1030 404 1081 lastici,
427 1031 599 1082 partim
620 1030 906 1080 administri,
931 1041 1093 1070 omnes
1114 1030 1238 1069 bona
1260 1030 1542 1081 ualetudine,
1565 1029 1666 1070 Deo
1687 1030 1857 1081 gratia.

306 1100 410 1151 Sed,
427 1107 475 1141 ut
489 1102 547 1141 ad
560 1102 712 1152 ipsum
725 1101 921 1152 Collegii
933 1100 1198 1141 aedificium
1209 1101 1470 1150 veniamus,
1485 1101 1530 1141 id
1544 1101 1642 1149 tibi,
1662 1100 1760 1141 R.de
1778 1100 1860 1141 Pa-

227 1177 318 1223 ter,
343 1172 498 1212 dicere
519 1173 689 1222 habeo,
714 1184 815 1212 esse
838 1173 940 1212 1000
969 1178 1318 1224 peropportuno
1347 1172 1512 1222 situm,
1543 1179 1639 1211 tum
1662 1172 1862 1212 fratrum

225 1243 367 1294 quieti
389 1243 594 1294 spiritus,
620 1243 741 1295 quod
763 1244 880 1283 haec
904 1243 1030 1283 urbis
1053 1255 1163 1294 pars
1192 1243 1406 1283 omnibus
1436 1243 1642 1283 externis
1671 1243 1861 1295 impedi-

226 1315 395 1354 mentis
417 1325 565 1364 caret,
596 1320 694 1354 tum
724 1314 980 1354 commodis
1010 1314 1331 1365 spiritualibus
1361 1314 1703 1365 proximorum,
1738 1314 1868 1365 quod,

227 1385 320 1425 huc
342 1385 478 1425 facile
501 1387 628 1425 ciues
650 1386 780 1426 adire
802 1393 1012 1436 possunt.

305 1455 432 1507 Opus
453 1457 605 1508 ipsum
628 1456 836 1507 procedit
857 1456 1063 1507 egregie,
1087 1456 1194 1507 quia
1216 1456 1440 1508 Princeps
1471 1455 1734 1496 Cardinalis
1756 1468 1858 1508 pro·

224 1528 378 1578 perari
400 1527 547 1578 iussit3
571 1527 766 1578 percipit
788 1527 910 1567 enirn
928 1539 986 1567 ex
1003 1539 1057 1567 eo
1074 1538 1297 1578 magnam
1314 1527 1617 1578 uoluptatem,
1639 1527 1868 1579 cupitque-

228 1599 439 1639 absoluta
476 1599 631 1638 omnia
671 1598 829 1638 uidere
864 1604 1003 1650 atque
1037 1598 1261 1649 perfecta,
1286 1605 1336 1637 ut
1364 1597 1534 1638 fratres
1565 1599 1670 1648 sint,
1702 1610 1857 1650 quem-

224 1669 474 1710 admodum
492 1676 669 1721 optant,
690 1669 916 1721 quietiore
932 1669 1086 1709 animo
1110 1669 1212 1719 (etsi
1235 1669 1349 1709 satis
1367 1669 1520 1720 quieto
1538 1669 1677 1720 sunt),
1701 1669 1858 1721 itaque

223 1741 446 1781 lectiones
480 1753 538 1781 ex
568 1741 903 1792 magistrorum
937 1740 1422 1792 scholasticorumque
1457 1741 1689 1781 sententia
1720 1753 1859 1792 expo-

224 1818 409 1852 nantur.

302 1883 546 1935 Templum
575 1895 743 1934 parum
776 1883 1028 1924 admodum
1064 1883 1194 1923 abest
1229 1883 1339 1933 quin
1374 1882 1433 1922 sit
1462 1882 1736 1933 perfectum3
1769 1882 1859 1922 hac

225 1960 418 2005 aestate,
452 1954 553 1994 Deo
581 1954 790 2003 fauente,
822 1966 929 1994 cum
958 1954 1227 1994 scholarum
1254 1954 1372 1993 aulis
1406 1954 1600 2005 aliisque
1628 1953 1859 1993 inchoatis

223 2024 444 2065 aedificiis
462 2025 745 2065 absoluetur.
763 2024 895 2065 Mitto
913 2024 1034 2076 quod
1052 2024 1373 2075 coenaculum,
1390 2024 1619 2074 cubicula,
1641 2024 1859 2064 dormito-

224 2096 306 2147 ria,
330 2097 666 2146 nosocomium,
691 2097 808 2136 cella
829 2096 1037 2147 penaria,
1071 2095 1249 2146 culina,
1280 2095 1564 2145 sacrarium,
1594 2095 1715 2135 aliae
1746 2095 1858 2134 item

225 2167 369 2206 cellae
390 2168 684 2208 necessariae
707 2173 814 2208 sunt
840 2167 934 2207 iam
959 2166 1297 2218 perfectissime
1325 2166 1580 2206 absolutae.
1612 2166 1741 2206 Deus
1766 2166 1857 2206 Do-

224 2238 375 2278 minus
396 2245 570 2289 noster‚
595 2238 672 2290 qui
694 2239 811 2278 haec
832 2238 988 2278 omnia
1010 2237 1121 2277 facit
1138 2243 1181 2277 et
1198 2237 1387 2277 molitur
1404 2249 1495 2288 quo
1514 2236 1782 2288 diligentius
1800 2237 1857 2276 ab

223 2309 436 2349 omnibus
457 2311 729 2361 colaturque
752 2322 807 2350 ac
829 2309 1057 2360 laudetur,
1082 2309 1216 2348 nobis
1233 2320 1366 2348 suam
1388 2308 1593 2359 gratiam
1609 2308 1853 2359 largiatur,

222 2385 271 2419 ut
291 2379 338 2419 in
359 2380 497 2420 rebus
519 2381 731 2421 omnibus
752 2380 797 2421 id
815 2392 899 2432 pro
916 2380 1036 2420 uirili
1053 2385 1186 2432 parte
1203 2385 1511 2431 praestemus,
1531 2379 1655 2431 quod
1671 2379 1735 2419 illi
1752 2390 1857 2430 gra-

225 2457 323 2490 tum
343 2451 402 2490 sit
423 2463 478 2491 ac
498 2452 760 2503 probatum.
781 2452 948 2492 Amen.

301 2521 545 2573 Tanquam
566 2522 646 2563 filii
667 2523 733 2563 tui
753 2523 877 2574 iique
898 2522 1233 2574 indignissimi,
1257 2521 1360 2562 Rae
1379 2521 1540 2572 Pater,
1563 2521 1648 2561 abs
1669 2527 1714 2561 te
1745 2522 1856 2573 peti-

222 2604 338 2643 mus,
362 2599 411 2632 ut
427 2605 512 2633 nos
530 2594 620 2633 tuis
636 2594 854 2645 precibus
870 2593 971 2633 Deo
989 2593 1301 2643 commendes,
1323 2604 1413 2644 quo
1432 2592 1706 2632 beneficium
1722 2592 1857 2633 nobis

223 2668 465 2714 tantopere
486 2665 805 2704 necessarium
827 2665 1163 2716 adipiscamur,
1197 2664 1396 2716 indeque
1423 2663 1557 2703 nobis
1583 2663 1852 2704 benedicas.

302 2733 374 2773 Ex
412 2734 502 2774 hoc
539 2734 767 2775 Eborensi
817 2735 1026 2786 Collegio
1065 2734 1316 2776 Societatis
1349 2735 1483 2788 Jesu,
1526 2741 1659 2774 sexto
1706 2745 1863 2775 nonasa

222 2803 387 2855 Maias,
411 2816 533 2844 anno
555 2816 582 2843 a
605 2804 776 2845 Christi
800 2813 906 2846 ortu
932 2806 1045 2846 1555.

513 2875 585 2915 Ex
606 2876 932 2917 commissione
952 2877 1106 2918 Patris
1126 2877 1275 2918 Marci
1295 2876 1502 2927 Georgii,

1198 2948 1470 2988 FRUCTuoso
1503 2947 1687 2987 ANDRE.
