2028 3328
830 120 914 157 ΑΝ.
946 121 1037 158 1555
1677 123 1746 159 441

112 219 274 259 decem
296 230 445 259 annos
467 218 709 258 confessus
732 229 825 257 non
846 202 1014 257 fuerat.
1037 216 1171 257 Alius
1201 217 1360 257 itidem
1389 224 1458 257 est
1487 218 1743 270 confessus,

113 301 231 341 quae
253 302 336 341 per
357 289 518 329 decem
539 296 582 329 et
604 300 688 328 sex
710 300 858 328 annos
880 289 1151 328 occuluerat
1174 294 1385 339 peccata.
1410 288 1558 339 Alius,
1585 301 1748 330 omnes

112 362 426 401 confessarios
447 367 764 410 contemnenS,
797 360 932 411 quasi
953 371 1120 410 parum
1142 359 1309 409 dignos
1340 359 1505 410 quibus
1539 371 1623 399 sua
1644 372 1747 411 pec-

112 438 217 472 cata
253 433 592 482 manifestaret,
631 438 734 483 post
771 442 920 470 annos
958 436 1078 480 octo,
1119 442 1225 470 cum
1260 441 1421 470 coram
1455 430 1556 481 ipso
1589 432 1749 470 nescio

112 503 215 554 quis
236 503 291 543 de
313 504 486 543 nostris
507 503 722 543 Patribus
745 502 888 541 uerba
917 501 1118 551 fecisset,
1152 501 1449 541 commodum
1482 512 1565 540 suo
1587 503 1747 553 palato

113 574 453 614 confessarium
476 580 770 626 assequutus,
796 573 1041 613 confessus
1064 579 1147 612 est.
1172 573 1268 613 Alii
1299 572 1497 623 denique
1520 573 1665 623 multi,
1690 585 1748 613 ne

115 645 161 684 in
190 645 387 695 singulis
416 645 716 685 recensendis
744 645 969 685 molestus
999 644 1101 692 sim,
1135 644 1340 683 confessi
1376 650 1502 693 sunt,
1541 644 1619 695 qui
1645 656 1694 684 se
1722 656 1750 684 a

115 717 405 756 consessione
427 717 733 756 saluberrimo
755 716 975 757 uitiorum
997 715 1209 755 antidoto
1232 716 1402 755 multos
1433 727 1580 755 annos
1613 715 1749 755 absti-

116 793 332 827 nuerant.

193 857 468 899 Uberi-imus
490 871 672 911 quoque
698 858 1048 899 confessionum
1069 858 1249 898 fructus
1271 870 1330 898 ex
1361 870 1414 898 eo
1445 859 1748 909 cognoscitur

116 930 239 981 quod
262 931 540 981 complures,
566 938 661 970 tam
692 930 963 970 scholastici
985 940 1126 981 quam
1156 941 1213 969 ex
1236 929 1353 974 aliis,
1388 929 1533 969 uariis
1565 929 1748 979 religio-

114 1001 264 1052 nibus,
299 1012 442 1041 suasu
477 1009 748 1042 nostrorum
774 1001 980 1049 Patrum,
1014 1012 1116 1041 sese
1148 1000 1431 1050 dicauerint;
1464 1001 1529 1040 ita
1560 1006 1608 1040 ut
1638 1000 1752 1040 mihi

115 1072 234 1112 citra
258 1072 400 1112 ullam
422 1073 725 1124 hyperbolem
747 1073 1074 1112 renunciatum
1094 1072 1166 1120 sit,
1192 1067 1272 1111 uix
1293 1071 1579 1111 monasteria
1611 1071 1750 1111 huius

116 1143 249 1194 regni
269 1149 336 1183 tot
358 1144 493 1183 simul
515 1156 682 1195 capere
703 1155 855 1196 posse,
879 1150 924 1183 et
944 1144 990 1194 ii,
1013 1143 1091 1195 qui
1127 1142 1319 1182 admissi
1347 1142 1466 1182 inter
1490 1142 1606 1182 alios
1627 1147 1750 1192 sunt,

115 1221 212 1254 tam
232 1226 427 1254 suauem
448 1214 784 1255 aedificationis
806 1215 997 1255 odorem
1019 1226 1077 1254 ex
1098 1225 1148 1254 se
1170 1214 1401 1262 emittunt,
1422 1219 1470 1253 ut
1492 1218 1536 1253 et
1559 1213 1663 1253 aliis
1684 1225 1751 1252 re-

113 1285 293 1336 ligiosis
322 1285 526 1337 antiquis
554 1297 778 1337 magnum
810 1286 868 1326 sit
895 1285 1114 1326 solatium
1136 1290 1180 1324 et
1212 1283 1423 1324 nonnihil
1453 1284 1682 1333 stimulus,
1708 1290 1758 1324 ut

114 1356 172 1396 ad
193 1357 530 1407 perfectionem
552 1356 820 1407 diligentius
852 1357 1085 1397 anhelent.
1118 1356 1251 1396 Haec
1273 1355 1429 1395 omnia
1452 1355 1611 1395 diuina
1632 1355 1758 1395 boni-

114 1433 187 1467 tas
208 1439 292 1478 per
313 1433 501 1467 nostros
524 1427 690 1468 Patres
707 1428 894 1480 operari
911 1428 1105 1479 dignata
1123 1434 1208 1478 est,
1230 1427 1308 1479 qui
1325 1426 1526 1479 quidem,
1547 1427 1586 1467 si
1601 1427 1759 1478 plures

113 1505 283 1549 essent,
305 1499 449 1538 multo
469 1499 703 1550 copiosior
721 1498 900 1539 fructus
919 1511 977 1539 ex
998 1510 1163 1539 eorum
1184 1498 1457 1538 ministeriis
1475 1497 1600 1537 haud
1623 1498 1760 1538 dubie

114 1569 432 1621 colligeretur.

194 1640 463 1681 Deueniens
485 1642 544 1682 ad
575 1641 637 1692 id,
672 1642 796 1694 quod
824 1642 880 1682 de
909 1642 1125 1683 doctrina
1154 1642 1411 1682 christiana
1443 1653 1516 1682 me
1555 1641 1760 1681 secundo

113 1713 217 1752 loco
252 1711 488 1752 dicturum
519 1724 621 1752 sum
650 1713 899 1763 pollicitus,
930 1712 1095 1753 Patres
1124 1713 1172 1753 in
1199 1725 1253 1753 ea
1289 1713 1503 1753 docenda
1538 1712 1756 1753 eumdem

114 1783 302 1823 modum
324 1783 578 1823 obseruant
605 1795 744 1835 quern
775 1790 928 1824 antea:
961 1784 1353 1836 deprehendimus
1375 1796 1468 1824 non
1490 1795 1682 1834 paucos,
1708 1784 1755 1823 in

113 1854 251 1894 rebus
273 1854 444 1894 diuinis
465 1866 632 1906 parum
649 1855 892 1905 sollicitos,
913 1856 1012 1896 sola
1030 1855 1273 1896 doctrinae
1291 1855 1562 1907 cognitione
1581 1855 1753 1895 cautio-

112 1936 188 1965 res
209 1925 414 1974 effectos,
439 1926 783 1977 conspicientes
805 1927 931 1966 uitae
953 1938 1066 1967 suae
1094 1926 1481 1967 consuetudinem
1501 1926 1754 1978 plurimum

114 2008 140 2036 a
162 1998 324 2048 regula
346 1997 611 2036 diuinorum
629 1997 958 2038 mandatorum
975 1997 1260 2049 discrepare.
1280 1997 1330 2037 In
1347 1997 1446 2037 dies
1466 1997 1624 2048 populi
1641 2008 1756 2047 erga

116 2079 202 2107 nos
237 2079 370 2107 amor
398 2068 551 2118 magis
580 2079 635 2107 ac
663 2068 815 2118 magis
845 2068 1134 2119 accenditur,
1165 2074 1209 2108 et
1241 2068 1412 2120 opinio,
1441 2079 1582 2119 quam
1603 2068 1659 2107 de
1680 2079 1760 2107 no-

116 2146 214 2179 stra
248 2139 441 2179 minima
469 2138 704 2179 Societate
733 2149 1066 2191 conceperunt,
1098 2151 1282 2191 semper
1311 2145 1525 2190 augetur,
1560 2139 1758 2178 racioci-

115 2215 282 2250 nantes
303 2216 505 2262 quantus
527 2210 585 2250 sit
607 2216 879 2250 nostrorum
900 2216 1089 2262 patrum
1111 2221 1225 2262 erga
1248 2211 1489 2262 proximos
1511 2221 1657 2259 amor,
1678 2209 1756 2260 qui

116 2292 198 2321 eos
218 2286 374 2321 tantos
395 2281 583 2321 labores
605 2287 793 2332 tamque
815 2288 1175 2332 perseuerantes
1197 2281 1352 2321 subire
1376 2286 1531 2332 cogat:
1564 2280 1688 2320 vnde
1710 2279 1760 2320 fit

117 2358 166 2392 ut
187 2352 334 2392 maior
357 2351 634 2392 adhibeatur
655 2351 897 2402 diligentia
920 2352 966 2392 in
987 2353 1145 2404 pueris
1166 2352 1405 2392 mittendis
1422 2358 1465 2392 et
1484 2351 1532 2391 in
1554 2351 1760 2391 saluber-

116 2423 236 2463 rima
272 2422 447 2463 Christi
481 2423 696 2463 doctrina
724 2422 1026 2474 addiscenda,
1059 2423 1183 2475 quod
1218 2423 1437 2463 Patribus
1463 2428 1630 2474 sponte
1653 2434 1757 2462 cur-

118 2493 326 2534 rentibus
357 2494 545 2534 adhibet
566 2493 841 2534 acutissima
856 2494 1081 2554 palearia.
1100 2493 1271 2534 Euenit
1288 2506 1382 2534 non
1400 2506 1508 2534 raro
1528 2493 1759 2544 homines,

118 2565 238 2604 inter
260 2576 309 2605 se
330 2565 528 2614 uicinos,
554 2566 649 2604 suis
671 2564 836 2604 studiis
858 2572 1127 2616 occupatos,
1151 2565 1239 2605 hac
1262 2566 1398 2605 simul
1416 2565 1614 2605 honesta
1631 2575 1762 2604 exer-

118 2635 340 2675 citatione
363 2636 601 2687 occupari,
626 2635 906 2686 quibusdam
923 2647 982 2676 ex
1001 2648 1092 2676 una
1113 2643 1247 2687 parte
1265 2635 1556 2685 canentibus,
1582 2636 1686 2676 aliis
1703 2647 1763 2676 ex

121 2707 270 2746 altera
291 2707 502 2747 uicissim
522 2706 927 2758 respondentibus3
954 2707 1018 2746 ita
1047 2706 1096 2746 fit
1124 2714 1174 2747 ut
1202 2714 1246 2747 et
1268 2707 1383 2757 Deo,
1409 2707 1589 2758 angelis
1612 2714 1656 2746 et
1680 2707 1761 2746 ho-

119 2776 336 2827 minibus,
368 2778 701 2818 suauissimam
729 2777 992 2817 armoniam
1021 2777 1286 2818 conficiant.
1316 2777 1550 2818 Effectum
1580 2784 1649 2818 est
1671 2779 1761 2817 hac

121 2859 236 2888 cura
257 2854 528 2889 nostrorum
562 2855 764 2900 patrum,
794 2855 845 2889 ut
873 2847 1087 2889 doctrina
1115 2849 1163 2889 in
1187 2849 1245 2889 iis
1274 2849 1404 2900 locis,
1436 2849 1601 2901 quibus
1623 2855 1761 2889 antea

121 2918 393 2970 docebatur,
432 2920 701 2970 diligentius
731 2920 875 2960 multo
904 2919 1146 2961 doceatur:
1175 2920 1224 2961 fit
1252 2921 1393 2961 etiam
1422 2927 1472 2961 vt
1505 2921 1637 2972 pueri
1667 2931 1762 2960 non
