2028 3328
134 150 201 188 102
631 150 860 188 LirrEnAE
886 160 1246 193 QUADRIMESTRES

129 251 260 286 tanto
283 246 428 286 diuini
449 247 639 286 honoris
661 246 759 285 zelo
782 246 991 293 accensi,
1011 252 1062 286 vt
1078 246 1193 286 nihil
1215 245 1337 298 quod
1354 246 1768 298 reprehensionem

130 323 384 367 mereatur,
411 317 688 369 impunitum
710 317 837 356 abire
859 317 1112 368 patiantur.
1132 317 1308 368 Quibus
1326 323 1422 357 tam
1442 317 1698 368 propitium
1716 330 1766 358 se

131 388 220 427 hac
242 388 288 427 in
310 399 359 428 re
380 388 609 428 Dominus
636 388 843 438 exhibet,
870 399 918 428 ut
939 389 1084 429 multa
1111 400 1273 428 eorum
1295 399 1439 428 causa
1460 394 1504 428 et
1530 387 1766 428 declinen-

126 464 205 498 tur
226 460 369 510 mala,
395 465 439 499 et
473 460 596 499 bona
626 459 835 510 ingentia
871 459 1229 511 subsequantur.
1270 458 1405 509 Quod
1438 464 1587 499 totum
1609 458 1765 500 Socie-

128 530 214 570 tati
236 532 393 582 <quam
415 530 474 570 ad
495 529 757 581 hujusmodi
788 530 1062 582 exequenda
1097 530 1326 571 Dominus
1359 541 1408 570 se
1436 530 1608 580 legisse
1634 530 1764 570 vide-

130 601 220 652 tur)
250 608 493 653 acceptum
529 602 749 642 referunt.
787 601 1058 654 Eademque
1092 602 1288 649 ratione,
1324 601 1401 641 ubi
1429 601 1539 653 quid
1559 601 1606 641 in
1627 601 1767 641 rebus

129 672 417 723 spiritalibus
458 672 754 713 necessitatis
788 673 1070 724 occurrerit,
1114 678 1194 712 aut
1237 683 1336 723 eos,
1380 672 1458 723 qui
1498 671 1767 724 hujusmodi

127 749 269 794 egent
290 742 540 795 praesidio,
564 749 694 783 recta
715 743 874 784 statim
904 743 962 783 ad
997 755 1082 784 nos
1104 743 1307 793 mittunt,
1333 748 1413 782 aut
1447 748 1575 783 certe
1600 754 1685 783 nos
1708 743 1768 783 ad

130 812 396 865 hujusmodi
417 814 662 854 ferendum
683 814 940 855 subsidium
961 815 1182 855 continuo
1205 819 1419 854 euocant.

211 884 374 936 Coepti
395 891 502 925 sunt
523 897 549 925 a
577 885 830 935 Lusitanis,
864 886 1183 937 superioribus
1206 884 1383 935 diebus,
1414 884 1462 925 in
1484 885 1764 936 quibusdam

128 962 371 997 turcarum
406 956 674 996 triremibus
709 968 735 996 a
764 956 907 1008 Regis
942 958 1093 997 classe
1128 955 1384 1008 superatiS,
1423 956 1554 996 multi
1590 956 1768 1008 captiui

128 1028 392 1078 christiani,
432 1039 629 1079 quorum
662 1027 709 1068 in
745 1028 1020 1080 remigando
1055 1040 1196 1080 opera
1218 1034 1380 1068 turcae
1400 1027 1667 1068 Vtebantur.
1694 1027 1766 1068 Ex

128 1098 296 1150 quibus
318 1111 425 1139 cum
446 1098 693 1139 duodecim
709 1097 807 1150 jam
827 1099 874 1139 in
894 1099 1096 1151 patriam
1118 1099 1311 1151 quisque
1329 1110 1463 1140 suam
1484 1098 1573 1138 hac
1592 1110 1767 1139 remea-

130 1175 254 1221 rent,
276 1181 356 1210 eos
373 1169 431 1210 ad
447 1176 661 1210 nostrum
680 1169 942 1222 Collegium
958 1170 1309 1211 misericordiae
1326 1169 1497 1210 fratres
1515 1169 1757 1219 miserunt,

130 1245 179 1280 ut
200 1240 247 1281 in
267 1241 406 1281 rebus
428 1240 487 1280 ad
508 1241 718 1293 ipsorum
752 1242 950 1282 salutem
984 1241 1324 1293 pertinentibus
1355 1240 1532 1293 aliquid
1563 1240 1630 1280 eis
1659 1251 1766 1281 con-

126 1311 357 1352 ferremus
391 1312 585 1353 subsidii
626 1324 681 1353 ac
712 1313 1067 1353 consolationis:
1108 1311 1238 1363 cujus
1276 1312 1344 1353 rei
1385 1323 1530 1353 causa
1566 1318 1765 1363 peccata

130 1395 294 1423 omnes
316 1383 431 1423 fassi
452 1389 574 1435 sunt;
608 1384 790 1435 quibus,
815 1390 1002 1434 praeter
1029 1384 1254 1436 spiritalis
1282 1383 1375 1424 cibi
1402 1383 1766 1424 administratio-

128 1466 249 1505 nem,
274 1456 567 1506 corporalem
584 1455 725 1495 etiam
741 1460 933 1506 propter
950 1467 1111 1495 eorum
1128 1455 1335 1507 inopiam
1356 1454 1522 1506 largiri
1538 1454 1764 1506 oportuit,

128 1537 282 1577 quem,
308 1526 375 1566 eis
397 1526 730 1577 inseruientes,
754 1532 852 1566 tum
873 1526 945 1566 P.r
966 1526 1161 1577 Rector,
1185 1533 1284 1567 tum
1306 1526 1386 1566 alii
1404 1525 1569 1566 Patres
1597 1526 1765 1566 submi-

127 1597 403 1656 nistrarunt.
1500 1650 1503 1651 ⁷

209 1667 408 1720 Quidam
429 1668 476 1708 in
496 1669 585 1709 hac
620 1674 782 1709 nostra
811 1669 926 1709 vrbe
954 1675 1084 1709 tanto
1106 1674 1411 1720 peccatorum
1445 1680 1637 1709 suorum
1657 1667 1763 1708 affe-

128 1745 231 1779 ctus
251 1745 321 1779 est
342 1746 536 1790 terrore,
563 1746 701 1792 atque
722 1740 787 1780 ita
805 1752 831 1780 a
848 1739 1073 1780 daemone
1089 1740 1182 1780 iam
1200 1740 1241 1780 ei
1259 1740 1435 1779 nullam
1451 1750 1553 1780 esse
1575 1739 1764 1780 veniam

126 1822 401 1862 persuasus,
425 1816 474 1851 ut
496 1811 685 1851 omnino
714 1810 770 1851 de
805 1811 1126 1851 misericordia
1162 1810 1322 1851 diuina
1357 1810 1643 1862 desperaret.
1662 1810 1764 1862 Qua

128 1882 372 1922 daemonis
406 1883 712 1934 persuasione
746 1882 987 1934 impulsus,
1014 1883 1161 1923 variis
1195 1894 1336 1935 saepe
1367 1882 1519 1923 modis
1553 1882 1642 1922 sibi
1676 1882 1766 1934 ipsi

126 1964 290 1993 necem
311 1953 478 1993 afferre
500 1961 698 1994 conatus
716 1961 801 2005 est,
821 1965 1143 1994 nunc-veneno
1160 1954 1412 2005 exhausto,
1436 1966 1560 1994 nunc
1580 1955 1763 2006 laqueo,

123 2025 268 2065 semel
286 2024 426 2065 etiam
448 2025 495 2064 in
510 2026 775 2076 praealtum
795 2036 845 2065 se
866 2030 1056 2077 puteum
1072 2025 1442 2077 praecipitando,
1464 2025 1612 2065 vitam
1630 2024 1766 2065 finire

123 2100 352 2136 statuens,
376 2095 506 2147 Quae
528 2108 634 2136 cum
655 2096 901 2148 quominus
923 2096 1090 2148 exequi
1117 2102 1276 2148 posset
1304 2096 1469 2136 fuisset
1498 2095 1762 2147 impeditus,

125 2167 197 2207 bis
220 2167 358 2215 (idem
386 2167 510 2219 quod
531 2173 670 2208 antea
697 2179 892 2219 parans,
923 2167 1005 2208 sed
1039 2179 1065 2207 a
1094 2167 1456 2208 clementissimo
1485 2166 1688 2207 Domino
1716 2167 1764 2206 li-

123 2238 339 2288 beratus)
362 2250 652 2279 venenosum
674 2238 895 2290 quiddam
914 2238 1174 2279 deuorauit.
1199 2238 1360 2290 Neque
1380 2238 1471 2278 hoc
1498 2243 1761 2288 contentus,

124 2308 150 2347 8
171 2313 250 2349 aut
270 2309 295 2349 9
315 2309 477 2350 diebus
499 2310 663 2350 eodem
685 2310 879 2350 consilio
911 2309 1035 2350 aliud
1068 2309 1290 2361 quiddam
1314 2308 1499 2361 jejunus
1527 2309 1763 2349 exhausit.

126 2380 198 2420 Ac
220 2379 406 2420 demum
429 2386 473 2420 et
497 2392 669 2432 corpus
696 2390 740 2421 et
768 2381 974 2421 animam
1003 2392 1136 2421 suam
1164 2381 1350 2421 diabolo
1379 2380 1584 2421 tradidit.
1610 2379 1700 2431 Qui
1722 2386 1765 2420 ct

125 2451 439 2502 (permittente
457 2451 676 2502 Domino,
696 2458 746 2493 ut
766 2452 854 2504 ipsi
876 2458 1211 2504 cooperaretur
1228 2452 1276 2493 in
1291 2452 1481 2501 bonum)
1500 2451 1643 2492 tantis
1660 2462 1767 2491 eum

124 2522 279 2574 coepit
301 2522 538 2563 doloribus
560 2534 751 2574 vexare,
775 2529 825 2563 ut
841 2523 1012 2564 mirum
1034 2522 1244 2575 profecto
1266 2528 1404 2564 esset.
1438 2522 1646 2574 Cumque
1675 2522 1766 2562 hoc

125 2593 406 2645 quibusdam
442 2594 720 2634 innotuisset
752 2593 1008 2645 religiosis,
1043 2593 1103 2634 ad
1132 2600 1345 2635 nostrum
1376 2605 1482 2634 eum
1503 2592 1767 2644 Collegium

126 2665 368 2705 miserunt.
392 2664 485 2704 Vbi
515 2676 605 2716 quo
640 2665 878 2705 laboraret
913 2665 1077 2706 morbo
1099 2677 1205 2706 cum
1226 2665 1531 2705 intellexisset
1559 2662 1632 2704 P!
1653 2663 1765 2714 Leo,

125 2735 304 2776 factum
326 2741 394 2775 est
416 2735 740 2776 misericordia
762 2735 937 2786 diuina,
962 2736 1116 2777 Patris
1137 2737 1284 2789 ipsius
1305 2736 1472 2787 medio,
1496 2740 1560 2786 ut,
1586 2734 1768 2775 confes-

125 2807 258 2847 sione
279 2807 410 2858 prius
430 2806 572 2857 facta,
596 2813 694 2846 tum
717 2818 743 2846 a
766 2808 982 2859 corporis
1000 2808 1253 2858 doloribus,
1279 2813 1378 2848 tum
1394 2807 1452 2847 ab
1469 2807 1654 2847 animae
1671 2817 1767 2846 ma-

129 2879 200 2929 lis,
225 2879 517 2919 liberaretur.
542 2876 694 2928 Quam
715 2889 839 2919 nunc
868 2879 1082 2920 eamdem
1110 2879 1280 2920 retinet
1302 2884 1346 2919 et
1368 2878 1582 2930 corporis
1603 2883 1647 2918 et
1670 2877 1768 2917 ani-

126 2961 233 2990 mac
260 2951 473 2999 salutem,
499 2954 627 2989 certo
650 2960 847 3000 sperans
871 2950 1020 2990 eidem
1043 2962 1092 2990 se
1114 2956 1339 3002 perpetuo
1362 2949 1581 3001 deinceps
1609 2948 1766 2989 Domi-
