2028 3328
168 115 241 154 ‘284
679 115 905 154 LITTERAE
933 128 1291 161 QUADRIMESTRES

171 212 369 252 fratrum
405 211 415 231 ¹
452 213 786 254 consuetudine
813 225 926 254 usus
960 226 1062 254 esse
1083 215 1281 265 uidetur,
1313 225 1432 266 quae
1461 220 1505 254 et
1532 214 1732 254 virtutes
1761 221 1806 254 ct

171 283 435 324 doctrinam
456 284 768 335 pulcherrime
796 285 957 336 spirat.

252 354 477 405 Profecti
491 368 597 396 snm
618 355 821 395 Romam
848 355 955 395 ln'nc
976 355 1302 406 snperz'orzbns
1330 355 1569 396 mensibus
1599 359 1807 406 quatuor

169 427 617 477 germam'sratres,
644 431 696 467 nt
720 440 771 467 se
800 427 1051 467 Societatis
1083 426 1304 466 instituto
1336 425 1617 477 alligarent.
1652 426 1805 466 Faxe‘t

172 497 428 548 Dominus,
449 502 502 538 nt
524 498 572 538 si
588 499 926 544 ammittantur,
944 502 1041 537 tam
1063 497 1160 537 sint
1179 498 1464 549 pertinaces,
1486 508 1627 549 qnam
1650 500 1702 537 nt
1725 498 1803 537 ad-

171 567 475 609 mitterentur
485 570 695 619 suerunt
715 569 956 609 solliciti?
982 568 1097 609 Sunt
1119 569 1196 620 qui
1217 580 1266 608 se
1289 568 1513 608 diuinitus
1536 567 1716 608 moueri
1745 569 1806 607 ad

172 638 423 680 Societatis
450 652 621 680 nomen
648 640 865 690 sentiant,
897 640 952 680 de
980 640 1148 692 quibus
1176 651 1258 680 suo
1289 645 1498 691 tempore
1530 638 1711 690 plenius
1741 639 1806 678 in-

176 711 376 761 telliges,
400 715 443 751 et
472 712 517 751 in
544 711 718 752 scholis
745 722 926 762 qnoque
954 711 1272 751 certissimum
1304 711 1359 750 de
1386 722 1436 750 se
1453 711 1648 761 fratres
1664 715 1805 761 prae-

173 782 277 822 bent
298 782 638 833 testimoninm,
658 782 888 834 siquidem
924 788 968 822 et
994 794 1177 823 morum
1197 783 1393 834 pietate,
1427 788 1470 822 et
1498 782 1712 822 doctrina
1743 781 1806 821 iu-

171 859 339 894 uentus
361 860 473 902 tota,
498 865 617 905 quae
639 854 770 893 domi
787 857 982 894 nostrae
1002 853 1110 904 agit
1131 853 1144 872 ⁵
1162 855 1326 904 elucet,
1352 859 1396 893 et
1417 853 1637 903 omnium,
1662 852 1742 904 qui
1760 853 1808 892 in

167 924 418 965 aduersam
439 924 718 965 sententiam
739 925 936 977 iuerant‚
961 926 1122 966 oculos
1145 925 1433 977 perstringit,
1458 936 1513 965 ac
1535 924 1671 964 simul
1690 922 1704 942 ‘¹
1728 925 1806 975 qui

170 995 290 1036 filios
311 995 645 1046 subduxerant,
669 996 781 1037 facti
803 997 955 1049 coepit
982 996 1234 1048 poenitere,
1259 1002 1304 1036 et
1324 995 1550 1048 paulatim
1578 995 1808 1035 reducunt

170 1078 227 1107 ac
249 1067 490 1107 conciliari
511 1068 721 1108 nituntur
743 1066 771 1105 ⁵.
795 1068 859 1108 Et
874 1079 990 1108 sane
1010 1067 1168 1107 visum
1188 1071 1259 1108 est
1280 1067 1378 1107 Deo
1401 1066 1576 1118 optimo
1593 1065 1807 1106 maximo

173 1138 261 1178 leae
282 1150 369 1178 nos
384 1138 599 1190 procella
619 1139 818 1191 eripere,
839 1143 892 1179 nt
913 1139 1048 1179 nulla
1069 1139 1124 1179 de
1144 1138 1344 1179 docendi
1366 1137 1581 1178 methodo
1612 1136 1663 1176 in
1690 1136 1808 1177 alte-

173 1221 278 1249 ram
293 1214 483 1261 partem
505 1211 676 1250 mentio
698 1211 887 1251 omnino
907 1211 1010 1261 fiat.

254 1280 485 1332 Dialogus
507 1294 534 1321 a
555 1282 798 1333 discipulis
819 1282 865 1322 in
886 1281 1147 1322 studiorum
1172 1280 1382 1327 laudem,
1416 1291 1577 1320 coram
1606 1279 1740 1319 Rmo.
1763 1282 1807 1318 et

172 1351 331 1392 Illmo.
351 1351 601 1403 Prolegato
621 1351 651 1404 ὃ,
675 1359 842 1393 senatu
864 1359 908 1393 et
928 1352 1307 1405 frequentissima
1329 1351 1504 1391 ciuium
1522 1361 1713 1400 corona,
1733 1361 1808 1389 ca-

172 1423 321 1463 lendis
342 1422 619 1464 Nouembris
641 1424 876 1464 exhibitus
898 1429 981 1464 est.
1005 1424 1178 1464 Habita
1206 1429 1276 1463 est
1297 1422 1448 1462 oratio
1471 1421 1678 1461 eiusdem
1699 1431 1809 1472 pro-

175 1495 424 1548 pemodum
453 1495 732 1546 argumenti.
767 1494 902 1546 Quod
924 1495 983 1535 ad
1011 1495 1156 1535 diuini
1182 1493 1384 1534 nominis
1411 1493 1612 1544 gloriam
1646 1491 1806 1541 fuisse,

171 1577 420 1606 successus
451 1578 564 1606 sane
591 1566 920 1606 foelicissimus
947 1572 1146 1606 testatus
1173 1571 1256 1606 est.
1288 1564 1443 1617 Atque
1478 1562 1644 1604 deinde
1681 1562 1808 1602 hunc

172 1649 352 1677 morem
372 1637 518 1677 ferme
540 1637 916 1688 obseruauimus,
940 1643 988 1677 ut
1010 1636 1346 1688 discipulorum
1367 1635 1533 1687 aliquis
1554 1633 1807 1674 identidem

171 1709 219 1748 in
252 1709 424 1760 templo
459 1714 619 1749 nostro
650 1708 952 1758 declamaret,
988 1719 1082 1748 non
1112 1708 1288 1759 absque
1322 1706 1643 1759 professorum
1671 1705 1809 1745 huius

171 1779 461 1820 Academiae
490 1780 815 1820 admiratione.
853 1779 937 1820 Est
965 1785 1121 1820 autem
1147 1779 1269 1819 inter
1298 1778 1578 1830 praecipuos
1614 1775 1806 1828 quidam

172 1851 245 1891 uir
274 1851 586 1903 grauissimae
617 1851 740 1903 apud
775 1862 937 1891 omnes
962 1850 1088 1900 fidei,
1127 1849 1219 1902 qui,
1253 1860 1360 1889 cum
1389 1849 1445 1889 de
1471 1847 1705 1888 Societate
1733 1858 1808 1886 co-

173 1934 272 1962 ram
302 1923 448 1963 multa
479 1922 688 1973 dixisset,
718 1922 873 1962 fassus
899 1928 970 1961 est
997 1933 1047 1961 se
1079 1920 1311 1972 gratulari
1331 1919 1534 1969 Patriae,
1558 1916 1682 1970 quod
1710 1924 1808 1957 tam

174 2000 364 2034 strenua
386 1992 637 2034 Societatis
659 2005 802 2045 opera
823 1993 1083 2033 excolatur.

266 2065 434 2104 Verum
458 2077 513 2104 ne
534 2076 651 2116 qnae
672 2063 880 2104 maxime
900 2063 1163 2113 desideras,
1183 2063 1454 2114 importune
1475 2060 1730 2111 differam,
1752 2060 1808 2098 de

168 2140 370 2187 patrum
393 2136 405 2154 ⁷
428 2135 652 2176 exercitio
681 2147 736 2175 ac
764 2136 1001 2186 palaestra
1027 2134 1190 2186 paucis
1222 2145 1377 2185 agam.
1412 2132 1502 2183 Qui
1531 2131 1617 2172 etsi
1646 2142 1809 2171 omnes

175 2207 341 2258 quouis
362 2206 458 2247 fere
488 2213 698 2258 tempore
720 2206 891 2246 diuinis
918 2206 1057 2245 rebus
1084 2204 1334 2255 plurimum
1363 2203 1597 2253 insudent,
1622 2203 1807 2242 concio-

175 2289 232 2317 ne
254 2278 487 2328 nimirum,
512 2278 649 2329 idque
670 2277 881 2329 pluribus
906 2277 953 2316 in
981 2276 1111 2326 locis,
1135 2275 1434 2325 lectionibus,
1458 2272 1665 2314 consiliis
1694 2272 1808 2312 dan-

173 2347 259 2398 dis,
284 2349 493 2399 aegrotis
514 2348 788 2389 inuisendis:
811 2348 943 2388 auxit
964 2353 1121 2387 tamen
1142 2353 1186 2387 et
1207 2346 1392 2386 labores
1414 2351 1459 2386 et
1487 2344 1705 2385 meritum
1735 2355 1809 2383 sa-

231 2507 239 2527 ¹
281 2509 429 2536 fratrum
444 2512 657 2536 nostrorum.
674 2508 860 2541 PQLANCUS.

227 2556 241 2575 ‘2
280 2557 460 2590 Polancus,
485 2557 539 2590 qui
565 2557 649 2584 haec
671 2556 704 2583 in
726 2555 943 2590 autographo
966 2554 1187 2588 cancellavit,
1209 2554 1337 2581 nullam
1358 2553 1480 2581 horum
1500 2553 1648 2580 fratrum
1669 2552 1809 2579 mentio-

176 2611 252 2631 nem
266 2604 382 2638 injecit
398 2604 431 2631 in
445 2612 505 2631 suo
522 2604 700 2637 Chronico,
712 2609 735 2631 t.
753 2612 784 2637 v,
800 2603 878 2630 dum
891 2603 930 2630 de
946 2602 1102 2629 Perusini
1113 2601 1258 2635 Collegii
1272 2602 1373 2628 rebus
1384 2601 1448 2628 hoc
1459 2607 1546 2627 anno
1556 2600 1663 2634 gestis
1674 2606 1808 2634 ageret.

230 2650 244 2670 3
283 2651 500 2679 instituitur.
519 2652 711 2678 POLANcus.

227 2699 243 2719 ⁴
280 2699 380 2726 simul
395 2706 462 2726 eOS.
481 2699 527 2728 Id.

230 2746 244 2767 ⁵
281 2746 448 2781 paulatim
465 2754 522 2773 eos
538 2747 714 2775 reducunt.
727 2754 767 2773 ac
783 2747 882 2773 nobis
897 2746 1075 2773 conciliari
1095 2745 1263 2772 nituntur.
1278 2743 1326 2771 Id.

228 2792 243 2814 6
281 2794 487 2828 Prolegatus
512 2794 644 2822 Perusii
661 2800 736 2821 erat
755 2794 870 2828 primis
885 2794 985 2827 hujus
1006 2793 1085 2820 anni
1106 2792 1278 2819 mensibus
1300 2791 1488 2824 Episcopus
1511 2789 1721 2824 Cenetensis,
1750 2789 1812 2818 Mi-

176 2843 277 2870 chael
292 2843 333 2870 de
348 2844 382 2870 la
394 2842 509 2873 Torre:
524 2843 706 2877 postremis
727 2847 843 2869 autem
859 2841 993 2868 Marcus
1015 2841 1185 2868 Antonius
1207 2839 1387 2869 Oradinus,
1407 2838 1463 2872 qui
1485 2838 1528 2864 ab
1543 2838 1640 2866 initio
1662 2838 1809 2872 Collegii

179 2892 294 2918 fautor
309 2891 432 2918 fuerat.
450 2890 536 2918 Vide
554 2890 701 2917 POLANCI
717 2890 853 2922 Cluen„
867 2895 892 2917 t.
907 2898 939 2916 v.

235 2939 246 2957 7
286 2939 364 2966 Iam
380 2939 423 2966 de
435 2939 660 2966 sacerdotum
677 2938 852 2965 exercitio.
871 2937 1058 2964 PoLANcus.
