2028 3328
832 674 1151 731 CCXCVII

242 924 465 972 josephus
485 925 538 962 de
558 924 721 962 Acosta

289 989 411 1027 Patri
431 989 601 1037 Ignatio
621 989 674 1026 de
694 988 877 1035 Loyola.

337 1055 593 1103 Methymna
615 1053 783 1101 Campi,
804 1053 848 1091 31
870 1053 975 1101 Maji
996 1051 1118 1100 [1554]
1139 1052 1163 1089 ¹.

959 1260 1056 1302 IHS

249 1476 519 1517 Admodum
539 1475 642 1517 R.d<³
663 1476 710 1516 in
727 1475 913 1517 Christo
932 1475 1086 1516 Pater.

247 1547 415 1589 Gratia
445 1554 490 1588 et
515 1559 610 1599 pax
638 1547 812 1588 Christi
838 1547 950 1600 Jesu
971 1545 1163 1587 Domini
1192 1546 1344 1586 nostri
1370 1543 1675 1585 Paternitatis
1704 1548 1812 1584 tuae

167 1619 311 1660 menti
332 1619 454 1660 adsit
474 1626 519 1660 et
539 1619 758 1659 illabatur
779 1630 978 1670 semper.

246 1691 602 1737 Beneficiorum,
627 1701 746 1742 quae
764 1690 812 1730 in
833 1702 917 1730 nos
935 1689 948 1708 ²
970 1689 1100 1730 Deus
1122 1688 1228 1741 Opt.
1252 1688 1581 1739 Maximusque
1599 1686 1814 1727 conferre

165 1762 386 1814 dignatus
409 1769 493 1812 est,
518 1762 777 1802 iniunctam
801 1761 1214 1813 commissamque,
1244 1760 1384 1801 Pater
1407 1758 1717 1809 obseruande,
1740 1770 1812 1797 ra-

165 1834 342 1874 tionem
370 1834 549 1885 accipe.
579 1833 735 1885 Atque
762 1832 874 1873 illud
902 1833 950 1872 in
976 1833 1128 1883 primo
1160 1832 1318 1872 limine
1349 1831 1539 1871 obuium
1572 1835 1656 1880 est,
1690 1829 1811 1880 quod

163 1916 346 1946 summa
368 1906 470 1956 ipsa
490 1904 732 1956 Maiestas,
752 1916 811 1945 ex
826 1904 1043 1956 proximo
1064 1903 1266 1944 iubilaeo
1290 1915 1316 1942 a
1339 1901 1649 1942 Sanctissimo
1675 1900 1814 1940 Patre

164 1982 333 2016 nostro
355 1976 477 2029 Julio
499 1976 635 2016 tertio
655 1986 808 2027 nuper
829 1974 970 2026 edito,
1000 1974 1234 2026 praestitit
1260 1973 1410 2014 nobis.
1439 1973 1482 2013 Is
1509 1973 1652 2024 igitur
1672 1970 1686 1989 ⁵
1709 1982 1813 2011 cum

164 2053 263 2087 tam
284 2047 626 2098 benignissima
658 2047 923 2097 clementia,
954 2057 1096 2098 quam
1127 2045 1493 2086 clementissima
1524 2039 1814 2094 benignitate

166 2118 392 2169 afflueret,
416 2118 535 2159 inter
559 2118 823 2169 complures
845 2117 978 2168 alios,
1009 2117 1088 2169 qui
1109 2116 1235 2157 domi
1256 2122 1447 2156 nostrae
1478 2121 1584 2155 sunt
1612 2114 1815 2154 confessi

166 2189 222 2229 de
238 2189 462 2241 peccatis,
485 2189 577 2229 huc
600 2188 714 2229 adiit
736 2188 942 2240 quidam,
968 2188 1044 2240 qui
1066 2187 1235 2239 viginti
1257 2187 1462 2239 quinque
1485 2186 1655 2226 abhinc
1678 2185 1815 2225 annis

165 2272 224 2300 ne
247 2260 389 2300 semel
410 2259 596 2311 quidem
619 2259 863 2300 confessus
892 2265 978 2310 est;
1013 2258 1172 2299 itidem
1200 2258 1279 2310 qui
1306 2258 1378 2298 bis
1407 2270 1431 2297 e
1452 2256 1695 2308 Religione
1716 2256 1810 2296 fue-

166 2337 240 2371 rat
261 2342 496 2382 egressus3
527 2330 587 2370 ad
613 2330 730 2371 haec
757 2330 895 2379 idem,
920 2331 1038 2381 proh
1068 2330 1216 2380 dolor,
1247 2328 1551 2370 homicidium
1580 2333 1809 2379 patrarat:

168 2408 215 2442 at
236 2401 375 2442 Pater
397 2402 692 2453 omnipotens
713 2402 915 2442 hominis
945 2408 1192 2452 tantopere
1215 2401 1397 2452 agitare
1426 2411 1481 2440 ac
1504 2411 1693 2439 mouere
1714 2399 1810 2438 ani-

166 2485 293 2514 mum
317 2471 521 2525 [coepit]‚
545 2478 835 2525 tantumque,
866 2485 972 2513 cum
994 2472 1170 2513 doloris
1197 2478 1295 2512 tum
1317 2472 1460 2512 etiam
1480 2470 1744 2511 deuotionis
1767 2476 1811 2509 et

222 2610 230 2630 ¹
272 2609 535 2644 Autographae‚
551 2608 678 2643 duplici
692 2609 784 2643 folio,
800 2616 856 2638 nn.
873 2609 923 2636 147
938 2613 971 2636 et
995 2608 1058 2636 148.
1071 2608 1426 2636 Animadvertendum
1447 2614 1531 2634 vero
1546 2611 1597 2634 est
1613 2614 1672 2634 eas
1692 2614 1759 2633 non
1780 2606 1814 2633 in

165 2657 340 2685 volumine
357 2657 425 2684 1554
438 2656 498 2684 sed
512 2656 687 2690 sequentis
703 2657 782 2684 anni
797 2656 959 2691 reperiri.
980 2656 1209 2683 Desideratur
1230 2655 1309 2683 anni
1331 2655 1491 2690 scriptio,
1508 2655 1566 2682 sed
1591 2653 1812 2689 proculdubio

167 2711 257 2732 anno
273 2704 343 2732 1554
356 2708 434 2732 sunt
450 2703 686 2738 ascribendae,
702 2704 828 2731 namin
844 2704 913 2731 illis
925 2704 965 2731 de
978 2704 1089 2738 prima
1105 2703 1384 2737 Congregatione
1398 2702 1609 2730 Provinciali
1622 2702 1653 2729 S.
1667 2701 1694 2734 J.
1709 2702 1742 2728 in
1757 2700 1813 2728 Hi-

167 2752 290 2787 spania
303 2757 341 2780 ut
355 2753 396 2780 de
410 2760 448 2780 re
462 2752 617 2787 proxime
632 2753 753 2786 elapsa
767 2751 804 2779 fit
819 2759 946 2779 sermo.
964 2752 1052 2779 Vide
1069 2751 1220 2779 POLANCI
1235 2751 1442 2784 Clzrom'con,
1457 2755 1481 2778 t.
1495 2758 1540 2785 iv,
1557 2758 1593 2778 n.
1610 2750 1672 2778 828.
1686 2749 1812 2777 Notan-

167 2799 247 2828 dum
260 2804 446 2835 praeterea
461 2800 524 2827 has
538 2800 677 2827 litteras
693 2800 736 2827 ab
751 2800 970 2827 adolescente
988 2800 1020 2827 15
1035 2807 1202 2827 annorum
1217 2803 1250 2826 et
1265 2799 1299 2826 in
1313 2806 1376 2826 usu
1398 2799 1538 2833 linguae
1553 2799 1684 2826 latinae
1701 2797 1813 2824 tirone

167 2848 370 2875 lucubratas
384 2848 500 2881 fuisse,
516 2847 604 2882 quod
617 2848 675 2874 vel
691 2854 731 2874 ex
748 2847 822 2881 ipsa
844 2847 915 2874 stili
938 2847 1087 2882 ingenua
1110 2846 1334 2881 simplicitate
1358 2845 1555 2880 mendisque
1577 2844 1814 2879 frequentibus

167 2894 271 2923 facile
285 2895 435 2930 perspici
446 2899 574 2930 potest.

222 2942 236 2960 2
273 2941 312 2970 In
327 2949 392 2969 ms.
409 2942 502 2976 Quae
517 2943 550 2969 in
566 2949 626 2969 nos
643 2942 807 2970 beneficia
823 2942 915 2971 Deus
931 2947 996 2971 etc.

222 2988 237 3008 3
275 2988 328 3017 Sc.
347 2988 441 3017 Deus
457 2988 534 3024 Opt.
550 2988 640 3017 Max.
