2028 3328
816 136 901 174 AN.
930 136 1022 172 1555
1670 134 1741 171 473

111 236 369 277 Doctrinae
391 236 677 276 christianae
698 234 945 274 lectionem
973 232 1046 272 die
1073 231 1259 271 veneris
1281 231 1393 282 (quo
1415 231 1556 271 etiam
1583 231 1735 282 priua-

108 316 205 348 tum
229 307 287 348 ad
308 319 393 348 nos
414 318 678 347 sermonem
699 304 853 354 habet)
875 303 974 343 fieri
995 302 1200 352 solitam,
1225 312 1373 352 nuper
1396 307 1550 341 autem
1580 301 1736 341 multis

109 380 165 419 de
187 379 343 419 causis
365 379 411 418 in
432 377 713 417 dominicam
735 374 1029 423 translatam,
1050 383 1155 413 cum
1176 371 1467 412 occurrentis
1489 370 1736 421 Evangelii

110 450 295 501 perutili
317 448 636 489 enuntiatione
658 448 752 487 iam
778 445 931 496 coepit
959 443 1007 483 P.
1040 443 1213 484 Rector
1243 441 1252 461 ¹
1285 443 1586 493 coniungere.
1620 441 1739 491 Qua-

107 520 386 571 dragesimis
403 519 663 559 Dominicis
685 517 988 558 concionatus
1006 522 1091 565 est,
1114 514 1311 565 singulis
1329 519 1485 553 autem
1504 513 1739 552 mensibus

107 603 275 642 pueros
296 590 570 631 confitentes
592 589 733 637 audit,
758 598 987 638 sacroque
1009 585 1167 626 ieiunii
1188 591 1397 636 tempore
1421 583 1739 634 compluribus

107 662 383 711 hominibus,
406 673 603 713 quorum
619 660 762 711 aliqui
779 671 805 699 a
823 658 984 698 decem
1001 663 1045 696 et
1063 656 1327 708 quindecim
1345 655 1480 695 annis
1496 666 1590 694 non
1607 660 1742 694 erant

106 732 323 781 confessi,
348 732 663 773 confessarius
679 730 845 780 extitit3
864 735 1109 781 praetereo
1127 727 1416 778 temporibus
1433 726 1536 765 aliis
1555 725 1740 765 auditas

107 803 425 844 confessiones
446 803 686 854 plurimas,
712 813 818 842 cum
839 810 1090 850 aegrorum
1120 797 1363 849 priuatim,
1389 803 1486 837 tum
1514 795 1738 835 dissiden-

108 875 225 914 tium
245 881 383 914 antea
405 874 603 925 publice,
631 872 842 925 quamuis
864 871 1009 912 multa
1031 869 1244 919 tentauit,
1268 880 1387 919 quae
1408 867 1608 908 necdum
1636 878 1738 918 per-

104 946 243 986 ficere
264 946 425 985 valuit.
449 945 513 986 Vt
533 951 639 985 sunt
660 944 735 984 hic
757 943 912 983 omnia
933 941 1083 982 litium
1112 939 1554 990 inimicitiarumque
1579 937 1743 990 plenis-

108 1017 242 1058 sima!
265 1017 461 1058 Cuidam
482 1017 602 1056 inter
622 1021 808 1056 caetera
831 1014 890 1054 ad
909 1023 1072 1054 necem
1093 1023 1241 1063 vsque
1264 1012 1391 1051 laeso
1420 1009 1746 1050 adversarium

109 1089 390 1129 conciliauit:
428 1087 795 1136 xenodochium,
826 1097 915 1137 quo
937 1085 1093 1124 multis
1114 1083 1252 1123 etiam
1275 1094 1301 1121 a
1324 1081 1618 1122 confessione
1640 1080 1739 1131 fuit,

109 1159 267 1200 inuisit
288 1159 499 1210 saepius:
523 1158 720 1209 denique
751 1164 848 1197 tum
869 1168 926 1196 ex
956 1155 1083 1205 filiis,
1113 1161 1214 1194 tum
1242 1165 1300 1193 ex
1326 1152 1621 1205 parentibus,
1651 1151 1744 1191 fru-

111 1237 237 1271 ctum
258 1236 476 1282 expectat
498 1230 545 1270 in
567 1229 664 1269 dies
681 1228 960 1268 vberiorem.
979 1226 1027 1266 P.
1048 1225 1185 1265 Petro
1204 1223 1496 1264 Prodcachio
1514 1222 1526 1241 Ξ
1544 1222 1747 1262 confessi

114 1307 222 1342 sunt
243 1302 382 1341 etiarn
406 1301 560 1350 multi,
585 1312 678 1340 non
699 1300 799 1339 sine
828 1309 1000 1349 magna
1022 1297 1110 1337 Dei
1135 1295 1272 1336 laude
1300 1301 1344 1335 et
1366 1294 1543 1345 ingenti
1576 1294 1748 1334 anima-

116 1384 220 1413 rum
242 1373 410 1413 fructu.

193 1443 472 1485 Scholastici
494 1448 600 1482 sunt
622 1448 807 1482 centum
829 1441 990 1481 decem
1012 1444 1091 1479 aut
1113 1438 1327 1490 amplius,
1348 1437 1514 1488 quibus
1532 1435 1747 1476 omnibus

111 1526 217 1555 cum
236 1526 358 1554 Vnus
379 1513 428 1554 P.
458 1513 624 1553 Petrus
650 1512 861 1552 sufficere
887 1523 980 1551 non
1007 1510 1270 1559 videretur,
1300 1509 1455 1548 visum
1486 1512 1555 1547 est
1581 1506 1629 1546 P.
1664 1505 1748 1545 Re-

110 1586 230 1626 ctori
251 1591 302 1625 vt
324 1585 411 1625 sibi
433 1585 686 1625 ascisceret
701 1589 913 1623 nostrum
929 1581 1218 1622 Antoninum
1234 1579 1263 1630 ⁵,
1283 1580 1375 1631 qui,
1397 1591 1503 1619 cum
1520 1578 1608 1618 hoc
1626 1577 1749 1629 quod

110 1656 232 1708 dico,
252 1663 350 1697 tum
368 1656 471 1696 aliis
488 1654 771 1704 muneribus,
791 1654 939 1705 iisque
956 1652 1118 1703 variis,
1138 1651 1205 1692 sic
1221 1650 1531 1703 perfungitur,
1551 1654 1601 1688 vt
1617 1648 1750 1688 freno

111 1727 266 1780 potius
287 1738 428 1779 quam
449 1726 713 1766 calcaribus
735 1725 781 1765 in
802 1725 891 1764 hoc
913 1723 1149 1764 laborioso
1182 1733 1322 1761 cursu
1344 1732 1483 1772 egere
1511 1719 1743 1760 videatur.

112 1799 262 1839 Huius
283 1797 511 1838 Antonini
531 1796 777 1837 sinceritas
796 1796 913 1836 alias
930 1794 1112 1835 abunde
1129 1793 1243 1834 satis
1261 1804 1310 1832 se
1327 1791 1657 1832 manifestabit.
1678 1789 1749 1829 De

114 1869 356 1910 Antonino
378 1868 540 1908 habes.

194 1939 440 1991 Cognosce
463 1939 518 1979 de
539 1938 746 1978 Antonio
774 1936 813 1989 ⁴²,
838 1948 975 1989 quem
1005 1936 1208 1976 arbitror
1236 1935 1476 1985 ingentem
1503 1943 1750 1973 conuersa-

113 2012 252 2052 tionis
274 2022 386 2051 suae
408 2010 583 2050 referre
604 2009 806 2049 Domino
835 2008 1059 2057 fructum,
1084 2006 1206 2058 quod
1227 2005 1398 2057 partim
1425 2004 1539 2044 mihi
1567 2007 1752 2043 constat

118 2096 177 2124 ex
207 2082 415 2134 pluribus
443 2081 542 2121 eius
573 2092 716 2132 opera
745 2079 805 2119 ad
831 2079 1072 2119 meliorem
1099 2077 1284 2128 frugem
1322 2087 1370 2116 se
1401 2073 1750 2126 recipientibUS,

117 2155 209 2195 imo
233 2166 291 2193 ex
312 2153 504 2204 meipso,
528 2152 627 2191 eius
649 2150 864 2202 exemplo
887 2161 981 2189 non
1002 2148 1303 2188 mediocriter
1325 2146 1508 2196 adiuto,
1531 2157 1590 2185 ex
1612 2144 1751 2196 patri-

114 2226 291 2277 busque
312 2223 436 2264 idem
456 2222 778 2262 referentibus.
801 2220 1010 2270 Dubites,
1036 2220 1075 2259 si
1091 2219 1270 2268 videas,
1291 2217 1673 2260 Oeconomumne
1690 2214 1753 2255 di-

116 2308 212 2346 cas,
235 2307 295 2335 an
317 2294 720 2342 concionatorem,
746 2304 806 2332 an
827 2291 938 2343 quid
959 2290 1107 2338 aliud,
1133 2301 1238 2330 cum
1260 2296 1304 2328 et
1327 2288 1391 2328 illi
1411 2288 1505 2327 iam
1526 2287 1593 2327 rei
1623 2285 1754 2326 fami-

114 2367 246 2407 liaris
268 2377 382 2406 cura
403 2364 658 2414 incumbat,
684 2370 727 2403 et
748 2364 906 2414 plures
927 2362 1072 2402 verbo
1094 2361 1220 2400 Vitae
1243 2359 1471 2408 aedificet,
1496 2357 1657 2409 templi
1678 2369 1755 2397 ex-

118 2436 304 2478 truendi
332 2435 625 2487 ornandique
656 2433 926 2474 continuam
952 2437 1089 2484 gerat
1117 2430 1500 2479 sollicitudinem,
1533 2440 1627 2468 non
1658 2433 1753 2467 tam

117 2509 230 2558 eius,
255 2507 378 2559 quod
399 2506 547 2547 oculis
567 2511 709 2557 patet,
735 2503 947 2555 aedificii,
971 2514 1111 2555 quam
1132 2502 1246 2551 eius,
1271 2501 1395 2552 quod
1414 2501 1537 2540 intra
1559 2510 1645 2539 nos
1667 2504 1750 2540 est.

116 2579 268 2619 Huius
308 2577 549 2629 diligentia
589 2588 683 2617 non
716 2576 869 2616 minus
909 2574 992 2614 tibi
1030 2579 1168 2624 atque
1208 2572 1340 2612 nobis
1379 2570 1627 2611 manifesta
1667 2576 1752 2611 est.

173 2763 181 2782 ¹
223 2762 260 2789 P.
275 2761 423 2795 Joannes
437 2761 646 2788 Laurentius
661 2760 904 2791 Cavaaezlierus.

173 2811 186 2830 2⁸
225 2809 292 2843 Sic;
306 2809 414 2836 eritne
426 2809 480 2836 hic
496 2808 551 2835 ille
566 2808 688 2835 Petrus
701 2807 867 2836 Pradene.
880 2806 920 2833 de
932 2813 996 2840 quo
1008 2805 1185 2832 PorANcus
1197 2805 1228 2832 in
1242 2804 1418 2836 Chronico,
1431 2807 1453 2830 t.
1465 2809 1512 2836 IV,
1524 2809 1601 2836 pag.
1612 2798 1655 2835 22,
1666 2800 1756 2829 n.26?v

173 2857 187 2876 ³
222 2856 280 2884 Fr.
297 2857 493 2884 Antoninus
509 2857 549 2883 de
566 2856 732 2883 Henrieis.
750 2854 838 2882 Vide
854 2854 1004 2881 PoLANCI
1021 2852 1157 2886 (Ζήνωνι.)
1171 2857 1199 2879 t.
1223 2859 1268 2887 1v,
1285 2859 1363 2887 pag.
1379 2851 1425 2883 21,
1441 2852 1556 2877 annot.
1570 2849 1598 2876 7.

171 2905 186 2925 4
223 2904 280 2932 Fr.
296 2905 466 2932 Antonius
481 2912 501 2931 a
516 2903 660 2931 Robore.
676 2903 764 2930 Vide
779 2909 883 2936 supra
898 2906 921 2930 t.
938 2909 973 2936 11,
987 2909 1067 2936 pag.
1080 2899 1141 2933 203,
1154 2904 1268 2928 annot.
1284 2901 1307 2931 1,
1324 2904 1357 2926 et
1372 2899 1522 2926 POLANCI
1536 2895 1761 2929 clzron.,1oco-

116 2959 224 2987 nuper
240 2952 361 2980 citato.
