2028 3328
870 87 954 124 AN.
986 87 1078 126 1554
1722 94 1786 132 111

150 193 244 222 non
265 184 505 234 proposuit
527 184 807 224 haeredibus
834 183 1112 235 relinquere,
1144 184 1225 224 sed
1253 185 1300 224 in
1321 186 1669 238 eleemosynam
1692 200 1789 229 ero·

150 263 282 303 gare.
313 254 543 307 Cupitque
570 254 857 295 Academiae
888 255 1182 295 Billomensis
1210 267 1396 296 omnem
1424 257 1787 299 administratio-

149 335 257 364 nem
278 324 502 366 Societati
523 326 827 377 committere,
854 331 902 366 vt
923 337 1066 377 penes
1087 325 1370 366 Societatem
1386 338 1522 367 omne
1539 329 1786 371 arbitrium

149 406 204 435 ac
228 396 299 436 ius
320 397 507 438 existat.
532 397 665 438 R.1¹²11S
684 397 916 438 Dominus
937 396 1300 438 Clarmontanus
1326 410 1421 438 Vna
1444 409 1550 439 cum
1571 399 1786 440 Illustris-

148 466 266 506 simo
303 467 406 508 viro
441 468 643 509 Domino
677 469 918 518 Montano,
958 469 1218 509 libellorum
1249 470 1489 520 regiorum
1526 470 1786 522 praefecto,

145 536 455 580 Reuerentiae
476 546 584 581 tuae
602 540 939 581 officiosissime
959 551 1008 580 se
1034 552 1212 592 suaque
1229 541 1539 582 commendat.

229 608 369 650 Ciues
391 609 563 652 Montis
585 611 754 663 Argini
777 610 803 663 ¹,
828 611 997 652 oblatis
1018 617 1204 651 centum
1224 612 1354 652 libris
1385 612 1569 663 annuis,
1595 612 1788 653 domici-

147 679 224 730 lio,
248 692 304 721 ac
325 683 604 733 supellectili
635 683 918 732 necessaria,
948 681 1195 723 Societatis
1230 684 1547 734 praesentiam
1575 684 1786 724 erudien-

146 750 233 791 dae
256 752 487 794 iuuentuti
509 754 748 804 affectant,
773 765 828 794 ac
850 754 987 794 tertio
1009 759 1090 794 aut
1110 759 1278 805 quarto
1302 753 1472 795 abhinc
1493 755 1567 795 die
1587 754 1789 795 Praeses

144 822 277 862 vrbis
296 835 383 863 nos
405 824 588 876 inuiset,
621 825 914 866 familiariter
936 836 1042 865 cum
1071 824 1211 865 Patre
1237 825 1328 866 hoc
1362 825 1418 866 de
1447 826 1635 877 negotio
1657 833 1786 867 actu-

144 903 241 943 rus;
264 894 446 935 vtinam
468 897 653 937 colonia
685 897 791 937 illuc
825 896 1052 946 mittatur,
1076 908 1186 936 nam
1215 896 1525 937 concionandi
1556 904 1600 937 et
1620 897 1786 939 Sacra-

142 971 300 1005 menta
322 966 681 1008 administrandi
703 968 940 1008 liberrima
962 967 1153 1007 daretur
1174 968 1325 1019 copia,
1341 969 1620 1019 praesertim
1642 981 1787 1022 quum

141 1035 372 1077 dioecesis
407 1038 465 1078 sit
492 1038 790 1089 Senonensis,
813 1051 899 1080 nec
935 1039 1018 1079 vlli
1052 1038 1115 1079 ibi
1148 1045 1390 1080 morentur
1416 1040 1640 1091 religiosi.
1675 1039 1784 1092 Sed,

141 1107 263 1158 proh
285 1108 432 1149 dolor!
457 1111 779 1162 operariorum
800 1111 957 1162 inopia
978 1121 1067 1150 nos
1087 1110 1272 1162 premit.

222 1178 461 1230 Quantum
483 1182 541 1222 ad
562 1182 836 1233 Euangelici
858 1181 978 1222 lucri
998 1182 1341 1222 incrementum
1362 1182 1542 1233 attinet,
1566 1194 1661 1223 non
1683 1183 1786 1224 sine

140 1249 335 1291 foenore
357 1252 532 1293 laboris
553 1253 687 1293 nobis
709 1253 848 1293 cessit
875 1253 1176 1304 impendium.
1202 1253 1417 1305 Quinque
1445 1254 1682 1294 exercitiis
1714 1266 1783 1294 sa-

140 1322 234 1361 cris
256 1322 437 1374 imbuti,
462 1324 684 1364 vnctione
706 1323 906 1376 Spiritus
927 1322 1089 1364 Sancti
1111 1324 1316 1374 delibuti,
1342 1325 1570 1365 aduersus
1599 1325 1787 1366 hostem

140 1392 187 1432 in
208 1394 497 1444 palaestram
512 1395 727 1446 prodiere
747 1395 1017 1447 pugnaturi,
1041 1407 1241 1447 quorum
1262 1396 1369 1446 dUO,
1393 1396 1512 1436 alter
1541 1396 1785 1447 sacerdos,

143 1464 262 1504 alter
290 1465 564 1506 adolescens
593 1466 744 1507 bonae
771 1466 885 1518 spei,
918 1465 1143 1507 Societati
1170 1478 1219 1507 se
1242 1466 1538 1508 addixerunt.
1562 1466 1652 1518 Qui
1677 1479 1783 1508 con-

141 1536 287 1576 stanti
309 1536 466 1576 animo
489 1548 538 1577 se
560 1538 756 1578 vincunt
777 1548 831 1577 ac
853 1543 1078 1590 superant
1099 1537 1146 1578 in
1170 1538 1270 1578 dies
1291 1537 1520 1579 aduersus
1536 1545 1787 1590 peccatum

146 1612 428 1658 pugnantes.
451 1606 631 1649 Nobilis
649 1608 724 1649 ille
746 1620 769 1649 e
789 1607 967 1649 familia
985 1608 1251 1650 Cardinalis
1267 1609 1612 1650 Vendommaei
1629 1610 1658 1661 ²,
1684 1622 1784 1651 cas-

142 1689 218 1718 ses
246 1679 438 1730 elapsus
468 1690 625 1731 aegre,
655 1679 740 1720 reti
770 1680 1046 1732 euangelico
1074 1680 1328 1721 aduolauit.
1352 1680 1440 1721 Vir
1468 1681 1544 1721 ille
1570 1682 1784 1733 Burgun-

137 1749 225 1790 dus
244 1748 258 1767 ³
279 1750 482 1801 patriam
513 1751 728 1802 accessit,
753 1752 860 1792 data
881 1751 1017 1792 nobis
1037 1751 1126 1792 fide
1156 1763 1207 1792 se
1229 1764 1256 1792 a
1278 1752 1430 1793 reditu
1452 1753 1595 1794 animi
1627 1753 1785 1794 decre-

134 1827 236 1861 tum
253 1821 389 1862 nobis
412 1821 798 1874 deprompturum
818 1835 878 1864 ex
899 1823 1068 1864 animo:
1093 1823 1149 1863 de
1171 1823 1303 1864 cuius
1324 1834 1521 1864 accessu
1551 1825 1668 1865 satis
1690 1837 1783 1866 am-

135 1891 356 1943 bigimus.

215 1962 477 2004 Monachus
511 1964 588 2004 ille
615 1964 946 2006 Benedictinus
966 1965 1255 2006 vberrimum
1281 1965 1486 2006 fructum
1513 1966 1585 2007 sui
1606 1967 1785 2008 laboris

135 2034 307 2074 retulit.
331 2033 416 2074 Est
437 2035 512 2075 hic
536 2035 729 2087 quidam
757 2036 1023 2077 Canonicus
1058 2036 1293 2088 regularis
1318 2035 1481 2078 Sancti
1508 2037 1782 2090 Augustini,

134 2104 402 2157 theologiae
438 2106 687 2147 doctoratu
728 2114 833 2159 post
868 2107 1051 2148 Pascha
1090 2107 1430 2159 insigniendus,
1461 2108 1777 2161 ecclesiastes,

134 2175 280 2216 diuini
312 2177 505 2217 honoris
534 2177 720 2228 zelotes,
759 2179 839 2230 qui
864 2179 1115 2230 plurimum
1143 2178 1278 2219 nobis
1306 2184 1438 2230 optat
1466 2178 1675 2231 adiungi:
1699 2180 1783 2221 sed

135 2246 238 2287 eius
260 2247 479 2288 affectum
500 2248 693 2289 alterius
713 2249 953 2300 religionis
973 2249 1203 2301 professio
1230 2248 1437 2302 impedit,
1463 2262 1570 2291 curn
1597 2263 1783 2293 summo

136 2318 283 2358 animi
304 2318 450 2371 ipsius
473 2319 647 2360 dolore.

214 2388 333 2441 Ego,
358 2389 513 2431 Patris
535 2390 733 2442 imperio
754 2391 939 2441 missus,
964 2391 1012 2431 in
1040 2391 1244 2443 quadam
1270 2390 1492 2442 Abbatia‚
1516 2392 1688 2434 Portus
1710 2406 1783 2435 re-

135 2459 202 2510 gii
217 2459 233 2478 ⁴
253 2461 442 2502 nomine
464 2461 705 2512 insignita,
730 2474 814 2502 sex
833 2462 1099 2503 milliarium
1121 2462 1400 2514 gallicorum
1418 2463 1668 2505 interuallo
1690 2465 1780 2506 Lu-

136 2531 250 2571 tetia
267 2531 449 2582 dissita,
476 2532 783 2573 concionatus
805 2544 908 2573 sum
928 2545 982 2574 eo
1005 2533 1078 2574 die
1100 2533 1351 2585 dominico,
1374 2546 1465 2587 quo
1495 2535 1685 2577 iubilaei
1707 2547 1779 2576 so-

134 2603 352 2644 lemnitas
368 2615 427 2644 ex
448 2602 688 2644 Pontificis
711 2603 888 2644 indulto
909 2604 1146 2645 celebrata
1167 2610 1237 2645 est
1253 2605 1300 2645 in
1321 2605 1526 2647 dioecesi
1546 2606 1780 2649 Parisien—

191 2764 202 2785 ¹
243 2765 330 2792 Vide
345 2773 461 2801 supra,
478 2769 504 2793 t.
523 2772 559 2800 11,
577 2773 656 2800 pag.
669 2765 732 2800 662,
748 2770 864 2794 annot.
875 2766 900 2795 2.

187 2812 202 2830 '²
242 2811 387 2840 Carolus
402 2812 561 2841 Bourbon
577 2813 617 2840 de
632 2813 819 2842 Vendome.
833 2813 920 2842 Vide
937 2814 1087 2843 PoLANc1
1104 2815 1239 2849 chron„
1254 2818 1278 2844 t.
1293 2823 1340 2850 1v,
1352 2822 1433 2850 pag.
1448 2815 1511 2851 324,
1524 2823 1556 2844 n.
1569 2815 1632 2844 693.

189 2859 204 2878 ³
241 2859 413 2888 Antonius
427 2860 574 2888 Lassar?
590 2860 677 2888 Vide
694 2861 846 2889 Pomm
862 2860 1064 2897 Chrom'con,
1080 2866 1106 2890 t.
1125 2870 1172 2897 1v,
1186 2870 1269 2898 pag.
1285 2863 1349 2898 32¹,
1364 2870 1400 2891 n.
1417 2862 1482 2890 687.

189 2906 205 2928 ⁴
241 2906 329 2936 Vide
345 2908 496 2937 PoLAch
513 2908 715 2943 chronicon,
732 2913 757 2936 t.
772 2917 818 2943 iv,
834 2917 912 2944 pag.
927 2909 990 2945 325,
1006 2917 1037 2937 n.
1053 2910 1116 2938 695.
