2028 3328
807 168 891 206 AN.
922 168 1013 206 1555
1660 167 1732 204 719

95 269 352 310 adueniens
374 275 471 308 tum
493 266 716 318 temporis
737 265 972 316 superior:
1001 264 1153 312 “Mihi,
1186 264 1348 315 inquit,
1380 275 1472 303 non
1502 264 1724 316 loqueris,

94 339 234 380 Pater
255 340 343 380 mi?
358 371 374 388 ,‚
401 345 446 379 at
468 349 579 378 uero
602 337 676 377 ille
697 335 937 388 respondit
959 335 1023 375 ita
1044 335 1178 375 vultu
1209 346 1374 375 sereno
1403 342 1453 374 Vt
1482 334 1594 374 nihil
1622 346 1727 386 pas-

94 423 198 451 sum
219 411 434 459 dixisses,
458 410 504 449 in
525 420 616 460 quo
638 414 682 448 et
704 407 850 448 donec
870 405 1101 457 receperit
1123 404 1458 445 Sanctissimae
1479 405 1727 445 Unctionis

96 489 442 522 sacramentum
466 480 662 521 feliciter
691 478 906 531 perstitit.
939 476 1177 528 Exequiae
1199 476 1241 516 ei
1261 483 1305 516 et
1327 475 1574 524 sacrificia,
1598 476 1725 516 fune-

94 553 287 604 briaque
308 552 430 592 iusta
453 552 540 591 rite
563 556 669 590 sunt
689 549 945 601 persoluta,
968 549 1105 599 prout
1127 553 1171 587 et
1191 547 1289 598 ipse
1311 547 1560 598 praecipis,
1585 553 1629 586 et
1651 546 1726 587 de-

93 624 215 664 bitus
239 634 372 663 amor
393 622 658 674 postulabat
680 632 734 661 ac
755 620 919 672 pietas.

174 694 304 745 Quae
327 694 385 734 ad
407 693 465 733 D.
489 693 646 733 Lucae
669 692 789 732 diem
811 703 895 743 pro
918 690 1084 731 rostris
1105 689 1266 730 habita
1288 695 1356 729 est
1377 689 1541 738 oratio,
1580 689 1724 729 scien-

90 765 263 806 tiarum
303 765 508 804 omnium
548 763 762 804 laudibus
801 767 1086 814 prosequuta
1125 766 1195 801 est
1234 760 1466 800 instituta:
1513 760 1724 800 virorum

92 847 345 877 consessus
368 835 497 876 affuit
519 841 563 875 et
584 835 803 886 frequens
830 839 874 873 et
902 832 1117 873 illustris:
1146 843 1202 872 ea
1229 843 1305 871 res
1322 831 1526 871 maxime
1547 830 1723 882 placuit

91 907 288 948 cunctis.
330 907 401 947 Ex
440 906 564 946 villis
600 904 951 956 confinibusque
984 903 1099 943 locis
1134 902 1193 943 ad
1227 914 1351 942 noua
1378 902 1495 941 haec
1525 902 1722 953 collegia

92 977 365 1019 iamdudum
388 977 610 1017 aduenire
632 981 902 1028 coeperunt.
925 973 1042 1016 Sunt
1064 974 1205 1025 igitur
1235 973 1505 1014 scholastici
1535 979 1723 1014 centum

91 1049 278 1089 circiter
300 1055 345 1089 et
374 1048 589 1099 triginta:
619 1053 718 1088 tum
746 1046 893 1086 literis
924 1052 968 1086 et
989 1045 1200 1085 moribus
1223 1045 1362 1095 longe
1388 1045 1574 1096 lateque
1594 1050 1721 1095 patet

89 1120 199 1160 boni
220 1120 573 1160 incrementum.

170 1189 391 1232 Solebant
426 1190 597 1242 quippe
624 1189 743 1229 festo
772 1187 816 1229 S.
846 1187 1028 1228 Nicolai
1059 1199 1118 1228 ex
1152 1187 1218 1228 eis
1253 1187 1525 1239 episcopum
1554 1197 1720 1227 vnum-

87 1262 338 1314 quemlibet
360 1260 610 1313 quotannis
631 1259 823 1311 fingere,
847 1259 1068 1311 quocirca
1089 1258 1213 1298 mille
1233 1257 1539 1298 adstruebant
1560 1257 1721 1308 nequi-

87 1333 191 1374 tias:
217 1333 416 1373 abusum
433 1332 556 1372 hunc
573 1331 850 1383 expulimus,
870 1341 951 1371 eos
968 1329 1058 1370 huc
1077 1330 1226 1370 cereis
1244 1329 1451 1369 candelis
1467 1328 1720 1369 conuenire

85 1404 313 1445 facientes
337 1403 394 1444 ad
422 1415 521 1443 rem
552 1413 737 1442 sacram
767 1412 1024 1453 precesque
1054 1400 1362 1452 uespertinas,
1395 1400 1472 1440 ubi
1501 1400 1548 1440 in
1578 1400 1721 1440 hono-

83 1487 185 1516 rem
205 1474 367 1516 Sancti
389 1474 600 1515 carmina
624 1473 802 1525 aliquot
824 1478 930 1512 sunt
951 1472 1164 1512 recitata.

165 1546 312 1587 Porro
335 1545 475 1586 simili
497 1545 678 1585 ratione
699 1549 890 1595 propter
911 1543 1080 1583 festum
1101 1542 1283 1583 Natalis
1303 1542 1478 1583 Christi
1494 1554 1635 1582 versu
1653 1542 1720 1582 eis

87 1617 351 1670 composuit
373 1616 686 1667 instruxitque
707 1627 828 1655 vnus
851 1627 910 1655 ex
930 1613 1314 1666 praeceptoribus
1341 1613 1633 1653 comoediam
1662 1613 1719 1654 de

85 1688 346 1730 Saluatoris
368 1694 487 1737 ortu,
512 1698 631 1738 quae
658 1686 775 1726 adeo
805 1687 996 1737 elegans
1027 1685 1179 1725 extitit
1212 1695 1268 1724 ac
1297 1684 1482 1724 deuota.
1514 1683 1718 1725 Tantum

83 1760 156 1800 his
177 1767 315 1811 atque
336 1759 382 1798 id
402 1769 552 1809 genus
574 1757 741 1798 studiis
762 1757 981 1797 iuuentus
1001 1762 1282 1808 prouentum
1302 1755 1432 1795 facit.

164 1829 327 1882 Populi
350 1836 506 1870 autem
527 1835 733 1879 senatus,
758 1828 836 1880 qui
857 1827 991 1868 nobis
1023 1827 1223 1867 antehac
1250 1827 1463 1878 grauiter
1493 1826 1716 1866 aduersa-

81 1902 234 1952 batur,
258 1900 448 1941 tandem
469 1900 517 1940 Vi
541 1898 549 1918 ¹
572 1900 640 1939 rei
661 1899 798 1939 huius
821 1899 867 1939 in
889 1898 1014 1939 uiam
1035 1897 1178 1938 redit:
1197 1909 1321 1948 nam,
1345 1897 1461 1937 nihil
1482 1897 1617 1938 nobis
1634 1909 1712 1949 pe-

82 1973 306 2023 tentibus,
332 1971 474 2012 tritici
497 1970 805 2023 quantitatem
832 1981 926 2009 non
957 1968 1242 2009 mediocrem
1265 1966 1342 2021 [in]
1366 1969 1713 2020 eleemosynam

82 2049 150 2084 est
172 2043 413 2094 elargitus.

161 2114 422 2156 Conciones
444 2114 606 2154 solitas
630 2112 790 2153 habuit
812 2112 1040 2152 hactenus
1059 2112 1204 2151 multa
1220 2122 1326 2151 cum
1342 2111 1604 2163 frequentia
1621 2111 1712 2151 die-

80 2187 166 2226 bus
187 2186 317 2226 festis
339 2197 394 2225 ac
411 2184 671 2225 Dominicis
687 2183 825 2224 Pater
846 2182 1019 2224 Sancta
1038 2182 1160 2223 cruz
1176 2181 1300 2234 apud
1316 2193 1424 2222 nos:
1445 2182 1553 2234 quin
1571 2182 1713 2222 etiam

80 2256 299 2297 nundinis
318 2256 420 2296 istis
441 2267 525 2307 pro
548 2254 834 2306 trapeziticis
854 2254 1028 2294 mensis
1048 2253 1119 2294 bis
1141 2253 1448 2294 concionatus
1470 2259 1554 2303 est;
1574 2264 1712 2304 quem

79 2339 185 2368 cum
213 2328 355 2367 semel
388 2326 635 2378 praediues
670 2325 860 2377 quidam
890 2330 1124 2365 mercator
1155 2324 1377 2375 audisset,
1409 2323 1712 2364 facultatibus

79 2398 294 2439 omnibus
330 2398 562 2448 extemplo
597 2396 797 2446 reiectis,
835 2395 881 2435 in
916 2395 1123 2435 Montem
1156 2401 1390 2436 serratum
1422 2395 1485 2445 (ut
1519 2396 1709 2443 uocant)

77 2469 337 2510 monachus
358 2469 421 2509 ibi
441 2468 625 2508 futurus
646 2479 748 2508 sese
769 2467 960 2518 recepit.

156 2541 475 2592 Hieronymus
497 2539 553 2579 de
570 2539 762 2589 Acosta,
782 2537 933 2579 maior
949 2543 1062 2578 natu
1079 2537 1303 2578 fratribus
1321 2544 1522 2589 quatuor
1539 2536 1614 2577 hic
1632 2536 1709 2577 ad-

76 2612 233 2652 missis
261 2618 306 2651 et
336 2611 429 2651 iam
459 2609 722 2650 obedientia
754 2608 993 2661 dispersiS,
1025 2614 1188 2649 nostra
1218 2608 1446 2649 exercitia
1478 2607 1544 2659 (vt
1575 2608 1634 2648 ad
1663 2614 1710 2648 te

74 2683 289 2734 longiore
320 2682 451 2722 titulo
482 2681 694 2733 proxime
722 2679 1016 2732 scripsimus)
1045 2680 1268 2731 capessit3
1297 2691 1422 2720 nunc
1443 2679 1601 2731 itaque
1622 2690 1708 2719 sua

73 2753 325 2794 vocatione
347 2753 483 2793 enixe
505 2758 700 2804 perstat,
723 2750 833 2791 licet
849 2762 973 2791 nunc
990 2751 1215 2802 temporis
1232 2750 1369 2790 valde
1387 2756 1642 2802 occupetur
1660 2751 1708 2791 in

75 2826 147 2876 iis,
172 2825 339 2877 quibus
361 2830 430 2864 est
451 2823 696 2874 obnoxiuS,
720 2822 905 2874 penitus
926 2821 1240 2863 absoluendiS.

125 2940 135 2960 ¹
180 2939 273 2967 Rasa
289 2939 342 2966 hic
359 2938 495 2970 charta.
512 2942 644 2965 tantum
661 2937 798 2965 litterae
814 2937 986 2972 particula
1009 2936 1234 2971 conspicitur;
1260 2937 1316 2964 sed
1339 2944 1399 2964 nec
1415 2937 1508 2964 locus
1524 2940 1574 2965 est
1590 2936 1654 2965 nisi
1669 2937 1708 2964 vi

71 2992 132 3016 aut
149 2988 208 3016 alii
223 2986 337 3014 simili.
