<?xml version="1.0" encoding="UTF-8"?>
<!DOCTYPE html PUBLIC "-//W3C//DTD XHTML 1.0 Transitional//EN"
    "http://www.w3.org/TR/xhtml1/DTD/xhtml1-transitional.dtd">
<html xmlns="http://www.w3.org/1999/xhtml" xml:lang="en" lang="en">
 <head>
  <title>
</title>
<meta http-equiv="Content-Type" content="text/html;charset=utf-8" />
  <meta name='ocr-system' content='tesseract 3.04.00' />
  <meta name='ocr-capabilities' content='ocr_page ocr_carea ocr_par ocr_line ocrx_word'/>
</head>
<body>
  <div class='ocr_page' id='page_1' title='image "./litteraequadrime1503lain_0641.png"; bbox 0 0 2028 3328; ppageno 0'>
   <div class='ocr_carea' id='block_1_1' title="bbox 853 152 1778 197">
    <p class='ocr_par' dir='ltr' id='par_1_1' title="bbox 853 152 1778 197">
     <span class='ocr_line' id='line_1_1' title="bbox 853 152 1778 197; baseline -0.003 -7"><span class='ocrx_word' id='word_1_1' title='bbox 853 153 893 190; x_wconf 91' lang='lat' dir='ltr'><strong>A</strong></span> <span class='ocrx_word' id='word_1_2' title='bbox 901 164 937 189; x_wconf 74' lang='grc' dir='ltr'>Ν.</span> <span class='ocrx_word' id='word_1_3' title='bbox 970 153 1060 197; x_wconf 66' lang='lat'>1555</span> <span class='ocrx_word' id='word_1_4' title='bbox 1706 152 1778 188; x_wconf 71' lang='lat'>035</span> 
     </span>
    </p>
   </div>
   <div class='ocr_carea' id='block_1_2' title="bbox 140 248 1779 656">
    <p class='ocr_par' dir='ltr' id='par_1_2' title="bbox 140 248 1774 374">
     <span class='ocr_line' id='line_1_2' title="bbox 141 248 1774 303; baseline -0.003 -11"><span class='ocrx_word' id='word_1_5' title='bbox 141 252 265 292; x_wconf 67' lang='lat' dir='ltr'>M.tf0</span> <span class='ocrx_word' id='word_1_6' title='bbox 295 251 476 301; x_wconf 74' lang='lat' dir='ltr'>Ignatio</span> <span class='ocrx_word' id='word_1_7' title='bbox 499 251 554 290; x_wconf 87' lang='lat' dir='ltr'>de</span> <span class='ocrx_word' id='word_1_8' title='bbox 581 251 775 303; x_wconf 79' lang='lat' dir='ltr'>Loyola,</span> <span class='ocrx_word' id='word_1_9' title='bbox 809 249 1029 290; x_wconf 85' lang='lat' dir='ltr'>Generali</span> <span class='ocrx_word' id='word_1_10' title='bbox 1058 249 1332 300; x_wconf 71' lang='lat' dir='ltr'>Praeposito</span> <span class='ocrx_word' id='word_1_11' title='bbox 1363 249 1612 289; x_wconf 82' lang='lat' dir='ltr'>Societatis</span> <span class='ocrx_word' id='word_1_12' title='bbox 1648 248 1774 300; x_wconf 70' lang='lat' dir='ltr'>Jesii,</span> 
     </span>
     <span class='ocr_line' id='line_1_3' title="bbox 140 319 1160 374; baseline -0.003 -11"><span class='ocrx_word' id='word_1_13' title='bbox 140 322 263 374; x_wconf 86' lang='lat' dir='ltr'>apud</span> <span class='ocrx_word' id='word_1_14' title='bbox 286 321 330 363; x_wconf 82' lang='lat' dir='ltr'>S.</span> <span class='ocrx_word' id='word_1_15' title='bbox 355 323 568 362; x_wconf 84' lang='lat' dir='ltr'>Marcum</span> <span class='ocrx_word' id='word_1_16' title='bbox 589 324 633 361; x_wconf 90' lang='lat' dir='ltr'>in</span> <span class='ocrx_word' id='word_1_17' title='bbox 655 321 700 362; x_wconf 83' lang='lat' dir='ltr'>S.</span> <span class='ocrx_word' id='word_1_18' title='bbox 727 320 875 362; x_wconf 82' lang='lat' dir='ltr'>Maria</span> <span class='ocrx_word' id='word_1_19' title='bbox 897 321 952 360; x_wconf 92' lang='lat' dir='ltr'>de</span> <span class='ocrx_word' id='word_1_20' title='bbox 974 319 1160 361; x_wconf 83' lang='lat' dir='ltr'>Strada.</span> 
     </span>
    </p>

    <p class='ocr_par' dir='ltr' id='par_1_3' title="bbox 224 393 416 433">
     <span class='ocr_line' id='line_1_4' title="bbox 224 393 416 433; baseline 0 0"><span class='ocrx_word' id='word_1_21' title='bbox 224 393 416 433; x_wconf 88' lang='lat' dir='ltr'>Romae.</span> 
     </span>
    </p>

    <p class='ocr_par' dir='ltr' id='par_1_4' title="bbox 223 464 424 504">
     <span class='ocr_line' id='line_1_5' title="bbox 223 464 424 504; baseline -0.01 0"><span class='ocrx_word' id='word_1_22' title='bbox 223 464 424 504; x_wconf 77' lang='lat' dir='ltr'>Franco.</span> 
     </span>
    </p>

    <p class='ocr_par' dir='ltr' id='par_1_5' title="bbox 142 531 1779 656">
     <span class='ocr_line' id='line_1_6' title="bbox 222 531 1779 576; baseline -0.003 -2"><span class='ocrx_word' id='word_1_23' title='bbox 222 535 333 575; x_wconf 69' lang='lat' dir='ltr'>Alsa</span> <span class='ocrx_word' id='word_1_24' title='bbox 356 547 518 575; x_wconf 74' lang='lat' dir='ltr'>mmm:</span> <span class='ocrx_word' id='word_1_25' title='bbox 558 536 672 574; x_wconf 80' lang='lat'>1555.</span> <span class='ocrx_word' id='word_1_26' title='bbox 695 534 921 576; x_wconf 86' lang='lat' dir='ltr'>Louanio.</span> <span class='ocrx_word' id='word_1_27' title='bbox 959 533 1014 573; x_wconf 84' lang='lat' dir='ltr'>D.</span> <span class='ocrx_word' id='word_1_28' title='bbox 1047 532 1151 572; x_wconf 71' lang='grc' dir='ltr'>Μ.ΓΟ</span> <span class='ocrx_word' id='word_1_29' title='bbox 1185 532 1395 573; x_wconf 76' lang='lat' dir='ltr'>Adriano</span> <span class='ocrx_word' id='word_1_30' title='bbox 1436 531 1483 572; x_wconf 87' lang='lat'>10</span> <span class='ocrx_word' id='word_1_31' title='bbox 1517 531 1562 571; x_wconf 92' lang='lat' dir='ltr'>di</span> <span class='ocrx_word' id='word_1_32' title='bbox 1584 531 1779 571; x_wconf 85' lang='lat' dir='ltr'>Settem-</span> 
     </span>
     <span class='ocr_line' id='line_1_7' title="bbox 142 604 1007 656; baseline -0.001 -10"><span class='ocrx_word' id='word_1_33' title='bbox 142 607 238 646; x_wconf 85' lang='lat' dir='ltr'>bre.</span> <span class='ocrx_word' id='word_1_34' title='bbox 265 606 341 645; x_wconf 73' lang='lat' dir='ltr'>Rta</span> <span class='ocrx_word' id='word_1_35' title='bbox 371 606 447 645; x_wconf 84' lang='lat' dir='ltr'>alli</span> <span class='ocrx_word' id='word_1_36' title='bbox 473 607 518 645; x_wconf 76' lang='lat'>19</span> <span class='ocrx_word' id='word_1_37' title='bbox 540 607 582 646; x_wconf 91' lang='lat' dir='ltr'>d&#39;</span> <span class='ocrx_word' id='word_1_38' title='bbox 600 606 807 647; x_wconf 85' lang='lat' dir='ltr'>Ottobre.</span> <span class='ocrx_word' id='word_1_39' title='bbox 832 604 1007 656; x_wconf 85' lang='lat' dir='ltr'>Quadr.</span> 
     </span>
    </p>
   </div>
   <div class='ocr_carea' id='block_1_3' title="bbox 813 1030 1109 1085">
    <p class='ocr_par' dir='ltr' id='par_1_6' title="bbox 813 1030 1109 1085">
     <span class='ocr_line' id='line_1_8' title="bbox 813 1030 1109 1085; baseline -0.007 0"><span class='ocrx_word' id='word_1_40' title='bbox 813 1030 1109 1085; x_wconf 85' lang='lat' dir='ltr'>CDXXIV</span> 
     </span>
    </p>
   </div>
   <div class='ocr_carea' id='block_1_4' title="bbox 215 1262 1048 1440">
    <p class='ocr_par' dir='ltr' id='par_1_7' title="bbox 215 1262 1048 1440">
     <span class='ocr_line' id='line_1_9' title="bbox 215 1262 746 1308; baseline -0.004 -8"><span class='ocrx_word' id='word_1_41' title='bbox 215 1262 438 1300; x_wconf 77' lang='lat' dir='ltr'>Robertus</span> <span class='ocrx_word' id='word_1_42' title='bbox 460 1262 746 1308; x_wconf 77' lang='lat' dir='ltr'>Clayssonius</span> 
     </span>
     <span class='ocr_line' id='line_1_10' title="bbox 264 1326 849 1375; baseline -0.005 -10"><span class='ocrx_word' id='word_1_43' title='bbox 264 1328 385 1365; x_wconf 78' lang='lat' dir='ltr'>Patri</span> <span class='ocrx_word' id='word_1_44' title='bbox 404 1327 573 1368; x_wconf 44' lang='lat' dir='ltr'>Ing-natio</span> <span class='ocrx_word' id='word_1_45' title='bbox 594 1327 647 1363; x_wconf 86' lang='lat' dir='ltr'>de</span> <span class='ocrx_word' id='word_1_46' title='bbox 667 1326 849 1375; x_wconf 83' lang='lat' dir='ltr'>Loyola.</span> 
     </span>
     <span class='ocr_line' id='line_1_11' title="bbox 310 1391 1048 1440; baseline -0.003 -10"><span class='ocrx_word' id='word_1_47' title='bbox 310 1393 532 1437; x_wconf 80' lang='lat' dir='ltr'>Billiomo,</span> <span class='ocrx_word' id='word_1_48' title='bbox 555 1392 598 1429; x_wconf 82' lang='lat'>13</span> <span class='ocrx_word' id='word_1_49' title='bbox 618 1391 890 1440; x_wconf 73' lang='lat' dir='ltr'>Septembris</span> <span class='ocrx_word' id='word_1_50' title='bbox 914 1392 1004 1429; x_wconf 83' lang='lat'>1555</span> <span class='ocrx_word' id='word_1_51' title='bbox 1023 1391 1048 1428; x_wconf 83' lang='lat'>¹.</span> 
     </span>
    </p>
   </div>
   <div class='ocr_carea' id='block_1_5' title="bbox 142 1528 1787 2793">
    <p class='ocr_par' dir='ltr' id='par_1_8' title="bbox 144 1528 1783 1643">
     <span class='ocr_line' id='line_1_12' title="bbox 225 1528 1783 1582; baseline -0.001 -11"><span class='ocrx_word' id='word_1_52' title='bbox 225 1531 325 1572; x_wconf 74' lang='lat' dir='ltr'>Pax</span> <span class='ocrx_word' id='word_1_53' title='bbox 347 1531 538 1571; x_wconf 86' lang='lat' dir='ltr'>Domini</span> <span class='ocrx_word' id='word_1_54' title='bbox 560 1529 647 1570; x_wconf 89' lang='lat' dir='ltr'>Dei</span> <span class='ocrx_word' id='word_1_55' title='bbox 670 1530 819 1570; x_wconf 82' lang='lat' dir='ltr'>nostri</span> <span class='ocrx_word' id='word_1_56' title='bbox 839 1530 950 1582; x_wconf 88' lang='lat' dir='ltr'>Jesu</span> <span class='ocrx_word' id='word_1_57' title='bbox 971 1528 1144 1570; x_wconf 81' lang='lat' dir='ltr'>Christi</span> <span class='ocrx_word' id='word_1_58' title='bbox 1162 1528 1368 1580; x_wconf 82' lang='lat' dir='ltr'>perfecta</span> <span class='ocrx_word' id='word_1_59' title='bbox 1392 1541 1477 1569; x_wconf 90' lang='lat' dir='ltr'>nos</span> <span class='ocrx_word' id='word_1_60' title='bbox 1494 1530 1632 1570; x_wconf 88' lang='lat' dir='ltr'>donet</span> <span class='ocrx_word' id='word_1_61' title='bbox 1651 1530 1783 1570; x_wconf 80' lang='lat' dir='ltr'>liber-</span> 
     </span>
     <span class='ocr_line' id='line_1_13' title="bbox 144 1603 442 1643; baseline -0.007 0"><span class='ocrx_word' id='word_1_62' title='bbox 144 1609 254 1643; x_wconf 69' lang='lat' dir='ltr'>tate.</span> <span class='ocrx_word' id='word_1_63' title='bbox 277 1603 442 1642; x_wconf 74' lang='lat' dir='ltr'>Amen.</span> 
     </span>
    </p>

    <p class='ocr_par' dir='ltr' id='par_1_9' title="bbox 142 1671 1785 2082">
     <span class='ocr_line' id='line_1_14' title="bbox 227 1671 1781 1725; baseline -0.002 -10"><span class='ocrx_word' id='word_1_64' title='bbox 227 1674 372 1725; x_wconf 83' lang='lat' dir='ltr'>Quae,</span> <span class='ocrx_word' id='word_1_65' title='bbox 396 1673 498 1714; x_wconf 88' lang='lat' dir='ltr'>Deo</span> <span class='ocrx_word' id='word_1_66' title='bbox 521 1679 733 1723; x_wconf 89' lang='lat' dir='ltr'>auctore,</span> <span class='ocrx_word' id='word_1_67' title='bbox 757 1672 848 1712; x_wconf 90' lang='lat' dir='ltr'>hoc</span> <span class='ocrx_word' id='word_1_68' title='bbox 868 1683 1013 1723; x_wconf 87' lang='lat' dir='ltr'>prope</span> <span class='ocrx_word' id='word_1_69' title='bbox 1034 1671 1368 1723; x_wconf 87' lang='lat' dir='ltr'>quadrimestri</span> <span class='ocrx_word' id='word_1_70' title='bbox 1389 1678 1599 1723; x_wconf 88' lang='lat' dir='ltr'>tempore</span> <span class='ocrx_word' id='word_1_71' title='bbox 1621 1672 1667 1712; x_wconf 91' lang='lat' dir='ltr'>in</span> <span class='ocrx_word' id='word_1_72' title='bbox 1689 1671 1781 1712; x_wconf 88' lang='lat' dir='ltr'>Au-</span> 
     </span>
     <span class='ocr_line' id='line_1_15' title="bbox 144 1742 1781 1794; baseline -0.001 -9"><span class='ocrx_word' id='word_1_73' title='bbox 144 1746 308 1786; x_wconf 86' lang='lat' dir='ltr'>uernia</span> <span class='ocrx_word' id='word_1_74' title='bbox 330 1757 356 1785; x_wconf 91' lang='lat' dir='ltr'>a</span> <span class='ocrx_word' id='word_1_75' title='bbox 378 1756 452 1785; x_wconf 90' lang='lat' dir='ltr'>me</span> <span class='ocrx_word' id='word_1_76' title='bbox 474 1751 579 1784; x_wconf 88' lang='lat' dir='ltr'>acta</span> <span class='ocrx_word' id='word_1_77' title='bbox 602 1744 717 1790; x_wconf 80' lang='lat' dir='ltr'>sint,</span> <span class='ocrx_word' id='word_1_78' title='bbox 742 1755 800 1783; x_wconf 83' lang='lat' dir='ltr'>ex</span> <span class='ocrx_word' id='word_1_79' title='bbox 822 1743 968 1783; x_wconf 84' lang='lat' dir='ltr'>ternis</span> <span class='ocrx_word' id='word_1_80' title='bbox 988 1742 1136 1783; x_wconf 92' lang='lat' dir='ltr'>literis</span> <span class='ocrx_word' id='word_1_81' title='bbox 1157 1743 1478 1794; x_wconf 86' lang='lat' dir='ltr'>superioribus</span> <span class='ocrx_word' id='word_1_82' title='bbox 1501 1742 1604 1783; x_wconf 71' lang='lat' dir='ltr'>Rda</span> <span class='ocrx_word' id='word_1_83' title='bbox 1626 1743 1781 1784; x_wconf 81' lang='lat' dir='ltr'>Pater—</span> 
     </span>
     <span class='ocr_line' id='line_1_16' title="bbox 143 1813 1785 1866; baseline 0 -11"><span class='ocrx_word' id='word_1_84' title='bbox 143 1817 265 1857; x_wconf 84' lang='lat' dir='ltr'>nitas</span> <span class='ocrx_word' id='word_1_85' title='bbox 287 1823 367 1856; x_wconf 91' lang='lat' dir='ltr'>tua</span> <span class='ocrx_word' id='word_1_86' title='bbox 395 1815 578 1856; x_wconf 87' lang='lat' dir='ltr'>abunde</span> <span class='ocrx_word' id='word_1_87' title='bbox 606 1815 900 1855; x_wconf 75' lang='lat' dir='ltr'>intellexerit.</span> <span class='ocrx_word' id='word_1_88' title='bbox 925 1813 1125 1854; x_wconf 80' lang='lat' dir='ltr'>Proinde</span> <span class='ocrx_word' id='word_1_89' title='bbox 1148 1826 1203 1854; x_wconf 85' lang='lat' dir='ltr'>ea</span> <span class='ocrx_word' id='word_1_90' title='bbox 1223 1815 1432 1865; x_wconf 83' lang='lat' dir='ltr'>singula,</span> <span class='ocrx_word' id='word_1_91' title='bbox 1464 1826 1549 1854; x_wconf 91' lang='lat' dir='ltr'>ceu</span> <span class='ocrx_word' id='word_1_92' title='bbox 1571 1826 1653 1866; x_wconf 89' lang='lat' dir='ltr'>per</span> <span class='ocrx_word' id='word_1_93' title='bbox 1675 1826 1785 1855; x_wconf 89' lang='lat' dir='ltr'>ana-</span> 
     </span>
     <span class='ocr_line' id='line_1_17' title="bbox 143 1885 1783 1940; baseline -0.001 -12"><span class='ocrx_word' id='word_1_94' title='bbox 143 1888 496 1940; x_wconf 80' lang='lat' dir='ltr'>cephalaeosin,</span> <span class='ocrx_word' id='word_1_95' title='bbox 520 1887 567 1927; x_wconf 90' lang='lat' dir='ltr'>in</span> <span class='ocrx_word' id='word_1_96' title='bbox 589 1886 893 1926; x_wconf 85' lang='lat' dir='ltr'>summarium</span> <span class='ocrx_word' id='word_1_97' title='bbox 911 1885 1240 1937; x_wconf 80' lang='lat' dir='ltr'>compendium</span> <span class='ocrx_word' id='word_1_98' title='bbox 1259 1886 1434 1937; x_wconf 79' lang='lat' dir='ltr'>absque</span> <span class='ocrx_word' id='word_1_99' title='bbox 1451 1886 1557 1926; x_wconf 84' lang='lat' dir='ltr'>vllis</span> <span class='ocrx_word' id='word_1_100' title='bbox 1575 1886 1783 1938; x_wconf 83' lang='lat' dir='ltr'>ambagi-</span> 
     </span>
     <span class='ocr_line' id='line_1_18' title="bbox 142 1957 1784 2010; baseline -0.001 -11"><span class='ocrx_word' id='word_1_101' title='bbox 142 1960 230 2000; x_wconf 91' lang='lat' dir='ltr'>bus</span> <span class='ocrx_word' id='word_1_102' title='bbox 251 1958 477 2010; x_wconf 80' lang='lat' dir='ltr'>redigam,</span> <span class='ocrx_word' id='word_1_103' title='bbox 497 1957 819 1998; x_wconf 89' lang='lat' dir='ltr'>tantummodo</span> <span class='ocrx_word' id='word_1_104' title='bbox 841 1963 892 1997; x_wconf 85' lang='lat' dir='ltr'>Vt</span> <span class='ocrx_word' id='word_1_105' title='bbox 913 1968 1079 1997; x_wconf 86' lang='lat' dir='ltr'>sacrae</span> <span class='ocrx_word' id='word_1_106' title='bbox 1102 1957 1397 1997; x_wconf 76' lang='lat' dir='ltr'>obedientiae</span> <span class='ocrx_word' id='word_1_107' title='bbox 1423 1970 1449 1997; x_wconf 89' lang='lat' dir='ltr'>a</span> <span class='ocrx_word' id='word_1_108' title='bbox 1472 1969 1545 1997; x_wconf 90' lang='lat' dir='ltr'>me</span> <span class='ocrx_word' id='word_1_109' title='bbox 1573 1970 1631 1998; x_wconf 89' lang='lat' dir='ltr'>ex</span> <span class='ocrx_word' id='word_1_110' title='bbox 1653 1969 1784 2009; x_wconf 85' lang='lat' dir='ltr'>prae-</span> 
     </span>
     <span class='ocr_line' id='line_1_19' title="bbox 142 2030 701 2082; baseline -0.002 -12"><span class='ocrx_word' id='word_1_111' title='bbox 142 2031 320 2082; x_wconf 82' lang='lat' dir='ltr'>scripto</span> <span class='ocrx_word' id='word_1_112' title='bbox 342 2030 701 2081; x_wconf 81' lang='lat' dir='ltr'>obtemperetur.</span> 
     </span>
    </p>

    <p class='ocr_par' dir='ltr' id='par_1_10' title="bbox 143 2099 1787 2721">
     <span class='ocr_line' id='line_1_20' title="bbox 223 2099 1783 2153; baseline -0.001 -12"><span class='ocrx_word' id='word_1_113' title='bbox 223 2101 384 2153; x_wconf 87' lang='lat' dir='ltr'>Itaque</span> <span class='ocrx_word' id='word_1_114' title='bbox 407 2100 724 2140; x_wconf 82' lang='lat' dir='ltr'>decimosexto</span> <span class='ocrx_word' id='word_1_115' title='bbox 741 2099 852 2140; x_wconf 91' lang='lat' dir='ltr'>Maii</span> <span class='ocrx_word' id='word_1_116' title='bbox 867 2099 1331 2140; x_wconf 87' lang='lat' dir='ltr'>Reuerendissimum</span> <span class='ocrx_word' id='word_1_117' title='bbox 1349 2099 1603 2140; x_wconf 90' lang='lat' dir='ltr'>Dominum</span> <span class='ocrx_word' id='word_1_118' title='bbox 1625 2100 1783 2141; x_wconf 88' lang='lat' dir='ltr'>Clara-</span> 
     </span>
     <span class='ocr_line' id='line_1_21' title="bbox 146 2170 1783 2221; baseline -0.001 -9"><span class='ocrx_word' id='word_1_119' title='bbox 146 2178 423 2212; x_wconf 90' lang='lat' dir='ltr'>montanum</span> <span class='ocrx_word' id='word_1_120' title='bbox 446 2171 459 2190; x_wconf 73' lang='lat'><strong>²</strong></span> <span class='ocrx_word' id='word_1_121' title='bbox 482 2171 751 2221; x_wconf 78' lang='lat' dir='ltr'>comitatus,</span> <span class='ocrx_word' id='word_1_122' title='bbox 774 2170 960 2211; x_wconf 89' lang='lat' dir='ltr'>Lutetia</span> <span class='ocrx_word' id='word_1_123' title='bbox 991 2172 1176 2221; x_wconf 86' lang='lat' dir='ltr'>relicta,</span> <span class='ocrx_word' id='word_1_124' title='bbox 1206 2172 1252 2211; x_wconf 91' lang='lat' dir='ltr'>in</span> <span class='ocrx_word' id='word_1_125' title='bbox 1281 2172 1572 2211; x_wconf 85' lang='lat' dir='ltr'>Auuerniam</span> <span class='ocrx_word' id='word_1_126' title='bbox 1603 2171 1692 2212; x_wconf 86' lang='lat' dir='ltr'>iter</span> <span class='ocrx_word' id='word_1_127' title='bbox 1719 2172 1783 2212; x_wconf 91' lang='lat' dir='ltr'>in-</span> 
     </span>
     <span class='ocr_line' id='line_1_22' title="bbox 144 2242 1786 2295; baseline -0.001 -12"><span class='ocrx_word' id='word_1_128' title='bbox 144 2254 338 2291; x_wconf 60' lang='lat' dir='ltr'>gressus</span> <span class='ocrx_word' id='word_1_129' title='bbox 361 2254 477 2292; x_wconf 89' lang='lat' dir='ltr'>sum,</span> <span class='ocrx_word' id='word_1_130' title='bbox 501 2242 860 2293; x_wconf 88' lang='lat' dir='ltr'>humanissime,</span> <span class='ocrx_word' id='word_1_131' title='bbox 889 2248 1176 2294; x_wconf 90' lang='lat' dir='ltr'>paternoque</span> <span class='ocrx_word' id='word_1_132' title='bbox 1204 2244 1342 2293; x_wconf 91' lang='lat' dir='ltr'>plane</span> <span class='ocrx_word' id='word_1_133' title='bbox 1375 2242 1565 2291; x_wconf 88' lang='lat' dir='ltr'>affectu,</span> <span class='ocrx_word' id='word_1_134' title='bbox 1596 2243 1653 2282; x_wconf 92' lang='lat' dir='ltr'>ab</span> <span class='ocrx_word' id='word_1_135' title='bbox 1680 2242 1786 2295; x_wconf 91' lang='lat' dir='ltr'>ipso</span> 
     </span>
     <span class='ocr_line' id='line_1_23' title="bbox 146 2312 1785 2366; baseline 0 -12"><span class='ocrx_word' id='word_1_136' title='bbox 146 2315 338 2366; x_wconf 91' lang='lat' dir='ltr'>eiusque</span> <span class='ocrx_word' id='word_1_137' title='bbox 359 2313 535 2353; x_wconf 86' lang='lat' dir='ltr'>familia</span> <span class='ocrx_word' id='word_1_138' title='bbox 558 2324 741 2364; x_wconf 88' lang='lat' dir='ltr'>semper</span> <span class='ocrx_word' id='word_1_139' title='bbox 762 2318 1009 2353; x_wconf 70' lang='lat' dir='ltr'>tractatus</span> <span class='ocrx_word' id='word_1_140' title='bbox 1029 2312 1080 2353; x_wconf 92' lang='lat' dir='ltr'>In</span> <span class='ocrx_word' id='word_1_141' title='bbox 1097 2313 1199 2365; x_wconf 89' lang='lat' dir='ltr'>ipso</span> <span class='ocrx_word' id='word_1_142' title='bbox 1217 2313 1398 2362; x_wconf 84' lang='lat' dir='ltr'>itinere,</span> <span class='ocrx_word' id='word_1_143' title='bbox 1423 2313 1469 2353; x_wconf 90' lang='lat' dir='ltr'>in</span> <span class='ocrx_word' id='word_1_144' title='bbox 1486 2313 1657 2365; x_wconf 88' lang='lat' dir='ltr'>oppido</span> <span class='ocrx_word' id='word_1_145' title='bbox 1675 2313 1785 2354; x_wconf 88' lang='lat' dir='ltr'>Diui</span> 
     </span>
     <span class='ocr_line' id='line_1_24' title="bbox 145 2383 1787 2437; baseline -0.001 -11"><span class='ocrx_word' id='word_1_146' title='bbox 145 2386 273 2426; x_wconf 87' lang='lat' dir='ltr'>Petri</span> <span class='ocrx_word' id='word_1_147' title='bbox 293 2385 479 2425; x_wconf 90' lang='lat' dir='ltr'>nomine</span> <span class='ocrx_word' id='word_1_148' title='bbox 500 2384 738 2435; x_wconf 85' lang='lat' dir='ltr'>insignito,</span> <span class='ocrx_word' id='word_1_149' title='bbox 762 2383 1034 2425; x_wconf 84' lang='lat' dir='ltr'>Praefectus</span> <span class='ocrx_word' id='word_1_150' title='bbox 1055 2384 1155 2436; x_wconf 90' lang='lat' dir='ltr'>ipse</span> <span class='ocrx_word' id='word_1_151' title='bbox 1177 2384 1318 2424; x_wconf 88' lang='lat' dir='ltr'>aedes</span> <span class='ocrx_word' id='word_1_152' title='bbox 1339 2396 1450 2424; x_wconf 90' lang='lat' dir='ltr'>suas</span> <span class='ocrx_word' id='word_1_153' title='bbox 1472 2385 1691 2437; x_wconf 88' lang='lat' dir='ltr'>vitaeque</span> <span class='ocrx_word' id='word_1_154' title='bbox 1708 2397 1787 2425; x_wconf 90' lang='lat' dir='ltr'>ne-</span> 
     </span>
     <span class='ocr_line' id='line_1_25' title="bbox 146 2454 1787 2508; baseline 0.001 -12"><span class='ocrx_word' id='word_1_155' title='bbox 146 2456 354 2497; x_wconf 86' lang='lat' dir='ltr'>cessaria</span> <span class='ocrx_word' id='word_1_156' title='bbox 376 2456 554 2506; x_wconf 88' lang='lat' dir='ltr'>obtulit,</span> <span class='ocrx_word' id='word_1_157' title='bbox 579 2456 617 2495; x_wconf 94' lang='lat' dir='ltr'>si</span> <span class='ocrx_word' id='word_1_158' title='bbox 638 2455 733 2495; x_wconf 91' lang='lat' dir='ltr'>bini</span> <span class='ocrx_word' id='word_1_159' title='bbox 759 2454 1031 2506; x_wconf 89' lang='lat' dir='ltr'>Societatis,</span> <span class='ocrx_word' id='word_1_160' title='bbox 1056 2455 1369 2495; x_wconf 89' lang='lat' dir='ltr'>instituendae</span> <span class='ocrx_word' id='word_1_161' title='bbox 1394 2454 1652 2506; x_wconf 89' lang='lat' dir='ltr'>juuentutis</span> <span class='ocrx_word' id='word_1_162' title='bbox 1677 2467 1787 2508; x_wconf 84' lang='lat' dir='ltr'>gra-</span> 
     </span>
     <span class='ocr_line' id='line_1_26' title="bbox 148 2526 1784 2580; baseline 0 -12"><span class='ocrx_word' id='word_1_163' title='bbox 148 2529 229 2578; x_wconf 85' lang='lat' dir='ltr'>tia,</span> <span class='ocrx_word' id='word_1_164' title='bbox 255 2538 455 2580; x_wconf 90' lang='lat' dir='ltr'>quorum</span> <span class='ocrx_word' id='word_1_165' title='bbox 476 2528 593 2567; x_wconf 87' lang='lat' dir='ltr'>alter</span> <span class='ocrx_word' id='word_1_166' title='bbox 613 2527 747 2567; x_wconf 87' lang='lat' dir='ltr'>verbi</span> <span class='ocrx_word' id='word_1_167' title='bbox 768 2526 913 2567; x_wconf 90' lang='lat' dir='ltr'>diuini</span> <span class='ocrx_word' id='word_1_168' title='bbox 935 2526 1193 2567; x_wconf 90' lang='lat' dir='ltr'>ministerio</span> <span class='ocrx_word' id='word_1_169' title='bbox 1215 2526 1508 2578; x_wconf 84' lang='lat' dir='ltr'>fungeretur,</span> <span class='ocrx_word' id='word_1_170' title='bbox 1531 2538 1586 2567; x_wconf 92' lang='lat' dir='ltr'>eo</span> <span class='ocrx_word' id='word_1_171' title='bbox 1608 2539 1658 2567; x_wconf 91' lang='lat' dir='ltr'>se</span> <span class='ocrx_word' id='word_1_172' title='bbox 1679 2539 1784 2568; x_wconf 86' lang='lat' dir='ltr'>con-</span> 
     </span>
     <span class='ocr_line' id='line_1_27' title="bbox 145 2597 1784 2649; baseline 0 -10"><span class='ocrx_word' id='word_1_173' title='bbox 145 2600 336 2640; x_wconf 83' lang='lat' dir='ltr'>ferrent.</span> <span class='ocrx_word' id='word_1_174' title='bbox 356 2598 459 2649; x_wconf 86' lang='lat' dir='ltr'>Quo</span> <span class='ocrx_word' id='word_1_175' title='bbox 476 2598 532 2638; x_wconf 89' lang='lat' dir='ltr'>de</span> <span class='ocrx_word' id='word_1_176' title='bbox 549 2598 736 2649; x_wconf 84' lang='lat' dir='ltr'>negotio</span> <span class='ocrx_word' id='word_1_177' title='bbox 754 2597 902 2638; x_wconf 88' lang='lat' dir='ltr'>fusius</span> <span class='ocrx_word' id='word_1_178' title='bbox 918 2598 1070 2649; x_wconf 91' lang='lat' dir='ltr'>prima</span> <span class='ocrx_word' id='word_1_179' title='bbox 1088 2598 1287 2649; x_wconf 88' lang='lat' dir='ltr'>epistola</span> <span class='ocrx_word' id='word_1_180' title='bbox 1306 2597 1430 2649; x_wconf 88' lang='lat' dir='ltr'>apud</span> <span class='ocrx_word' id='word_1_181' title='bbox 1451 2597 1784 2639; x_wconf 86' lang='lat' dir='ltr'>Reuerentiam</span> 
     </span>
     <span class='ocr_line' id='line_1_28' title="bbox 143 2669 390 2721; baseline -0.008 -10"><span class='ocrx_word' id='word_1_182' title='bbox 143 2678 274 2711; x_wconf 90' lang='lat' dir='ltr'>tuam</span> <span class='ocrx_word' id='word_1_183' title='bbox 301 2669 390 2721; x_wconf 85' lang='lat' dir='ltr'>egi.</span> 
     </span>
    </p>

    <p class='ocr_par' dir='ltr' id='par_1_11' title="bbox 223 2739 1785 2793">
     <span class='ocr_line' id='line_1_29' title="bbox 223 2739 1785 2793; baseline 0 -11"><span class='ocrx_word' id='word_1_184' title='bbox 223 2740 470 2792; x_wconf 80' lang='lat' dir='ltr'>Vigesimo</span> <span class='ocrx_word' id='word_1_185' title='bbox 492 2740 654 2792; x_wconf 89' lang='lat' dir='ltr'>quinto</span> <span class='ocrx_word' id='word_1_186' title='bbox 676 2740 788 2781; x_wconf 90' lang='lat' dir='ltr'>Maii</span> <span class='ocrx_word' id='word_1_187' title='bbox 809 2740 1093 2792; x_wconf 88' lang='lat' dir='ltr'>Euscopiam</span> <span class='ocrx_word' id='word_1_188' title='bbox 1109 2739 1124 2759; x_wconf 80' lang='lat'>³</span> <span class='ocrx_word' id='word_1_189' title='bbox 1141 2740 1201 2781; x_wconf 89' lang='lat' dir='ltr'>ad</span> <span class='ocrx_word' id='word_1_190' title='bbox 1219 2747 1427 2781; x_wconf 87' lang='lat' dir='ltr'>castrum</span> <span class='ocrx_word' id='word_1_191' title='bbox 1444 2740 1668 2792; x_wconf 84' lang='lat' dir='ltr'>Episcopi</span> <span class='ocrx_word' id='word_1_192' title='bbox 1684 2753 1785 2793; x_wconf 87' lang='lat' dir='ltr'>per-</span> 
     </span>
    </p>
   </div>
   <div class='ocr_carea' id='block_1_6' title="bbox 199 2876 1696 3007">
    <p class='ocr_par' dir='ltr' id='par_1_12' title="bbox 199 2876 1696 3007">
     <span class='ocr_line' id='line_1_30' title="bbox 199 2876 1157 2911; baseline 0 -7"><span class='ocrx_word' id='word_1_193' title='bbox 199 2877 210 2896; x_wconf 90' lang='lat'>¹</span> <span class='ocrx_word' id='word_1_194' title='bbox 249 2876 499 2911; x_wconf 86' lang='lat' dir='ltr'>Autographae</span> <span class='ocrx_word' id='word_1_195' title='bbox 515 2876 728 2911; x_wconf 85' lang='lat' dir='ltr'>quadruplici</span> <span class='ocrx_word' id='word_1_196' title='bbox 742 2877 776 2904; x_wconf 89' lang='lat' dir='ltr'>in</span> <span class='ocrx_word' id='word_1_197' title='bbox 792 2877 882 2909; x_wconf 76' lang='lat' dir='ltr'>folio,</span> <span class='ocrx_word' id='word_1_198' title='bbox 898 2884 954 2903; x_wconf 88' lang='lat' dir='ltr'>nn.</span> <span class='ocrx_word' id='word_1_199' title='bbox 973 2876 1027 2904; x_wconf 82' lang='lat'>333</span> <span class='ocrx_word' id='word_1_200' title='bbox 1046 2880 1079 2904; x_wconf 88' lang='lat' dir='ltr'>et</span> <span class='ocrx_word' id='word_1_201' title='bbox 1094 2877 1157 2905; x_wconf 81' lang='lat'><strong>336.</strong></span> 
     </span>
     <span class='ocr_line' id='line_1_31' title="bbox 199 2923 626 2952; baseline 0 -1"><span class='ocrx_word' id='word_1_202' title='bbox 199 2923 214 2943; x_wconf 81' lang='lat'><strong>²</strong></span> <span class='ocrx_word' id='word_1_203' title='bbox 252 2923 459 2952; x_wconf 86' lang='lat' dir='ltr'>Gulielmum</span> <span class='ocrx_word' id='word_1_204' title='bbox 474 2924 517 2951; x_wconf 90' lang='lat' dir='ltr'>du</span> <span class='ocrx_word' id='word_1_205' title='bbox 532 2923 626 2952; x_wconf 84' lang='lat' dir='ltr'>Prat.</span> 
     </span>
     <span class='ocr_line' id='line_1_32' title="bbox 208 2969 1696 3007; baseline 0.002 -10"><span class='ocrx_word' id='word_1_206' title='bbox 208 2969 220 2987; x_wconf 81' lang='lat'>⁵</span> <span class='ocrx_word' id='word_1_207' title='bbox 253 2970 319 3004; x_wconf 78' lang='lat' dir='ltr'>Sic;</span> <span class='ocrx_word' id='word_1_208' title='bbox 335 2970 590 3004; x_wconf 72' lang='lat' dir='ltr'>Beauregard?</span> <span class='ocrx_word' id='word_1_209' title='bbox 607 2970 658 2998; x_wconf 78' lang='lat' dir='ltr'>lta</span> <span class='ocrx_word' id='word_1_210' title='bbox 673 2972 843 3000; x_wconf 83' lang='lat' dir='ltr'>intellexit</span> <span class='ocrx_word' id='word_1_211' title='bbox 861 2971 1036 2999; x_wconf 75' lang='lat' dir='ltr'>PoLANcus</span> <span class='ocrx_word' id='word_1_212' title='bbox 1051 2976 1083 2999; x_wconf 85' lang='lat' dir='ltr'>et</span> <span class='ocrx_word' id='word_1_213' title='bbox 1098 2972 1130 2999; x_wconf 90' lang='lat' dir='ltr'>in</span> <span class='ocrx_word' id='word_1_214' title='bbox 1148 2972 1338 3000; x_wconf 74' lang='lat' dir='ltr'>chronicon</span> <span class='ocrx_word' id='word_1_215' title='bbox 1357 2980 1451 3000; x_wconf 82' lang='lat' dir='ltr'>suum</span> <span class='ocrx_word' id='word_1_216' title='bbox 1469 2973 1696 3007; x_wconf 72' lang='lat' dir='ltr'>transcripsit.</span> 
     </span>
    </p>
   </div>
  </div>
 </body>
</html>
