2028 3328
218 188 289 225 070
744 188 967 226 LITTERAE
984 198 1341 232 QUADmMEsrREs

857 672 1227 727 ODXXXIII

292 939 484 985 Joannes
504 939 724 975 Antonius
746 938 996 985 Viperanus

340 1004 463 1040 Patri
480 1003 651 1051 Ignatio
671 1003 724 1040 de
744 1003 931 1050 Loyola.

385 1069 570 1106 Perusio
583 1097 591 1111 ‚
610 1068 633 1106 8
649 1068 852 1106 Octobris
881 1068 973 1105 1555
997 1068 1019 1103 ¹.

992 1222 1090 1300 Iffis

299 1420 397 1460 Pax
419 1419 493 1460 X.i

302 1491 444 1531 Molto
465 1491 568 1531 R.d0
585 1491 631 1531 in
653 1490 735 1531 X.0
755 1490 921 1531 Padre.

299 1562 424 1602 Tutti
445 1563 524 1602 noi
545 1564 623 1613 qul
644 1568 795 1602 stamo
817 1562 949 1613 bene,
973 1575 996 1602 e
1017 1563 1049 1602 li
1070 1562 1209 1603 Padri
1241 1574 1264 1602 e
1291 1562 1466 1603 fratelli
1496 1563 1715 1615 occupati
1747 1565 1856 1605 nelli

217 1634 358 1675 studii
380 1646 404 1674 e
424 1633 655 1674 esseroitii
677 1633 888 1673 consueti
908 1645 1174 1685 procurano
1197 1645 1326 1674 esser
1347 1634 1448 1674 utili
1471 1646 1497 1674 a
1513 1646 1564 1674 se
1582 1646 1606 1674 e
1624 1636 1699 1674 all'
1727 1635 1850 1685 altri,

220 1718 246 1745 a
269 1706 419 1745 honor
441 1705 484 1745 d‘
508 1704 652 1745 Iddio.
677 1705 735 1745 Et
756 1716 839 1756 per
859 1705 1195 1745 incominciare
1217 1705 1263 1745 di
1286 1717 1395 1765 qua„
1415 1706 1622 1757 quelche
1644 1706 1679 1746 s’
1696 1709 1720 1746 e
1737 1705 1855 1747 fatto

218 1787 301 1827 per
320 1777 363 1815 la
384 1776 540 1827 gratia
561 1775 604 1814 d’
628 1775 756 1815 Iddio
774 1775 924 1827 questi
940 1781 1126 1827 quattro
1144 1776 1260 1816 mesi
1275 1776 1469 1827 passati,
1489 1778 1631 1816 molte
1650 1777 1848 1828 uergini,

218 1847 572 1888 confessandosi
595 1847 672 1887 alli
692 1846 841 1887 nostri
863 1846 1017 1896 Padri,
1042 1847 1200 1887 hanno
1222 1853 1445 1899 proposto
1468 1847 1510 1886 d’
1531 1853 1719 1888 entrare
1735 1849 1856 1888 nelle

219 1919 449 1970 religioni,
475 1918 756 1970 seguitando
778 1919 791 1958 i
814 1918 1026 1968 eonsegli
1047 1918 1093 1958 di
1115 1918 1318 1959 Christo.
1343 1919 1400 1959 Et
1422 1919 1634 1970 parechii
1662 1919 1855 1970 gioueni

218 1991 367 2030 anche
388 1990 608 2040 uogliono
631 1989 758 2030 darsi
781 1989 841 2030 ad
871 1990 1040 2029 alcuna
1063 1990 1305 2041 religione,
1342 1989 1450 2030 delli
1480 1990 1607 2042 quali
1638 2002 1855 2042 speramo

218 2062 290 2101 ch’
315 2073 406 2101 uno
429 2067 585 2112 presto
609 2061 648 2101 si
669 2061 786 2101 dara
807 2062 897 2100 alla
920 2066 1083 2101 nostra
1106 2061 1415 2112 Compagnia.
1440 2061 1474 2101 Il
1495 2062 1632 2113 quale
1654 2061 1714 2102 ha
1731 2063 1855 2102 forse

218 2133 329 2172 anni
354 2132 414 2182 18,
438 2138 481 2172 et
504 2136 528 2172 'e
549 2133 605 2172 de
626 2133 780 2172 buona
803 2132 1127 2182 espettatione.
1151 2132 1210 2172 Et
1231 2133 1386 2184 questi
1406 2133 1562 2183 giorni
1592 2133 1773 2184 passati
1793 2144 1856 2173 un

220 2210 362 2253 certo,
387 2205 537 2244 uscito
560 2204 683 2243 dalla
706 2215 790 2244 sua
811 2204 1053 2255 religione,
1076 2203 1277 2244 facendo
1300 2204 1364 2254 gli
1386 2204 1630 2255 essercitii,
1652 2215 1855 2256 propose

219 2276 317 2314 fare
338 2275 535 2326 meglior
556 2275 667 2325 uita,
697 2286 721 2314 e
747 2286 841 2315 non
869 2273 1101 2314 essendoli
1128 2274 1267 2314 lecito
1297 2280 1485 2314 entrare
1512 2275 1634 2314 nella
1662 2275 1854 2326 propria

220 2357 303 2385 sua
324 2346 564 2396 religione,
589 2357 672 2397 per
692 2346 932 2396 conseglio
954 2345 1027 2385 del
1048 2344 1097 2385 P.
1121 2344 1257 2385 Mtro.
1283 2345 1525 2385 Euerardo
1546 2348 1679 2385 entro
1705 2346 1753 2386 in
1773 2347 1850 2386 un’

220 2417 355 2456 altra.
378 2416 438 2456 Di
460 2417 538 2467 piu
559 2428 651 2456 uno
675 2417 750 2456 chi
771 2420 795 2456 e
830 2422 953 2456 stato
975 2416 1107 2456 molti
1128 2417 1239 2456 anni
1261 2416 1456 2457 Vicario
1478 2417 1525 2457 in
1548 2422 1711 2468 questa
1741 2417 1854 2457 citta

218 2492 262 2526 et
284 2487 330 2526 in
351 2488 483 2538 altre,
508 2487 647 2527 homo
670 2488 822 2527 nobile
843 2499 867 2527 e
890 2487 1034 2537 dotto,
1059 2487 1104 2527 di
1124 2486 1306 2538 grande
1333 2488 1589 2538 authorita,
1614 2499 1697 2539 per
1719 2500 1852 2528 mezo

219 2558 321 2597 dell'
342 2558 569 2598 essercitii
590 2559 630 2598 si
652 2559 775 2599 dette
797 2559 887 2598 alla
909 2564 1072 2598 nostra
1095 2558 1390 2609 Compagnia
1408 2591 1415 2609 ‚
1441 2570 1465 2599 e
1485 2564 1643 2610 presto
1666 2559 1713 2599 di
1744 2570 1852 2610 qua,

217 2640 347 2668 come
369 2629 601 2680 eredemo,
626 2630 664 2669 si
685 2630 865 2681 partira
886 2640 968 2680 per
989 2641 1134 2669 uener
1155 2631 1288 2670 costi.
1312 2629 1442 2669 Iddio
1464 2629 1522 2669 sii
1544 2629 1696 2681 quello
1714 2629 1791 2670 chi
1809 2631 1852 2669 lo

220 2699 382 2749 agiuti.

298 2768 429 2809 Molti
451 2781 667 2821 uengono
685 2771 762 2810 alli
779 2772 926 2811 nostri
942 2782 1026 2822 per
1041 2771 1212 2822 pigliar
1231 2771 1455 2822 consegli,
1475 2771 1553 2812 alli
1573 2771 1698 2823 quali
1714 2782 1856 2823 gran-

219 2838 432 2879 demente
454 2841 492 2880 si
513 2840 683 2891 fidan03
708 2849 751 2882 et
774 2842 929 2882 alcuni
950 2843 1043 2882 han
1064 2841 1173 2882 dato
1195 2853 1259 2892 se,
1284 2847 1329 2882 et
1350 2842 1394 2881 la
1415 2853 1526 2882 casa
1549 2854 1651 2894 sua,
1676 2855 1700 2882 e
1720 2843 1852 2893 roba,

273 2997 283 3017 ¹
322 2998 570 3032 Autographae
588 3000 618 3026 in
634 3000 759 3034 duplici
776 3001 867 3034 folio,
883 3010 914 3028 n.
931 3002 976 3029 71.
