2028 3328
864 139 947 176 AN.
980 139 1070 199 1555
1709 134 1781 174 507

226 235 296 276 De
319 238 493 288 insigni
515 238 591 277 illa
614 244 657 278 et
678 239 815 289 plane
834 236 1020 276 heroica
1038 237 1224 288 pietate,
1246 248 1387 287 quam
1404 246 1517 286 erga
1536 247 1620 275 nos
1638 248 1776 286 opt-re

147 315 191 348 et
226 309 424 349 ueritate
460 307 685 349 Sereniss.
723 308 824 349 Rex
859 307 1179 348 Romanorum
1210 307 1432 357 declarat,
1462 307 1576 346 nihil
1612 307 1775 347 attinet

147 380 242 419 iam
264 380 434 430 dicere,
459 392 600 432 quum
621 392 676 420 ea
696 380 789 420 iam
810 380 899 431 ipsi
921 379 1023 419 orbi
1054 378 1330 428 innotuerit,
1355 378 1525 418 nedum
1554 384 1661 418 tuae
1691 379 1772 418 Pa-

145 451 381 496 ternitati,
413 451 486 490 cui
516 452 614 502 ipse
649 451 742 491 iam
767 451 953 502 saepius
987 450 1133 489 literis
1160 450 1256 489 suis
1290 450 1420 489 uarie
1447 450 1609 500 pandit
1640 461 1775 489 suum

145 527 394 572 paternum
423 522 469 562 in
491 534 576 562 nos
603 534 810 562 amorem
841 528 885 561 et
915 533 1056 573 quam
1087 520 1142 560 de
1173 527 1269 560 tota
1300 519 1533 561 Societate
1564 521 1775 571 concepit

146 594 370 643 optimam
397 593 676 644 opinionem,
696 594 742 634 id
759 593 881 644 quod
896 599 940 633 et
963 593 1230 644 nuperrime
1253 593 1421 632 iterum
1438 592 1777 631 demonstrauit

145 664 332 714 quando
354 664 526 704 fratres
554 678 579 705 a
607 671 685 705 tua
712 664 999 705 Paternitate
1027 664 1162 704 enixe
1196 664 1472 716 postulauit,
1503 670 1550 702 ut
1577 663 1625 703 in
1652 675 1775 703 nouo

146 734 354 786 Collegio
392 736 516 787 apud
547 736 764 787 Pragam,
796 736 961 776 vrbem
995 736 1364 785 celeberrimam,
1402 742 1446 775 et
1468 735 1611 775 totius
1642 735 1775 785 regni

144 804 397 846 Bohemiae
410 807 720 859 Metropolim,
739 807 881 847 fixam
897 807 1124 847 haberent
1141 807 1447 856 mansionem,
1464 807 1541 846 ubi
1554 817 1677 846 nunc
1695 817 1775 845 eos

142 879 480 929 praestolatur,
514 879 740 930 sedesque
766 885 1021 930 praeparat
1049 878 1106 918 D.
1138 877 1356 919 Canisius
1389 876 1596 918 subsidio
1625 877 1775 917 fretu-s

143 948 351 988 eiusdem
373 949 651 1000 pientissimi
678 949 821 1001 Regis
849 961 904 990 ac
931 949 1239 999 Ferdinandi,
1270 949 1464 989 iunioris
1490 948 1773 988 Archiducis

142 1018 365 1060 Austriae
386 1023 411 1071 ¹,
435 1028 661 1072 paternae
682 1021 869 1062 virtutis
891 1021 1070 1062 strenui
1103 1020 1428 1071 aemulatoris,
1460 1031 1658 1071 quorum
1687 1019 1776 1071 piis

143 1091 390 1132 conatibus
412 1092 602 1132 minime
619 1093 711 1133 illic
727 1093 895 1133 desunt
911 1093 1074 1144 inclyti
1096 1092 1286 1144 quidam
1308 1092 1569 1132 catholicae
1591 1091 1774 1142 religio-

142 1161 214 1201 nis
235 1163 478 1214 zelatores,
504 1164 580 1215 qui
598 1170 821 1216 tanquam
837 1164 1087 1205 luminaria
1102 1163 1396 1215 praefulgida
1414 1163 1459 1203 in
1477 1163 1681 1203 tenebris
1698 1174 1775 1202 ua-

141 1233 318 1273 riarum
335 1235 596 1275 haereseon
612 1235 749 1286 inque
767 1235 918 1276 medio
934 1235 1137 1275 nationis
1154 1246 1331 1286 prauae
1344 1246 1399 1274 ac
1415 1245 1667 1286 peruersae
1685 1235 1774 1274 col-

139 1304 297 1344 lucent
316 1304 344 1342 ².

220 1375 349 1416 Haec
371 1384 493 1426 sunt,
518 1376 617 1417 Rde
640 1378 799 1426 Pater,
829 1378 885 1418 de
912 1378 1078 1429 quibus
1107 1379 1152 1418 in
1175 1378 1551 1429 praesentiarum
1576 1378 1771 1428 perscri-

140 1446 250 1486 bere
284 1447 438 1488 visum
464 1455 549 1489 est.
578 1448 913 1489 Paternitatem
940 1455 1070 1489 tuam
1097 1461 1155 1489 ex
1185 1449 1360 1489 intimis
1387 1449 1531 1488 animi
1559 1449 1772 1488 medullis

141 1517 457 1569 obsecramus,
480 1526 528 1559 ut
549 1520 815 1560 interuentu
836 1518 1185 1560 Sacrificiorum
1212 1527 1255 1561 et
1284 1520 1549 1560 orationum
1579 1531 1771 1560 suarum

139 1587 327 1630 diuinae
359 1590 710 1630 misericordiae
744 1602 830 1631 nos
864 1592 1183 1642 commendet,
1226 1603 1315 1643 quo
1350 1591 1660 1631 ministerium
1694 1603 1770 1631 no-

140 1666 303 1709 strum,
328 1661 459 1701 cuius
479 1661 750 1713 perficiendi
771 1674 915 1702 causa
935 1663 982 1702 in
1012 1663 1135 1703 hanc
1162 1663 1406 1715 regionem
1435 1674 1520 1703 nos
1550 1662 1770 1703 amanda-

138 1731 221 1781 uit‚
254 1731 448 1772 fideliter
475 1733 741 1785 utiliterque
768 1745 1057 1785 exequam-ur
1081 1734 1140 1774 ad
1166 1735 1351 1774 laudem
1381 1740 1425 1774 et
1451 1733 1653 1785 gloriam
1679 1733 1770 1774 Do-

137 1803 251 1842 mini
270 1804 418 1843 nostri
438 1803 549 1856 Jesu
566 1803 755 1855 Christi,
774 1805 853 1856 qui
869 1810 939 1845 est
953 1804 1225 1846 benedictus
1239 1805 1287 1845 in
1303 1806 1507 1845 saecula.
1531 1805 1699 1845 Amen.

218 1873 431 1914 Viennae
470 1873 718 1926 Austriae,
760 1888 789 1915 v
829 1876 1008 1916 calend.
1051 1876 1368 1927 Septembris,
1419 1888 1543 1916 anno
1581 1876 1772 1916 Domini

137 1944 334 1985 MDLV.

217 2016 268 2056 T.
295 2016 346 2056 R.
372 2017 420 2057 P.
445 2029 610 2058 seruus
633 2030 687 2058 ac
709 2018 829 2059 filius
852 2019 897 2059 in
919 2018 1107 2060 Christo
1130 2018 1332 2059 Domino
1354 2026 1534 2069 nostro,

1099 2161 1335 2201 NicorAus
1366 2160 1604 2201 LAnovus.

178 2480 182 2487 Ι
217 2427 278 2466 Iu
319 2431 488 2466 octava
520 2427 710 2478 pagina
750 2427 1175 2479 superscriptionis
1209 2427 1310 2467 loco
1351 2427 1461 2466 llaec
1500 2427 1738 2478 leguntur
1754 2439 1769 2466 .·

138 2494 250 2555 It'ls.
275 2516 411 2555 Lrae.
437 2515 633 2566 Collegii
651 2516 694 2556 V
698 2516 880 2556 iennen.

213 2585 327 2626 Alsa
349 2598 518 2626 manu:
540 2587 676 2627 Vien.
702 2586 875 2638 Quadr.
901 2587 960 2628 V.
983 2587 1108 2639 Sept.
1137 2589 1250 2628 1555.

214 2657 278 2697 Et
299 2656 396 2697 alia
418 2669 562 2697 manu
584 2657 697 2698 haec
724 2658 996 2698 semideleta
1027 2659 1157 2698 haud
1178 2659 1329 2709 facile
1350 2660 1602 2711 leguntur:
1632 2660 1675 2701 A
1706 2662 1769 2702 mi

135 2727 304 2768 amado
327 2728 372 2767 in
393 2728 464 2781 Jo.
487 2728 674 2769 Franco
690 2729 745 2769 de
767 2728 894 2779 Soto,
918 2729 1142 2781 Capellan
1163 2730 1219 2770 de
1241 2742 1295 2770 su
1317 2732 1421 2771 alt.a
1449 2763 1456 2781 ,
1480 2731 1642 2772 dolens
1665 2731 1693 2769 ⁵.

191 2865 197 2881 ¹
239 2864 476 2893 Ferdinandus
492 2865 534 2899 II,
550 2865 760 2893 Ferdinandi
772 2865 797 2897 I.
814 2865 1043 2893 Romanorum
1056 2865 1170 2900 Regis,
1186 2866 1257 2894 filii.

188 2914 201 2930 '-'
240 2912 290 2939 Cf.
307 2912 588 2946 BRAuxsssERGssR,
603 2914 624 2941 1.
640 2921 677 2947 6.,
692 2921 770 2948 pag.
786 2913 830 2947 49,
843 2918 957 2942 annot.
971 2914 1000 2941 5.

190 2960 204 2978 5*
243 2959 306 2987 Est
322 2965 355 2988 et
369 2961 459 2988 aliud
475 2962 630 2991 verbum.
645 2961 703 2988 sed
720 2961 768 2989 ita
783 2961 910 2996 raptim
925 2966 959 2989 et
973 2962 1172 2996 imperfecte
1188 2968 1369 2991 exaratum
1384 2969 1420 2992 ut
1433 2965 1500 2999 legi
1514 2973 1579 2992 non
1594 2967 1714 2999 possit.
