2028 3328
821 119 904 153 AN.
937 116 1027 153 1555
1667 116 1737 154 439

103 216 200 266 ipse
219 217 550 266 praecepisset.
570 214 798 256 Existimo
815 215 907 254 iam
923 202 1111 253 Patrem
1129 214 1348 253 maritum
1367 215 1480 264 eius,
1500 215 1598 254 iure
1622 215 1734 266 opti-

103 299 179 327 mo
219 287 264 327 in
300 299 403 327 eam
437 298 735 337 succensum,
770 286 1032 336 mitigasse,
1071 293 1114 324 et
1142 285 1450 336 proculdubio
1493 293 1600 325 ante
1640 286 1738 325 dies

104 359 275 398 multos
294 359 629 399 dexterrimum
645 357 782 397 finem
803 356 893 396 hoc
911 357 1152 407 negotium
1176 356 1378 406 habebit,
1404 355 1506 395 Deo
1536 357 1734 395 uolentev

186 429 319 469 Alius
342 441 524 481 quoque
546 429 684 469 homo
705 429 857 468 fuerat
888 439 914 467 a
936 427 1151 478 coniugis
1187 439 1299 466 suae
1331 427 1638 466 contubernio
1672 439 1736 465 se-

105 510 299 550 paratus
321 501 487 550 uiginti
508 506 709 552 quatuor
738 510 900 548 annos,
930 497 1053 538 vnde
1075 498 1255 547 mulier,
1287 498 1585 537 occasionem
1621 497 1739 536 acci-

106 571 254 620 piens,
280 571 415 610 alteri
432 571 609 611 homini
625 570 870 610 inhonesto
889 569 1044 608 animo
1063 568 1359 608 adhaeserat:
1379 580 1484 608 cum
1503 568 1738 608 hominem

106 641 230 680 hunc
253 642 442 692 quidam
469 641 787 681 confessarius
818 653 842 680 e
863 640 1038 680 nostris
1070 640 1252 680 audiret
1280 639 1592 689 confitentem,
1623 646 1672 678 ut
1694 638 1739 678 in

108 713 353 763 pristinam
384 714 639 753 amicitiam
666 724 772 752 cum
804 723 888 751 sua
920 711 1120 762 coniuge
1150 711 1325 750 rediret
1352 722 1459 750 eum
1481 709 1737 760 admonuit,

107 784 199 834 qui,
226 790 273 823 ut
296 785 468 823 coniux
490 796 573 824 sua
597 784 656 824 ad
683 795 732 823 se
761 783 917 823 animo
939 794 1106 822 securo
1131 782 1319 832 rediret,
1344 781 1578 833 pollicitus
1600 787 1670 821 est
1692 792 1741 820 se

106 866 429 907 quaecumque
452 855 590 895 Pater
612 855 806 895 dixisset
828 859 1151 894 executurum:
1169 853 1325 893 multis
1342 864 1455 904 ergo
1472 852 1623 892 modis
1645 858 1739 892 ten-

106 932 255 965 tatum
277 932 345 965 est
366 932 414 966 ut
435 927 601 966 mulier
624 925 682 966 ad
704 926 923 966 maritum
944 925 1137 975 rediret3
1159 924 1255 974 sed,
1280 924 1473 964 nimium
1495 924 1550 964 de
1568 935 1653 963 sua
1672 935 1740 963 sa-

107 998 199 1037 lute
235 1004 467 1048 suspecta,
501 997 751 1037 uerebatur
778 996 824 1036 id
845 995 1040 1046 efficere,
1073 994 1154 1035 sed
1183 995 1341 1035 statim
1364 1002 1412 1035 ut
1434 995 1565 1034 nouit
1588 995 1742 1034 uirum

106 1080 242 1108 suum
277 1068 462 1108 cuidam
499 1068 733 1108 sacerdoti
763 1073 953 1107 nostrae
985 1065 1235 1107 Societatis
1269 1066 1413 1106 fuisse
1455 1065 1740 1116 confessum,

107 1141 305 1180 multum
332 1140 419 1179 hoc
444 1151 535 1179 uno
567 1138 759 1189 confisa,
793 1150 842 1178 se
872 1139 919 1178 in
948 1138 1103 1178 mariti
1133 1138 1320 1178 domum
1352 1138 1451 1177 sola
1484 1137 1674 1188 recepit,
1700 1143 1742 1177 et

108 1210 167 1251 ad
202 1211 343 1262 pedes
373 1212 471 1250 eius
503 1211 700 1261 abiecit,
733 1210 977 1261 postulans
1006 1209 1198 1249 conscia
1240 1209 1312 1249 sui
1343 1209 1568 1255 criminis,
1602 1208 1742 1260 quod-

109 1294 307 1334 cumque
343 1283 496 1330 uellet,
533 1282 588 1322 de
617 1294 666 1322 se
695 1281 975 1333 supplicium
1005 1281 1256 1331 acciperet,
1290 1280 1372 1320 sed
1396 1280 1482 1329 uir,
1517 1280 1743 1320 ardentis-

109 1354 227 1394 simo
250 1354 385 1393 simul
408 1365 462 1393 ac
484 1355 680 1394 honesto
703 1354 802 1394 eius
823 1364 984 1393 amore
1006 1360 1187 1404 captus,
1212 1353 1423 1392 criminis
1440 1352 1539 1392 eius
1557 1352 1741 1399 oblitus,

110 1435 284 1475 magna
307 1425 552 1464 alacritate
581 1424 723 1464 animi
751 1436 855 1464 eam
872 1424 1084 1475 excepit,
1110 1435 1216 1463 cum
1245 1435 1337 1475 qua
1358 1423 1661 1475 tranquillam
1681 1423 1743 1462 ui-

112 1501 209 1535 tam
230 1495 342 1546 agit,
377 1502 420 1535 et
442 1496 488 1535 in
510 1496 674 1535 eadem
695 1495 1033 1547 tranquillitate
1060 1501 1447 1545 perseueraturos
1478 1494 1615 1534 ambo
1638 1505 1743 1534 con-

111 1565 309 1607 fidimus.

191 1637 326 1678 Alius
348 1638 489 1677 homo
527 1638 769 1678 mulierem
795 1638 1048 1690 quamdam
1078 1650 1102 1678 e
1138 1638 1277 1679 domo
1313 1638 1385 1678 sui
1420 1637 1568 1689 patris
1604 1636 1744 1676 abdu-

109 1715 260 1759 xerat,
299 1721 494 1761 eamque
522 1710 752 1749 detulerat
782 1710 829 1750 in
859 1710 980 1749 hanc
1001 1709 1256 1759 ciuitatem,
1280 1721 1387 1749 curn
1414 1720 1520 1760 qua,
1553 1707 1745 1760 perinde

109 1786 249 1831 atque
282 1780 321 1820 si
349 1781 545 1820 maritus
567 1780 665 1820 eius
687 1788 825 1829 esset,
848 1793 941 1820 una
962 1781 1009 1821 in
1030 1780 1167 1821 domo
1189 1780 1448 1820 habitabat:
1477 1780 1746 1831 compulsus

108 1858 179 1891 est
206 1851 280 1891 hic
310 1852 448 1892 homo
476 1852 694 1903 precibus
723 1852 966 1892 cuiusdam
993 1852 1152 1903 amici,
1187 1859 1237 1892 ut
1267 1852 1313 1892 in
1350 1858 1563 1891 nostrum
1598 1850 1745 1891 Colle-

108 1923 239 1973 gium
270 1924 465 1972 ueniret,
499 1924 656 1975 ibique
687 1924 874 1964 cuidam
907 1935 932 1963 e
965 1924 1141 1964 nostris
1174 1923 1392 1963 Patribus
1427 1922 1743 1963 confiteretur:

110 1994 378 2035 admonitus
401 2003 470 2035 est
492 1996 537 2035 in
563 1995 871 2045 confessione,
896 2001 946 2035 ut
965 2002 1227 2047 peccatum,
1252 1995 1298 2034 in
1320 2006 1409 2046 quo
1433 1993 1746 2045 tranquillime

109 2066 394 2117 perstiterat,
420 2067 555 2117 quasi
589 2078 615 2105 a
647 2066 766 2106 facie
797 2066 992 2117 colubri,
1032 2065 1268 2117 Sapientis
1304 2065 1521 2115 consilio,
1544 2064 1744 2115 fugeret3

110 2149 260 2189 neque
291 2139 629 2189 supellectilem
664 2138 917 2190 quamdam
943 2149 1037 2178 non
1064 2138 1319 2187 modicam,
1352 2148 1493 2188 quam
1527 2136 1575 2176 in
1609 2136 1746 2176 domo

109 2208 232 2248 illius
253 2208 486 2249 foeminae
507 2209 726 2260 habebat,
749 2209 926 2249 ueritus
947 2216 1017 2249 est
1039 2209 1255 2249 amittere
1276 2220 1348 2257 ne,
1374 2208 1482 2247 dum
1505 2207 1628 2247 hanc
1656 2207 1745 2247 uel-

109 2280 172 2319 let
192 2291 490 2331 recuperare,
520 2279 608 2320 Dei
636 2280 969 2331 grauissimam
996 2280 1228 2320 iacturam
1250 2279 1402 2319 denuo
1429 2278 1620 2328 faceret;
1647 2276 1743 2327 sed,

108 2362 259 2402 neque
280 2351 368 2391 hoc
390 2357 653 2401 contentus,
680 2362 785 2391 eam
805 2351 1017 2391 adhibuit
1041 2362 1247 2402 operam,
1271 2356 1321 2389 ut
1341 2349 1584 2390 mulierem
1605 2349 1747 2389 etiam

109 2422 158 2461 in
179 2422 281 2462 loco
306 2423 510 2474 quodam
540 2423 736 2463 honesto
767 2423 1038 2473 collocaret,
1068 2429 1117 2462 ut
1139 2428 1182 2462 et
1203 2422 1306 2472 ipsa
1335 2433 1384 2461 se
1417 2427 1566 2460 totam
1587 2420 1746 2460 diuino

110 2493 304 2533 seruitio
326 2493 547 2544 traderet,
572 2494 697 2533 uelut
728 2499 772 2533 et
805 2493 904 2545 ipse
925 2493 1097 2543 facere,
1130 2493 1288 2533 diuina
1316 2492 1472 2543 gratia
1501 2490 1744 2540 adiutrice,

111 2571 437 2614 proposuerat.

190 2633 296 2674 Fuit
317 2642 361 2674 et
384 2635 502 2675 alius
526 2635 682 2686 homo,
707 2635 785 2687 qui
807 2634 917 2686 iugo
939 2636 1225 2676 matrimonii
1243 2635 1476 2676 ceruicem
1492 2645 1745 2686 supposue-

110 2711 199 2755 rat,
224 2706 301 2756 qui
323 2717 430 2746 cum
451 2706 603 2746 aliena
633 2706 827 2746 muliere
854 2705 1099 2746 inhoneste
1133 2707 1278 2746 multo
1306 2713 1517 2757 tempore
1543 2706 1743 2753 uixerat,

110 2777 234 2816 vnde
255 2777 420 2817 mulier
441 2778 539 2817 eius
561 2788 790 2828 germana
813 2777 947 2818 alteri
968 2777 1110 2818 etiam
1136 2778 1314 2818 homini
1334 2789 1384 2818 se
1416 2777 1671 2829 copulauit,
1697 2784 1745 2816 ut

109 2847 235 2887 idem
256 2853 466 2898 patraret
487 2849 654 2897 scelus,
680 2848 803 2900 quod
824 2853 868 2888 et
888 2848 1109 2888 maritum
1135 2860 1272 2889 suum
1292 2848 1520 2889 aduersus
1541 2860 1591 2889 se
1612 2848 1743 2889 fecis-

106 2929 162 2958 se
191 2919 578 2970 conquerebatur,
609 2930 715 2959 cum
735 2930 826 2970 quo
847 2919 1034 2959 homine
1055 2919 1102 2959 in
1134 2920 1274 2960 aliam
1303 2920 1544 2970 regionem
1564 2919 1743 2970 longin-
