2028 3328
186 168 256 206 486
700 168 926 206 LlTTERAE
953 178 1310 212 QUADmMEsrREs

187 266 259 306 fas
282 271 363 316 est,
395 265 518 317 quod
545 277 667 306 noua
689 271 852 317 postea
873 267 1124 306 multorum
1145 265 1383 304 hominum
1407 263 1466 302 ad
1482 267 1694 302 nostrum
1710 261 1819 301 tem·
1850 317 1855 319 -

189 337 317 388 plum
355 337 617 388 frequentia
653 344 971 387 concurreret,
1009 336 1085 388 qui
1116 335 1225 374 illud
1263 334 1391 374 adire
1428 344 1659 384 nusquam
1699 332 1822 372 soliti

190 407 391 448 fuerant.

272 479 401 519 Haec
414 479 600 531 quidem
613 491 800 531 magna,
816 480 893 519 illa
907 490 1019 518 uero
1038 477 1230 517 maiora.
1247 475 1361 516 Cum
1374 474 1426 515 40
1438 475 1659 514 horarum
1674 474 1822 514 oratio

193 562 278 602 pro
297 562 426 591 more
446 550 591 601 fieret,
614 551 812 591 orabant
832 550 924 589 iam
946 551 1042 589 fere
1064 549 1343 599 intempesta
1358 553 1496 586 nocte
1516 545 1743 595 homines,
1769 556 1823 584 ac

195 619 242 660 Ρ.
267 621 597 673 Hieronymus,
623 626 863 672 assumpto
886 631 1045 659 secum
1074 619 1217 666 socio,
1249 618 1408 658 diuino
1437 617 1499 667 (ut
1527 616 1719 656 credere
1741 627 1825 667 par

195 692 280 742 est)
299 692 482 732 afflatus
504 692 683 744 spiritu,
707 693 948 742 ingressus
972 690 1210 741 templum,
1236 694 1343 728 ante
1372 689 1519 728 altare
1542 687 1750 727 constitit
1772 697 1828 725 ac

196 762 274 803 diu
295 763 356 803 ibi
376 763 508 803 flexis
528 763 725 814 genibus
749 762 915 812 orauit,
940 768 983 801 et
1001 773 1110 801 mox
1129 760 1300 800 Christi
1317 758 1529 799 crucifixi
1546 758 1718 798 uexilla
1734 769 1826 797 ma-

197 834 332 874 nibus
351 835 582 883 attollens,
606 834 667 873 ita
692 833 925 873 orantium
948 832 1129 871 animos
1152 831 1308 871 multis
1329 830 1485 870 uerbis
1505 828 1827 877 inflammauit,

198 910 247 945 ut
268 917 327 945 ex
348 906 437 945 illis
459 905 660 956 quidam,
686 903 887 955 Spiritus
909 902 1069 943 Sancti
1101 914 1241 942 suasu
1273 914 1328 941 ac
1358 901 1407 942 P.
1431 900 1707 952 Hieronymi
1729 911 1827 939 ora-

199 977 323 1017 tione
344 977 556 1028 permoti,
581 982 689 1016 ante
710 975 798 1015 diei
820 981 972 1015 ortum
995 986 1197 1025 corpora
1218 986 1303 1013 sua
1325 973 1596 1013 uerberibus
1618 971 1834 1023 grauiter

200 1048 448 1087 caedentes
474 1059 556 1098 per
585 1048 779 1087 multum
811 1046 1035 1097 temporis
1064 1045 1267 1096 spatium
1288 1045 1335 1084 in
1356 1045 1527 1095 templo
1550 1049 1709 1082 nostro
1730 1053 1829 1093 per—

201 1119 417 1158 stiterint.
454 1118 557 1158 Non
593 1119 779 1158 interim
806 1117 1078 1168 lachrymas
1111 1128 1331 1156 recenseo
1364 1122 1407 1155 et
1438 1115 1671 1154 feruorem
1697 1125 1828 1153 oran-

201 1190 331 1241 tium3
355 1190 472 1230 haec
493 1190 615 1229 enim
638 1189 793 1229 omnia
816 1195 859 1228 et
881 1188 1066 1238 similia,
1100 1187 1321 1228 breuitati
1342 1187 1604 1236 consulens,
1629 1184 1833 1237 prudens

201 1261 538 1313 praetermitto.
562 1261 633 1301 De
656 1260 959 1300 concionibus
979 1259 1225 1300 hactenus.

282 1331 503 1384 Superest
525 1332 581 1372 de
602 1332 831 1383 spirituali
852 1331 1065 1382 profectu
1089 1342 1265 1381 eorum,
1290 1330 1367 1381 qui
1388 1335 1601 1369 nostrum
1622 1328 1832 1379 frequen-

201 1409 303 1444 tant
323 1404 561 1455 templum,
587 1388 727 1454 quam
748 1402 848 1442 fieri
869 1402 1016 1453 possit
1047 1402 1339 1451 breuissime,
1364 1400 1588 1441 dicamus.
1613 1399 1704 1440 Sed
1725 1410 1833 1450 quo-

202 1475 330 1515 niam
346 1475 470 1515 hunc
492 1486 584 1514 non
608 1481 704 1514 tam
721 1486 779 1514 ex
797 1473 985 1514 assidua
1005 1478 1411 1513 sacramentorum
1430 1477 1474 1511 et
1492 1471 1836 1511 confessionum

203 1546 574 1597 frequentatione
596 1545 747 1585 metiri
765 1545 982 1595 solemus,
1001 1556 1141 1596 quam
1158 1544 1368 1584 honestis
1389 1543 1679 1594 singulorum
1697 1541 1836 1581 actio-

203 1617 353 1665 nibus.
377 1616 552 1657 idcirco
574 1617 629 1657 de
651 1617 723 1656 his
746 1616 921 1668 aliquid
942 1615 1189 1656 dicendum
1212 1621 1294 1665 est,
1320 1627 1376 1655 ac
1403 1614 1631 1666 imprimis
1653 1613 1708 1653 de
1730 1624 1836 1653 con-

204 1689 492 1729 stantissima
525 1689 571 1728 in
599 1689 737 1728 rebus
766 1688 980 1728 aduersis
1010 1687 1251 1739 patientia,
1281 1692 1325 1726 et
1354 1686 1509 1726 animo
1544 1685 1760 1734 infracto,
1793 1689 1838 1723 et

203 1760 566 1810 feruentissima‚
600 1767 698 1800 tum
729 1771 842 1810 erga
871 1759 1024 1799 Deum
1053 1765 1150 1799 tum
1177 1758 1404 1808 homines,
1435 1757 1681 1797 charitate.
1711 1755 1839 1807 Quas

204 1844 299 1871 non
316 1843 429 1871 sane
447 1832 655 1882 segniter
672 1831 760 1883 ipsi
772 1842 957 1882 semper
974 1830 1294 1879 excoluerunt,
1311 1834 1472 1880 utpote
1487 1828 1565 1880 qui
1576 1826 1838 1867 clarissima

206 1903 431 1943 uirtutum
466 1903 680 1953 exempla
715 1902 889 1942 nostris
926 1902 1073 1942 oculis
1108 1901 1154 1941 in
1185 1900 1282 1941 dies
1317 1900 1527 1940 subiecta
1555 1904 1837 1951 proponunt.

207 1973 324 2014 Cum
345 1985 560 2014 annonae
581 1984 755 2024 magna
777 1980 899 2013 esset
928 1973 1103 2024 inopia,
1134 1972 1270 2012 ueriti
1290 1971 1427 2011 huius
1455 1970 1739 2021 reipublicae
1764 1969 1837 2009 ad-

206 2045 550 2085 ministratores
570 2057 643 2095 ne,
668 2045 706 2084 si
727 2045 882 2096 palam
903 2044 1039 2095 panis
1061 2042 1405 2091 diuenderetur,
1432 2041 1673 2081 efferretur
1694 2041 1742 2080 in
1758 2039 1840 2080 Ca-

206 2117 418 2166 labriam,
444 2122 598 2156 certos
619 2117 726 2156 huic
753 2116 935 2156 muneri
961 2116 1090 2155 uiros
1118 2114 1430 2163 destinarunt,
1462 2112 1628 2164 quibus
1658 2111 1705 2152 id
1726 2122 1841 2151 mer—

208 2187 336 2228 cedis
353 2187 567 2238 dabatur,
592 2188 691 2228 sine
709 2188 803 2227 ulla
819 2187 1103 2238 reipublicae
1123 2186 1344 2235 laesione,
1365 2190 1414 2225 ut
1431 2197 1489 2224 ex
1510 2184 1565 2223 iis
1586 2183 1698 2235 ipsis
1714 2193 1839 2222 num-

209 2260 296 2319 mis
318 2259 559 2310 quingenti
580 2259 676 2299 fere
698 2259 911 2298 coronati
932 2259 979 2298 in
1001 2258 1211 2308 singulos
1232 2267 1416 2296 menses
1438 2255 1496 2295 ad
1518 2266 1596 2295 eos
1618 2254 1838 2294 redirent.

212 2330 347 2381 Quod
367 2331 548 2370 lucrum
578 2341 684 2370 cum
710 2329 1155 2370 animaduertissent
1175 2329 1239 2380 pii
1261 2327 1450 2379 quidam
1471 2327 1698 2376 homines,
1732 2331 1777 2365 et
1797 2324 1845 2364 in

210 2407 370 2442 nostro
394 2402 566 2452 templo
588 2401 870 2453 frequentes,
894 2400 1182 2452 pientissime
1203 2410 1342 2451 posse
1369 2398 1416 2438 in
1437 2408 1668 2449 pauperes
1694 2395 1844 2436 distri-

212 2473 306 2523 bui,
330 2473 419 2525 ipsi
441 2485 490 2513 se
511 2472 704 2513 ferendo
725 2473 790 2513 illi
810 2472 976 2522 labori,
1002 2478 1050 2512 ut
1072 2482 1242 2523 panem
1262 2476 1359 2510 tota
1380 2469 1495 2509 urbe
1524 2467 1844 2512 diuenderent,

216 2544 562 2595 promptissimo
585 2544 742 2584 animo
766 2544 1046 2593 obtulerunt,
1071 2555 1125 2583 ea
1147 2543 1265 2593 lege,
1288 2547 1338 2581 vt
1360 2541 1484 2580 illam
1508 2551 1692 2580 ornnem
1713 2550 1848 2590 pecu-

218 2615 359 2665 niam,
382 2627 522 2666 quam
543 2615 717 2655 laboris
736 2616 938 2666 pretium
960 2620 1116 2655 essent
1137 2612 1392 2665 accepturi,
1418 2610 1701 2663 pauperibus
1721 2621 1849 2661 pror-

220 2697 299 2725 sus
321 2692 585 2736 erogarent.
612 2685 747 2736 Quod
769 2686 958 2737 pietatis
980 2685 1184 2726 studium
1202 2696 1308 2724 cum
1328 2683 1485 2724 multis
1507 2694 1530 2722 e
1551 2682 1738 2733 populo,
1754 2687 1855 2720 tum*

219 2757 470 2808 praecipue
496 2757 710 2807 principi,
747 2757 872 2808 quod
902 2768 986 2808 per
1008 2756 1231 2808 epistolas
1253 2755 1311 2795 ad
1338 2754 1476 2794 huius
1496 2753 1625 2793 urbis
1645 2757 1857 2792 rectores

220 2827 388 2866 missas
425 2828 664 2878 cognitum
699 2834 782 2877 est,
820 2827 1141 2878 gratissimum
1177 2826 1276 2866 fuit.
1313 2825 1443 2865 Fecit
1477 2830 1633 2864 tamen
1666 2823 1854 2874 priuata

224 2897 536 2947 quorumdam
558 2898 805 2949 cupiditas,
830 2904 880 2938 ut
900 2910 993 2938 non
1014 2899 1118 2949 plus
1139 2896 1438 2946 obtinuerint,
1461 2906 1600 2946 quam
1620 2900 1670 2934 ut
1690 2893 1737 2933 in
1757 2903 1852 2933 cer-

223 2967 282 3007 tis
306 2968 442 3008 huius
460 2968 588 3008 urbis
609 2969 724 3008 locis
746 2968 791 3009 id
812 2968 957 3020 fieret,
982 2968 1105 3020 quod
1126 2968 1403 3019 petiuerant.
1423 2966 1516 3018 Ipsi
1535 2977 1663 3014 uero,
1687 2963 1858 3016 quibus
