2028 3328
842 129 925 165 AN.
957 117 1048 165 1554
1704 130 1771 166 170

127 231 337 281 quentia,
362 229 435 269 uel
456 226 763 269 confessionis
780 225 934 277 potius
953 236 1111 265 amore
1129 230 1267 275 capta
1287 225 1464 274 mulier,
1491 237 1609 276 quae
1631 238 1766 276 quos-

129 302 243 341 dam
265 307 422 351 patres
444 299 590 340 tribus
611 299 703 338 iam
725 296 859 337 annis
881 295 1034 335 uisere
1054 295 1250 343 solebat,
1275 296 1433 347 eisque
1464 302 1658 346 peccata
1682 308 1765 336 sua

135 371 362 421 confiteri,
390 371 448 411 ad
469 382 549 410 eos
571 369 722 410 redire
749 366 995 416 renuebat,
1028 366 1166 417 idque
1196 366 1319 417 quod
1349 366 1593 406 cuiusdam
1615 367 1768 406 Patris

135 443 288 483 nostri
306 441 631 482 exhortatione
653 446 698 480 et
718 437 1036 479 confitentium
1058 437 1193 488 copia
1216 437 1370 487 magis
1395 438 1685 477 mouebatur.
1712 438 1767 478 Et

137 514 353 564 quamuis
375 513 432 552 ab
455 510 775 552 huiuscemodi
796 508 1013 559 opinione
1043 507 1384 557 dehortaretur,
1409 520 1501 548 non
1523 516 1771 560 propterea

140 584 355 624 reuocari
368 583 530 634 potuit,
547 582 656 634 quin
670 580 874 633 quotidie
887 590 1073 620 sacrum
1091 579 1307 618 auditura
1320 580 1544 630 templum
1558 587 1770 622 nostrum

140 661 332 706 peteret,
353 654 426 694 cui
449 666 474 693 a
497 653 671 693 nostris
693 652 832 692 etiam
854 650 1063 702 patribus
1085 656 1129 689 et
1156 649 1464 690 confessionis
1490 657 1534 690 et
1561 652 1771 692 euchari-

141 726 257 766 stiae
280 737 505 776 persaepe
528 724 849 764 ministrantur
868 727 1179 761 sacramenta.

222 797 376 848 Quare
398 802 556 836 noster
578 795 627 835 Ρ.
658 794 830 834 Rector
860 792 866 811 ¹
899 793 954 833 de
982 793 1259 832 excellentia
1288 793 1574 833 sanctissimi
1608 793 1772 835 Sacra-

139 868 281 908 menti
302 868 524 907 nonnulla
546 867 715 912 dicere,
740 865 875 905 simul
897 866 1275 913 emolumentum,
1301 865 1424 915 quod
1453 865 1557 904 inde
1591 866 1769 917 protici-

136 940 299 988 scitur‚
324 939 646 978 demonstrare
668 937 888 984 decreuit;
914 935 1036 987 quod
1058 935 1300 986 foeliciter,
1325 934 1530 976 Domino
1554 937 1641 976 sibi
1660 937 1772 977 assi-

135 1016 310 1058 stente,
342 1017 411 1049 est
434 1015 707 1060 exequutus.
736 1007 855 1048 Nam
883 1020 907 1046 a
939 1007 1032 1054 die,
1063 1018 1154 1058 quo
1182 1006 1327 1047 feriae
1356 1006 1451 1047 §.mi
1481 1006 1774 1049 Sacramenti

140 1082 453 1130 celebrantur,
478 1092 643 1132 nempe
666 1092 691 1120 a
714 1091 836 1119 nono
865 1079 1171 1118 kalendarum
1193 1078 1333 1131 Junii,
1363 1091 1510 1131 usque
1539 1079 1597 1119 ad
1625 1079 1651 1119 8
1682 1080 1772 1120 kal.

144 1153 369 1205 Augusti,
403 1153 586 1203 singulo
618 1163 799 1203 quoque
836 1150 954 1190 sesto
987 1150 1045 1189 ad
1082 1151 1306 1201 populum
1333 1151 1586 1191 conciones
1615 1152 1778 1192 habuit

146 1236 240 1275 eas,
278 1225 444 1276 quibus
479 1235 660 1263 summa
689 1224 927 1273 uoluptate
957 1222 1107 1261 omnis
1143 1222 1306 1261 concio
1342 1222 1638 1263 uescebatur.
1685 1222 1775 1263 Sed

146 1297 249 1348 quis
270 1308 363 1336 non
380 1302 526 1344 tanta,
550 1294 602 1334 R.
623 1294 689 1343 R,
709 1292 920 1345 mysterii
941 1293 1173 1333 suauitate
1190 1294 1385 1333 allectus
1407 1293 1588 1334 fuisset?
1606 1294 1776 1336 Acces-

147 1368 206 1407 sit
227 1366 286 1407 ad
306 1367 352 1407 id
370 1365 661 1418 probandum
684 1364 968 1404 incredibilis
991 1363 1221 1415 quaedam
1245 1365 1583 1405 authoritatum
1612 1373 1657 1406 et
1679 1378 1777 1406 sen-

147 1439 399 1479 tentiarum
429 1437 584 1489 copia;
623 1443 720 1476 tum
749 1435 1112 1487 Prophetarum,
1147 1435 1504 1486 Apostolorum,
1537 1442 1580 1476 et
1616 1449 1780 1478 sacrae

146 1510 289 1550 etiam
319 1509 605 1560 scripturae:
638 1515 735 1547 tum
770 1506 1049 1547 Sanctorum
1077 1506 1268 1546 Patrum
1300 1507 1605 1558 frequentiae.
1645 1508 1781 1549 Vnde

142 1581 356 1621 nonnulli
377 1587 557 1620 tantam
581 1578 676 1619 §.mi
692 1577 983 1618 Sacramenti
1010 1578 1365 1628 praestantiam,
1395 1584 1440 1617 et
1461 1590 1520 1618 ex
1541 1591 1595 1618 eo
1625 1580 1781 1631 cogni-

146 1653 321 1693 tionem
345 1651 584 1702 accepisse
607 1649 914 1699 affirmabant,
938 1654 986 1688 ut
1008 1660 1184 1699 omnes,
1209 1649 1288 1700 qui
1309 1660 1468 1689 secum
1491 1650 1546 1689 de
1565 1651 1692 1691 hisce
1714 1664 1782 1692 re-

146 1725 231 1764 bus
252 1729 462 1775 agerent,
488 1723 532 1762 in
557 1721 850 1762 mirationem
873 1720 1077 1760 incidere
1107 1726 1357 1771 oporteret:
1385 1733 1491 1761 nam
1519 1733 1611 1762 non
1634 1723 1680 1763 in
1702 1735 1782 1764 au—

147 1796 276 1835 ribus
297 1795 450 1842 modo,
473 1793 552 1833 sed
576 1793 619 1832 in
643 1792 847 1832 omnium
866 1802 1047 1843 quoque
1066 1791 1213 1831 oculis
1233 1792 1357 1831 illam
1377 1791 1474 1832 &¹¹¹1
1489 1792 1783 1835 Sacramenti

147 1866 602 1918 praestantissimam
625 1863 913 1903 nobilitatem
934 1870 978 1902 et
996 1862 1117 1902 illius
1136 1863 1398 1912 utilitatem,
1423 1876 1577 1915 quam,
1604 1877 1720 1916 pure
1737 1874 1781 1906 et

153 1945 201 1978 ut
228 1938 362 1978 decet
392 1943 649 1983 sumentes,
676 1940 1003 1986 assequuntur,
1033 1933 1214 1974 defixit:
1251 1934 1383 1974 cuius
1412 1936 1479 1975 rei
1516 1948 1687 1977 nomen
1717 1937 1786 1978 sic

155 2011 247 2050 late
278 2021 361 2061 per
392 2009 631 2048 ciuitatem
659 2006 884 2054 manauit,
914 2012 961 2045 ut
985 2005 1043 2045 ad
1067 2017 1204 2045 aures
1231 2005 1355 2045 fama
1380 2007 1608 2048 uolauerit
1637 2009 1785 2049 cuius-

155 2081 279 2131 dam,
311 2080 386 2132 qui
416 2080 581 2119 librum
604 2078 659 2117 de
682 2077 823 2117 Missa
847 2076 1135 2125 condiderat,
1169 2088 1307 2128 quem
1335 2088 1441 2117 cum
1470 2079 1590 2129 loca,
1623 2079 1788 2130 quibus

155 2152 377 2193 Sanctum
400 2150 758 2190 Sacramentum
780 2148 1021 2199 probatur,
1046 2149 1259 2197 laterent,
1289 2154 1500 2188 nostrum
1524 2149 1575 2189 R.
1601 2150 1789 2191 Patrem

157 2223 402 2269 consuluit,
427 2222 502 2261 cui
524 2220 820 2267 cumulatius,
853 2231 992 2270 quam
1023 2219 1167 2258 literis
1196 2219 1422 2270 explicari
1450 2228 1622 2272 posset,
1656 2222 1788 2263 satis-

158 2294 283 2335 fecit.

236 2365 388 2413 Nulla,
413 2364 465 2404 R.
490 2363 565 2412 P„
590 2362 838 2402 miratione
859 2362 1077 2413 capiaris,
1103 2363 1139 2401 si
1162 2363 1393 2414 quaedam
1417 2365 1579 2405 mulier
1603 2366 1791 2418 proprio

159 2437 380 2477 destituta
405 2436 522 2482 uiro,
547 2446 638 2473 non
661 2433 785 2484 quod
807 2433 956 2472 eidem
983 2434 1135 2473 lucem
1164 2434 1335 2474 intueri
1362 2447 1453 2475 non
1475 2435 1682 2487 daretur,
1712 2437 1793 2477 sed

159 2507 285 2559 quod
302 2506 481 2546 itineris
499 2505 744 2545 interuallo
761 2504 901 2555 longe
919 2504 1116 2553 abesset,
1138 2505 1215 2544 alii
1234 2512 1450 2557 nuptura,
1472 2518 1616 2558 opera
1632 2514 1678 2548 et
1695 2520 1793 2549 ora-

161 2577 364 2618 tionibus
399 2576 643 2616 cuiusdam
689 2586 748 2614 ex
793 2574 965 2614 nostris
1014 2575 1225 2626 patribus
1270 2588 1297 2615 a
1349 2579 1580 2619 sententia
1619 2579 1796 2620 destitit

161 2648 396 2700 (quamuis
418 2648 507 2687 hoc
532 2659 622 2687 non
645 2646 844 2696 exiguus
867 2647 1178 2696 praecesserit
1200 2647 1361 2698 labor),
1399 2660 1519 2700 quae
1548 2650 1637 2690 hac
1665 2662 1796 2702 prae—

166 2721 300 2773 cipue
320 2720 501 2760 ratione
525 2718 664 2758 ducta
686 2717 731 2756 id
753 2716 919 2767 exequi
942 2717 1132 2757 omnino
1163 2719 1484 2771 constituerat,
1520 2722 1644 2772 qu0d
1673 2722 1796 2772 loca,

160 2803 283 2844 quae
305 2790 477 2831 coniux
498 2794 691 2837 teneret,
715 2787 839 2827 fama
862 2799 1055 2838 prorsus
1077 2789 1430 2831 recondidisset:
1461 2792 1716 2833 accedebat
1741 2800 1798 2834 eo

221 2951 231 2972 ¹
270 2951 306 2980 P.
323 2950 472 2984 Joannes
488 2949 705 2977 Pelletarius.
