<?xml version="1.0" encoding="UTF-8"?>
<!DOCTYPE html PUBLIC "-//W3C//DTD XHTML 1.0 Transitional//EN"
    "http://www.w3.org/TR/xhtml1/DTD/xhtml1-transitional.dtd">
<html xmlns="http://www.w3.org/1999/xhtml" xml:lang="en" lang="en">
 <head>
  <title>
</title>
<meta http-equiv="Content-Type" content="text/html;charset=utf-8" />
  <meta name='ocr-system' content='tesseract 3.04.00' />
  <meta name='ocr-capabilities' content='ocr_page ocr_carea ocr_par ocr_line ocrx_word'/>
</head>
<body>
  <div class='ocr_page' id='page_1' title='image "./litteraequadrime1503lain_0033.png"; bbox 0 0 2028 3328; ppageno 0'>
   <div class='ocr_carea' id='block_1_1' title="bbox 557 0 1756 137">
    <p class='ocr_par' dir='ltr' id='par_1_1' title="bbox 557 0 1756 137">
     <span class='ocr_line' id='line_1_1' title="bbox 557 0 1218 37; baseline 0.005 -13"><span class='ocrx_word' id='word_1_1' title='bbox 557 0 775 26; x_wconf 43' lang='lat' dir='ltr'>*onze-11*</span> <span class='ocrx_word' id='word_1_2' title='bbox 792 0 861 28; x_wconf 71' lang='grc' dir='ltr'>υτ</span> <span class='ocrx_word' id='word_1_3' title='bbox 896 0 1041 37; x_wconf 50' lang='lat' dir='ltr'>tum„</span> <span class='ocrx_word' id='word_1_4' title='bbox 1075 0 1218 27; x_wconf 50' lang='lat' dir='ltr'>»inm</span> 
     </span>
     <span class='ocr_line' id='line_1_2' title="bbox 836 92 1756 137; baseline 0.001 -8"><span class='ocrx_word' id='word_1_5' title='bbox 836 92 918 129; x_wconf 61' lang='lat' dir='ltr'>Ax.</span> <span class='ocrx_word' id='word_1_6' title='bbox 953 93 1043 130; x_wconf 71' lang='lat'>1554</span> <span class='ocrx_word' id='word_1_7' title='bbox 1709 102 1756 137; x_wconf 68' lang='lat'>27</span> 
     </span>
    </p>
   </div>
   <div class='ocr_carea' id='block_1_2' title="bbox 88 188 1752 2948">
    <p class='ocr_par' dir='ltr' id='par_1_2' title="bbox 112 188 1752 516">
     <span class='ocr_line' id='line_1_3' title="bbox 114 188 1752 240; baseline 0.004 -12"><span class='ocrx_word' id='word_1_8' title='bbox 114 188 239 240; x_wconf 88' lang='lat' dir='ltr'>apud</span> <span class='ocrx_word' id='word_1_9' title='bbox 263 200 369 229; x_wconf 91' lang='lat' dir='ltr'>eum</span> <span class='ocrx_word' id='word_1_10' title='bbox 390 188 644 229; x_wconf 85' lang='lat' dir='ltr'>effecerunt</span> <span class='ocrx_word' id='word_1_11' title='bbox 670 195 718 228; x_wconf 92' lang='lat' dir='ltr'>ut</span> <span class='ocrx_word' id='word_1_12' title='bbox 741 189 839 240; x_wconf 91' lang='lat' dir='ltr'>ipse</span> <span class='ocrx_word' id='word_1_13' title='bbox 869 189 990 229; x_wconf 91' lang='lat' dir='ltr'>illius</span> <span class='ocrx_word' id='word_1_14' title='bbox 1020 191 1326 231; x_wconf 74' lang='lat' dir='ltr'>restitutionis</span> <span class='ocrx_word' id='word_1_15' title='bbox 1349 198 1512 233; x_wconf 86' lang='lat' dir='ltr'>auctor</span> <span class='ocrx_word' id='word_1_16' title='bbox 1535 206 1636 234; x_wconf 84' lang='lat' dir='ltr'>esse</span> <span class='ocrx_word' id='word_1_17' title='bbox 1660 199 1752 235; x_wconf 63' lang='lat' dir='ltr'>vel-</span> 
     </span>
     <span class='ocr_line' id='line_1_4' title="bbox 114 259 1749 313; baseline 0.004 -14"><span class='ocrx_word' id='word_1_18' title='bbox 114 260 190 300; x_wconf 91' lang='lat' dir='ltr'>let.</span> <span class='ocrx_word' id='word_1_19' title='bbox 227 259 301 300; x_wconf 87' lang='lat' dir='ltr'>Ad</span> <span class='ocrx_word' id='word_1_20' title='bbox 329 260 445 300; x_wconf 90' lang='lat' dir='ltr'>haec</span> <span class='ocrx_word' id='word_1_21' title='bbox 472 260 594 300; x_wconf 89' lang='lat' dir='ltr'>idem</span> <span class='ocrx_word' id='word_1_22' title='bbox 622 265 755 311; x_wconf 88' lang='lat' dir='ltr'>pater</span> <span class='ocrx_word' id='word_1_23' title='bbox 787 260 907 300; x_wconf 90' lang='lat' dir='ltr'>inter</span> <span class='ocrx_word' id='word_1_24' title='bbox 935 259 1067 311; x_wconf 91' lang='lat' dir='ltr'>duos,</span> <span class='ocrx_word' id='word_1_25' title='bbox 1098 262 1176 313; x_wconf 91' lang='lat' dir='ltr'>qui</span> <span class='ocrx_word' id='word_1_26' title='bbox 1208 273 1310 302; x_wconf 88' lang='lat' dir='ltr'>sese</span> <span class='ocrx_word' id='word_1_27' title='bbox 1339 264 1494 303; x_wconf 90' lang='lat' dir='ltr'>multis</span> <span class='ocrx_word' id='word_1_28' title='bbox 1525 266 1659 305; x_wconf 86' lang='lat' dir='ltr'>annis</span> <span class='ocrx_word' id='word_1_29' title='bbox 1696 268 1749 306; x_wconf 60' lang='lat' dir='ltr'>si-</span> 
     </span>
     <span class='ocr_line' id='line_1_5' title="bbox 113 331 1750 385; baseline 0.004 -14"><span class='ocrx_word' id='word_1_30' title='bbox 113 332 384 372; x_wconf 78' lang='lat' dir='ltr'><strong>multatibus</strong></span> <span class='ocrx_word' id='word_1_31' title='bbox 405 332 577 372; x_wconf 91' lang='lat' dir='ltr'>mutuis</span> <span class='ocrx_word' id='word_1_32' title='bbox 598 343 653 372; x_wconf 91' lang='lat' dir='ltr'>ac</span> <span class='ocrx_word' id='word_1_33' title='bbox 674 331 1055 383; x_wconf 85' lang='lat' dir='ltr'>pestilentissimo</span> <span class='ocrx_word' id='word_1_34' title='bbox 1078 333 1183 373; x_wconf 89' lang='lat' dir='ltr'>odio</span> <span class='ocrx_word' id='word_1_35' title='bbox 1206 341 1530 385; x_wconf 76' lang='lat' dir='ltr'>exercuerant,</span> <span class='ocrx_word' id='word_1_36' title='bbox 1557 338 1750 378; x_wconf 72' lang='lat' dir='ltr'>multam</span> 
     </span>
     <span class='ocr_line' id='line_1_6' title="bbox 112 401 1749 457; baseline 0.004 -16"><span class='ocrx_word' id='word_1_37' title='bbox 112 401 272 442; x_wconf 89' lang='lat' dir='ltr'>diuino</span> <span class='ocrx_word' id='word_1_38' title='bbox 295 404 471 444; x_wconf 83' lang='lat' dir='ltr'>auxilio</span> <span class='ocrx_word' id='word_1_39' title='bbox 498 415 662 455; x_wconf 91' lang='lat' dir='ltr'>pacem</span> <span class='ocrx_word' id='word_1_40' title='bbox 694 403 973 454; x_wconf 81' lang='lat' dir='ltr'>composuit:</span> <span class='ocrx_word' id='word_1_41' title='bbox 1004 409 1142 455; x_wconf 84' lang='lat' dir='ltr'>atque</span> <span class='ocrx_word' id='word_1_42' title='bbox 1170 405 1360 445; x_wconf 89' lang='lat' dir='ltr'>eosdem</span> <span class='ocrx_word' id='word_1_43' title='bbox 1391 405 1446 445; x_wconf 85' lang='lat' dir='ltr'>de</span> <span class='ocrx_word' id='word_1_44' title='bbox 1475 408 1681 457; x_wconf 83' lang='lat' dir='ltr'>pcccatis</span> <span class='ocrx_word' id='word_1_45' title='bbox 1706 409 1749 448; x_wconf 90' lang='lat' dir='ltr'>in</span> 
     </span>
     <span class='ocr_line' id='line_1_7' title="bbox 112 472 620 516; baseline 0 -3"><span class='ocrx_word' id='word_1_46' title='bbox 112 472 407 515; x_wconf 88' lang='lat' dir='ltr'>confessione</span> <span class='ocrx_word' id='word_1_47' title='bbox 429 475 620 516; x_wconf 90' lang='lat' dir='ltr'>audiuit.</span> 
     </span>
    </p>

    <p class='ocr_par' dir='ltr' id='par_1_3' title="bbox 88 544 1747 2948">
     <span class='ocr_line' id='line_1_8' title="bbox 192 544 1746 599; baseline 0.002 -14"><span class='ocrx_word' id='word_1_48' title='bbox 192 544 338 586; x_wconf 90' lang='lat' dir='ltr'>Paulo</span> <span class='ocrx_word' id='word_1_49' title='bbox 372 558 486 587; x_wconf 89' lang='lat' dir='ltr'>vero</span> <span class='ocrx_word' id='word_1_50' title='bbox 521 552 626 598; x_wconf 87' lang='lat' dir='ltr'>post</span> <span class='ocrx_word' id='word_1_51' title='bbox 659 545 1035 587; x_wconf 87' lang='lat' dir='ltr'>Resurrectionis</span> <span class='ocrx_word' id='word_1_52' title='bbox 1070 547 1247 599; x_wconf 88' lang='lat' dir='ltr'>pascha</span> <span class='ocrx_word' id='word_1_53' title='bbox 1281 547 1372 597; x_wconf 85' lang='lat' dir='ltr'>(res</span> <span class='ocrx_word' id='word_1_54' title='bbox 1401 548 1560 588; x_wconf 87' lang='lat' dir='ltr'>auditu</span> <span class='ocrx_word' id='word_1_55' title='bbox 1588 549 1746 599; x_wconf 76' lang='lat' dir='ltr'>digna)</span> 
     </span>
     <span class='ocr_line' id='line_1_9' title="bbox 112 614 1747 670; baseline 0.002 -15"><span class='ocrx_word' id='word_1_56' title='bbox 112 614 388 657; x_wconf 78' lang='lat' dir='ltr'>adolescens</span> <span class='ocrx_word' id='word_1_57' title='bbox 409 618 595 669; x_wconf 90' lang='lat' dir='ltr'>quidam</span> <span class='ocrx_word' id='word_1_58' title='bbox 617 617 838 670; x_wconf 87' lang='lat' dir='ltr'>Judaeus,</span> <span class='ocrx_word' id='word_1_59' title='bbox 862 618 1015 669; x_wconf 88' lang='lat' dir='ltr'>patria</span> <span class='ocrx_word' id='word_1_60' title='bbox 1048 617 1278 669; x_wconf 89' lang='lat' dir='ltr'>Regensis</span> <span class='ocrx_word' id='word_1_61' title='bbox 1306 618 1429 669; x_wconf 63' lang='lat' dir='ltr'>(sic),</span> <span class='ocrx_word' id='word_1_62' title='bbox 1464 631 1556 659; x_wconf 93' lang='lat' dir='ltr'>non</span> <span class='ocrx_word' id='word_1_63' title='bbox 1592 632 1747 670; x_wconf 70' lang='lat' dir='ltr'>asper-</span> 
     </span>
     <span class='ocr_line' id='line_1_10' title="bbox 109 686 1746 740; baseline 0.003 -14"><span class='ocrx_word' id='word_1_64' title='bbox 109 686 290 726; x_wconf 89' lang='lat' dir='ltr'>nendae</span> <span class='ocrx_word' id='word_1_65' title='bbox 320 687 502 739; x_wconf 92' lang='lat' dir='ltr'>indolis,</span> <span class='ocrx_word' id='word_1_66' title='bbox 534 700 682 729; x_wconf 91' lang='lat' dir='ltr'>annos</span> <span class='ocrx_word' id='word_1_67' title='bbox 713 694 852 729; x_wconf 90' lang='lat' dir='ltr'>natus</span> <span class='ocrx_word' id='word_1_68' title='bbox 879 689 970 729; x_wconf 90' lang='lat' dir='ltr'>duo</span> <span class='ocrx_word' id='word_1_69' title='bbox 1002 695 1045 729; x_wconf 91' lang='lat' dir='ltr'>et</span> <span class='ocrx_word' id='word_1_70' title='bbox 1076 689 1258 740; x_wconf 84' lang='lat' dir='ltr'>viginti,</span> <span class='ocrx_word' id='word_1_71' title='bbox 1284 690 1358 730; x_wconf 93' lang='lat' dir='ltr'>cui</span> <span class='ocrx_word' id='word_1_72' title='bbox 1386 689 1615 730; x_wconf 76' lang='lat' dir='ltr'>Dominus</span> <span class='ocrx_word' id='word_1_73' title='bbox 1639 698 1746 731; x_wconf 82' lang='lat' dir='ltr'>ante</span> 
     </span>
     <span class='ocr_line' id='line_1_11' title="bbox 108 756 1746 812; baseline 0.003 -16"><span class='ocrx_word' id='word_1_74' title='bbox 108 756 347 798; x_wconf 83' lang='lat' dir='ltr'>biennium</span> <span class='ocrx_word' id='word_1_75' title='bbox 381 759 428 799; x_wconf 90' lang='lat' dir='ltr'>in</span> <span class='ocrx_word' id='word_1_76' title='bbox 459 760 664 800; x_wconf 88' lang='lat' dir='ltr'>animum</span> <span class='ocrx_word' id='word_1_77' title='bbox 692 759 942 800; x_wconf 78' lang='lat' dir='ltr'>induxerat</span> <span class='ocrx_word' id='word_1_78' title='bbox 974 765 1024 799; x_wconf 88' lang='lat' dir='ltr'>vt</span> <span class='ocrx_word' id='word_1_79' title='bbox 1051 760 1337 801; x_wconf 88' lang='lat' dir='ltr'>christianus</span> <span class='ocrx_word' id='word_1_80' title='bbox 1358 760 1504 811; x_wconf 85' lang='lat' dir='ltr'>fieret,</span> <span class='ocrx_word' id='word_1_81' title='bbox 1530 762 1746 812; x_wconf 91' lang='lat' dir='ltr'>quamuis</span> 
     </span>
     <span class='ocr_line' id='line_1_12' title="bbox 106 827 1745 884; baseline 0.002 -16"><span class='ocrx_word' id='word_1_82' title='bbox 106 827 388 870; x_wconf 89' lang='lat' dir='ltr'>daemonum</span> <span class='ocrx_word' id='word_1_83' title='bbox 422 842 477 871; x_wconf 87' lang='lat' dir='ltr'>ac</span> <span class='ocrx_word' id='word_1_84' title='bbox 513 836 759 883; x_wconf 90' lang='lat' dir='ltr'>parentum</span> <span class='ocrx_word' id='word_1_85' title='bbox 790 831 962 871; x_wconf 81' lang='lat' dir='ltr'>astutia</span> <span class='ocrx_word' id='word_1_86' title='bbox 992 830 1206 871; x_wconf 85' lang='lat' dir='ltr'>effectum</span> <span class='ocrx_word' id='word_1_87' title='bbox 1229 831 1286 872; x_wconf 91' lang='lat' dir='ltr'>sit</span> <span class='ocrx_word' id='word_1_88' title='bbox 1314 837 1364 871; x_wconf 89' lang='lat' dir='ltr'>vt</span> <span class='ocrx_word' id='word_1_89' title='bbox 1398 832 1445 872; x_wconf 92' lang='lat' dir='ltr'>in</span> <span class='ocrx_word' id='word_1_90' title='bbox 1479 833 1569 872; x_wconf 88' lang='lat' dir='ltr'>hoc</span> <span class='ocrx_word' id='word_1_91' title='bbox 1598 844 1745 884; x_wconf 86' lang='lat' dir='ltr'>vsque</span> 
     </span>
     <span class='ocr_line' id='line_1_13' title="bbox 105 901 1745 954; baseline 0.002 -15"><span class='ocrx_word' id='word_1_92' title='bbox 105 905 290 951; x_wconf 86' lang='lat' dir='ltr'>tempus</span> <span class='ocrx_word' id='word_1_93' title='bbox 306 902 405 942; x_wconf 91' lang='lat' dir='ltr'>eius</span> <span class='ocrx_word' id='word_1_94' title='bbox 422 903 549 942; x_wconf 92' lang='lat' dir='ltr'>salus</span> <span class='ocrx_word' id='word_1_95' title='bbox 566 901 911 954; x_wconf 88' lang='lat' dir='ltr'>quodammodo</span> <span class='ocrx_word' id='word_1_96' title='bbox 932 903 1302 954; x_wconf 81' lang='lat' dir='ltr'>protraheretur,</span> <span class='ocrx_word' id='word_1_97' title='bbox 1326 914 1486 942; x_wconf 88' lang='lat' dir='ltr'>amore</span> <span class='ocrx_word' id='word_1_98' title='bbox 1509 909 1663 943; x_wconf 88' lang='lat' dir='ltr'>tamen</span> <span class='ocrx_word' id='word_1_99' title='bbox 1690 916 1745 943; x_wconf 86' lang='lat' dir='ltr'>ac</span> 
     </span>
     <span class='ocr_line' id='line_1_14' title="bbox 105 972 1746 1026; baseline 0.002 -16"><span class='ocrx_word' id='word_1_100' title='bbox 105 982 278 1022; x_wconf 88' lang='lat' dir='ltr'>magno</span> <span class='ocrx_word' id='word_1_101' title='bbox 300 972 475 1013; x_wconf 86' lang='lat' dir='ltr'>Christi</span> <span class='ocrx_word' id='word_1_102' title='bbox 495 973 605 1026; x_wconf 90' lang='lat' dir='ltr'>Jesu</span> <span class='ocrx_word' id='word_1_103' title='bbox 627 972 874 1024; x_wconf 88' lang='lat' dir='ltr'>desyderio</span> <span class='ocrx_word' id='word_1_104' title='bbox 897 975 1179 1025; x_wconf 90' lang='lat' dir='ltr'>compulsus,</span> <span class='ocrx_word' id='word_1_105' title='bbox 1205 974 1368 1014; x_wconf 87' lang='lat' dir='ltr'>relicta</span> <span class='ocrx_word' id='word_1_106' title='bbox 1390 974 1557 1025; x_wconf 89' lang='lat' dir='ltr'>patria,</span> <span class='ocrx_word' id='word_1_107' title='bbox 1581 986 1746 1026; x_wconf 87' lang='lat' dir='ltr'>paren-</span> 
     </span>
     <span class='ocr_line' id='line_1_15' title="bbox 106 1041 1743 1097; baseline 0.002 -16"><span class='ocrx_word' id='word_1_108' title='bbox 106 1041 244 1094; x_wconf 85' lang='lat' dir='ltr'>tibus,</span> <span class='ocrx_word' id='word_1_109' title='bbox 269 1044 433 1084; x_wconf 84' lang='lat' dir='ltr'>amicis</span> <span class='ocrx_word' id='word_1_110' title='bbox 455 1044 680 1097; x_wconf 90' lang='lat' dir='ltr'>bonisque</span> <span class='ocrx_word' id='word_1_111' title='bbox 710 1044 924 1094; x_wconf 89' lang='lat' dir='ltr'>terrenis,</span> <span class='ocrx_word' id='word_1_112' title='bbox 946 1044 1113 1096; x_wconf 89' lang='lat' dir='ltr'>quibus</span> <span class='ocrx_word' id='word_1_113' title='bbox 1135 1045 1259 1085; x_wconf 86' lang='lat' dir='ltr'>haud</span> <span class='ocrx_word' id='word_1_114' title='bbox 1280 1045 1579 1085; x_wconf 78' lang='lat' dir='ltr'>mediocriter</span> <span class='ocrx_word' id='word_1_115' title='bbox 1601 1046 1743 1085; x_wconf 87' lang='lat' dir='ltr'>abun-</span> 
     </span>
     <span class='ocr_line' id='line_1_16' title="bbox 104 1113 1741 1165; baseline 0.002 -12"><span class='ocrx_word' id='word_1_116' title='bbox 104 1113 262 1165; x_wconf 81' lang='lat' dir='ltr'>dabat,</span> <span class='ocrx_word' id='word_1_117' title='bbox 292 1126 342 1155; x_wconf 93' lang='lat' dir='ltr'>se</span> <span class='ocrx_word' id='word_1_118' title='bbox 370 1115 429 1156; x_wconf 88' lang='lat' dir='ltr'>ad</span> <span class='ocrx_word' id='word_1_119' title='bbox 456 1115 584 1156; x_wconf 86' lang='lat' dir='ltr'>vrbis</span> <span class='ocrx_word' id='word_1_120' title='bbox 617 1116 754 1156; x_wconf 88' lang='lat' dir='ltr'>huius</span> <span class='ocrx_word' id='word_1_121' title='bbox 782 1116 1014 1156; x_wconf 86' lang='lat' dir='ltr'>vicarium</span> <span class='ocrx_word' id='word_1_122' title='bbox 1041 1117 1250 1157; x_wconf 91' lang='lat' dir='ltr'>contulit:</span> <span class='ocrx_word' id='word_1_123' title='bbox 1287 1116 1524 1156; x_wconf 85' lang='lat' dir='ltr'>humiliter</span> <span class='ocrx_word' id='word_1_124' title='bbox 1551 1128 1741 1157; x_wconf 89' lang='lat' dir='ltr'>sacrum</span> 
     </span>
     <span class='ocr_line' id='line_1_17' title="bbox 105 1185 1742 1240; baseline 0.002 -15"><span class='ocrx_word' id='word_1_125' title='bbox 105 1185 337 1237; x_wconf 89' lang='lat' dir='ltr'>baptisma</span> <span class='ocrx_word' id='word_1_126' title='bbox 359 1188 538 1239; x_wconf 89' lang='lat' dir='ltr'>petiuit,</span> <span class='ocrx_word' id='word_1_127' title='bbox 562 1188 824 1240; x_wconf 90' lang='lat' dir='ltr'>missusque</span> <span class='ocrx_word' id='word_1_128' title='bbox 853 1188 912 1228; x_wconf 82' lang='lat' dir='ltr'>ad</span> <span class='ocrx_word' id='word_1_129' title='bbox 941 1194 1124 1239; x_wconf 84' lang='lat' dir='ltr'>patrem</span> <span class='ocrx_word' id='word_1_130' title='bbox 1150 1194 1378 1228; x_wconf 86' lang='lat' dir='ltr'>nostrum.</span> <span class='ocrx_word' id='word_1_131' title='bbox 1403 1194 1541 1239; x_wconf 91' lang='lat' dir='ltr'>atque</span> <span class='ocrx_word' id='word_1_132' title='bbox 1576 1189 1618 1228; x_wconf 90' lang='lat' dir='ltr'>ei</span> <span class='ocrx_word' id='word_1_133' title='bbox 1648 1190 1742 1240; x_wconf 91' lang='lat' dir='ltr'>plu-</span> 
     </span>
     <span class='ocr_line' id='line_1_18' title="bbox 104 1256 1739 1311; baseline 0.002 -16"><span class='ocrx_word' id='word_1_134' title='bbox 104 1256 274 1297; x_wconf 84' lang='lat' dir='ltr'>rimum</span> <span class='ocrx_word' id='word_1_135' title='bbox 297 1258 354 1298; x_wconf 92' lang='lat' dir='ltr'>ab</span> <span class='ocrx_word' id='word_1_136' title='bbox 376 1258 477 1310; x_wconf 89' lang='lat' dir='ltr'>ipso</span> <span class='ocrx_word' id='word_1_137' title='bbox 498 1259 679 1299; x_wconf 85' lang='lat' dir='ltr'>vicario</span> <span class='ocrx_word' id='word_1_138' title='bbox 700 1258 1068 1308; x_wconf 90' lang='lat' dir='ltr'>commendatus,</span> <span class='ocrx_word' id='word_1_139' title='bbox 1089 1258 1293 1300; x_wconf 87' lang='lat' dir='ltr'>officiose</span> <span class='ocrx_word' id='word_1_140' title='bbox 1316 1258 1395 1311; x_wconf 85' lang='lat' dir='ltr'>[in]</span> <span class='ocrx_word' id='word_1_141' title='bbox 1419 1259 1557 1300; x_wconf 91' lang='lat' dir='ltr'>domo</span> <span class='ocrx_word' id='word_1_142' title='bbox 1578 1266 1739 1300; x_wconf 84' lang='lat' dir='ltr'>nostra</span> 
     </span>
     <span class='ocr_line' id='line_1_19' title="bbox 103 1326 1739 1382; baseline 0.002 -15"><span class='ocrx_word' id='word_1_143' title='bbox 103 1326 188 1367; x_wconf 86' lang='lat' dir='ltr'>fuit</span> <span class='ocrx_word' id='word_1_144' title='bbox 210 1334 448 1380; x_wconf 79' lang='lat' dir='ltr'>exceptus,</span> <span class='ocrx_word' id='word_1_145' title='bbox 469 1335 513 1370; x_wconf 88' lang='lat' dir='ltr'>et</span> <span class='ocrx_word' id='word_1_146' title='bbox 528 1329 691 1370; x_wconf 87' lang='lat' dir='ltr'>tandiu</span> <span class='ocrx_word' id='word_1_147' title='bbox 708 1329 833 1382; x_wconf 90' lang='lat' dir='ltr'>apud</span> <span class='ocrx_word' id='word_1_148' title='bbox 850 1341 934 1370; x_wconf 90' lang='lat' dir='ltr'>nos</span> <span class='ocrx_word' id='word_1_149' title='bbox 951 1330 1061 1381; x_wconf 89' lang='lat' dir='ltr'>egit,</span> <span class='ocrx_word' id='word_1_150' title='bbox 1082 1330 1229 1370; x_wconf 91' lang='lat' dir='ltr'>donec</span> <span class='ocrx_word' id='word_1_151' title='bbox 1247 1331 1334 1381; x_wconf 89' lang='lat' dir='ltr'>his,</span> <span class='ocrx_word' id='word_1_152' title='bbox 1359 1342 1478 1382; x_wconf 87' lang='lat' dir='ltr'>quae</span> <span class='ocrx_word' id='word_1_153' title='bbox 1501 1331 1560 1371; x_wconf 83' lang='lat' dir='ltr'>ad</span> <span class='ocrx_word' id='word_1_154' title='bbox 1582 1331 1739 1371; x_wconf 86' lang='lat' dir='ltr'>catho-</span> 
     </span>
     <span class='ocr_line' id='line_1_20' title="bbox 104 1398 1737 1454; baseline 0.002 -16"><span class='ocrx_word' id='word_1_155' title='bbox 104 1398 243 1439; x_wconf 86' lang='lat' dir='ltr'>licam</span> <span class='ocrx_word' id='word_1_156' title='bbox 266 1400 541 1451; x_wconf 81' lang='lat' dir='ltr'>religionem</span> <span class='ocrx_word' id='word_1_157' title='bbox 569 1406 797 1453; x_wconf 88' lang='lat' dir='ltr'>spectant‚</span> <span class='ocrx_word' id='word_1_158' title='bbox 828 1401 1000 1453; x_wconf 90' lang='lat' dir='ltr'>optime</span> <span class='ocrx_word' id='word_1_159' title='bbox 1023 1407 1147 1441; x_wconf 92' lang='lat' dir='ltr'>esset</span> <span class='ocrx_word' id='word_1_160' title='bbox 1169 1401 1376 1442; x_wconf 88' lang='lat' dir='ltr'>edoctus.</span> <span class='ocrx_word' id='word_1_161' title='bbox 1401 1401 1594 1454; x_wconf 91' lang='lat' dir='ltr'>Juuenis</span> <span class='ocrx_word' id='word_1_162' title='bbox 1624 1414 1737 1442; x_wconf 75' lang='lat' dir='ltr'>vero</span> 
     </span>
     <span class='ocr_line' id='line_1_21' title="bbox 102 1470 1738 1524; baseline 0.002 -15"><span class='ocrx_word' id='word_1_163' title='bbox 102 1470 201 1522; x_wconf 89' lang='lat' dir='ltr'>ipse</span> <span class='ocrx_word' id='word_1_164' title='bbox 237 1482 292 1510; x_wconf 89' lang='lat' dir='ltr'>ea</span> <span class='ocrx_word' id='word_1_165' title='bbox 327 1471 621 1522; x_wconf 88' lang='lat' dir='ltr'>baptismatis</span> <span class='ocrx_word' id='word_1_166' title='bbox 647 1472 818 1524; x_wconf 87' lang='lat' dir='ltr'>gratia,</span> <span class='ocrx_word' id='word_1_167' title='bbox 852 1483 992 1523; x_wconf 86' lang='lat' dir='ltr'>quam</span> <span class='ocrx_word' id='word_1_168' title='bbox 1027 1473 1279 1513; x_wconf 88' lang='lat' dir='ltr'>clementer</span> <span class='ocrx_word' id='word_1_169' title='bbox 1314 1478 1600 1524; x_wconf 88' lang='lat' dir='ltr'>susceperat,</span> <span class='ocrx_word' id='word_1_170' title='bbox 1640 1479 1738 1513; x_wconf 71' lang='lat' dir='ltr'>tam</span> 
     </span>
     <span class='ocr_line' id='line_1_22' title="bbox 99 1542 1735 1595; baseline 0.002 -14"><span class='ocrx_word' id='word_1_171' title='bbox 99 1542 293 1593; x_wconf 83' lang='lat' dir='ltr'>egregie</span> <span class='ocrx_word' id='word_1_172' title='bbox 315 1548 385 1582; x_wconf 90' lang='lat' dir='ltr'>est</span> <span class='ocrx_word' id='word_1_173' title='bbox 406 1542 634 1583; x_wconf 89' lang='lat' dir='ltr'>hactenus</span> <span class='ocrx_word' id='word_1_174' title='bbox 652 1555 779 1594; x_wconf 78' lang='lat' dir='ltr'>vsuS,</span> <span class='ocrx_word' id='word_1_175' title='bbox 803 1550 854 1584; x_wconf 88' lang='lat' dir='ltr'>Vt</span> <span class='ocrx_word' id='word_1_176' title='bbox 877 1555 1016 1595; x_wconf 90' lang='lat' dir='ltr'>quam</span> <span class='ocrx_word' id='word_1_177' title='bbox 1038 1544 1415 1595; x_wconf 85' lang='lat' dir='ltr'>expectationem</span> <span class='ocrx_word' id='word_1_178' title='bbox 1438 1544 1493 1584; x_wconf 90' lang='lat' dir='ltr'>de</span> <span class='ocrx_word' id='word_1_179' title='bbox 1516 1555 1564 1584; x_wconf 92' lang='lat' dir='ltr'>se</span> <span class='ocrx_word' id='word_1_180' title='bbox 1582 1545 1735 1584; x_wconf 78' lang='lat' dir='ltr'>conci-</span> 
     </span>
     <span class='ocr_line' id='line_1_23' title="bbox 99 1613 1736 1666; baseline 0.002 -14"><span class='ocrx_word' id='word_1_181' title='bbox 99 1618 299 1664; x_wconf 88' lang='lat' dir='ltr'>tauerat,</span> <span class='ocrx_word' id='word_1_182' title='bbox 330 1613 452 1654; x_wconf 89' lang='lat' dir='ltr'>hanc</span> <span class='ocrx_word' id='word_1_183' title='bbox 481 1614 692 1655; x_wconf 89' lang='lat' dir='ltr'>eamdem</span> <span class='ocrx_word' id='word_1_184' title='bbox 719 1615 856 1655; x_wconf 89' lang='lat' dir='ltr'>facile</span> <span class='ocrx_word' id='word_1_185' title='bbox 884 1615 1113 1656; x_wconf 88' lang='lat' dir='ltr'>sustineat</span> <span class='ocrx_word' id='word_1_186' title='bbox 1140 1627 1195 1655; x_wconf 89' lang='lat' dir='ltr'>ac</span> <span class='ocrx_word' id='word_1_187' title='bbox 1224 1621 1425 1666; x_wconf 88' lang='lat' dir='ltr'>tueatur,</span> <span class='ocrx_word' id='word_1_188' title='bbox 1456 1621 1506 1656; x_wconf 83' lang='lat' dir='ltr'>vt</span> <span class='ocrx_word' id='word_1_189' title='bbox 1536 1615 1629 1655; x_wconf 90' lang='lat' dir='ltr'>iam</span> <span class='ocrx_word' id='word_1_190' title='bbox 1659 1616 1736 1656; x_wconf 89' lang='lat' dir='ltr'>ad-</span> 
     </span>
     <span class='ocr_line' id='line_1_24' title="bbox 99 1683 1735 1739; baseline 0.002 -16"><span class='ocrx_word' id='word_1_191' title='bbox 99 1683 338 1725; x_wconf 86' lang='lat' dir='ltr'>mirationi</span> <span class='ocrx_word' id='word_1_192' title='bbox 366 1685 425 1725; x_wconf 93' lang='lat' dir='ltr'>sit</span> <span class='ocrx_word' id='word_1_193' title='bbox 458 1686 686 1737; x_wconf 90' lang='lat' dir='ltr'>plurimis.</span> <span class='ocrx_word' id='word_1_194' title='bbox 716 1686 868 1727; x_wconf 91' lang='lat' dir='ltr'>Tanta</span> <span class='ocrx_word' id='word_1_195' title='bbox 905 1698 1020 1727; x_wconf 85' lang='lat' dir='ltr'>vero</span> <span class='ocrx_word' id='word_1_196' title='bbox 1049 1698 1220 1739; x_wconf 87' lang='lat' dir='ltr'>pompa</span> <span class='ocrx_word' id='word_1_197' title='bbox 1260 1692 1357 1727; x_wconf 92' lang='lat' dir='ltr'>tum</span> <span class='ocrx_word' id='word_1_198' title='bbox 1393 1687 1735 1727; x_wconf 86' lang='lat' dir='ltr'>ecclesiastico-</span> 
     </span>
     <span class='ocr_line' id='line_1_25' title="bbox 97 1756 1731 1799; baseline 0.002 -4"><span class='ocrx_word' id='word_1_199' title='bbox 97 1766 201 1796; x_wconf 92' lang='lat' dir='ltr'>rum</span> <span class='ocrx_word' id='word_1_200' title='bbox 232 1761 331 1796; x_wconf 92' lang='lat' dir='ltr'>tum</span> <span class='ocrx_word' id='word_1_201' title='bbox 358 1756 499 1797; x_wconf 87' lang='lat' dir='ltr'>etiam</span> <span class='ocrx_word' id='word_1_202' title='bbox 526 1757 751 1798; x_wconf 89' lang='lat' dir='ltr'>laicorum</span> <span class='ocrx_word' id='word_1_203' title='bbox 773 1758 859 1798; x_wconf 87' lang='lat' dir='ltr'>fuit</span> <span class='ocrx_word' id='word_1_204' title='bbox 889 1757 947 1798; x_wconf 89' lang='lat' dir='ltr'>ad</span> <span class='ocrx_word' id='word_1_205' title='bbox 977 1770 1165 1799; x_wconf 86' lang='lat' dir='ltr'>sacrum</span> <span class='ocrx_word' id='word_1_206' title='bbox 1185 1758 1361 1798; x_wconf 85' lang='lat' dir='ltr'>fontem</span> <span class='ocrx_word' id='word_1_207' title='bbox 1382 1758 1429 1798; x_wconf 91' lang='lat' dir='ltr'>in</span> <span class='ocrx_word' id='word_1_208' title='bbox 1451 1758 1602 1798; x_wconf 89' lang='lat' dir='ltr'>medio</span> <span class='ocrx_word' id='word_1_209' title='bbox 1624 1758 1731 1798; x_wconf 90' lang='lat' dir='ltr'>duo-</span> 
     </span>
     <span class='ocr_line' id='line_1_26' title="bbox 98 1828 1732 1881; baseline 0.002 -15"><span class='ocrx_word' id='word_1_210' title='bbox 98 1838 202 1866; x_wconf 91' lang='lat' dir='ltr'>rum</span> <span class='ocrx_word' id='word_1_211' title='bbox 223 1839 282 1867; x_wconf 82' lang='lat' dir='ltr'>ex</span> <span class='ocrx_word' id='word_1_212' title='bbox 303 1828 477 1867; x_wconf 88' lang='lat' dir='ltr'>nostris</span> <span class='ocrx_word' id='word_1_213' title='bbox 497 1829 708 1879; x_wconf 88' lang='lat' dir='ltr'>patribus</span> <span class='ocrx_word' id='word_1_214' title='bbox 728 1829 970 1878; x_wconf 89' lang='lat' dir='ltr'>deductus,</span> <span class='ocrx_word' id='word_1_215' title='bbox 998 1836 1221 1881; x_wconf 87' lang='lat' dir='ltr'>tantaque</span> <span class='ocrx_word' id='word_1_216' title='bbox 1244 1830 1451 1870; x_wconf 91' lang='lat' dir='ltr'>omnium</span> <span class='ocrx_word' id='word_1_217' title='bbox 1474 1830 1732 1870; x_wconf 90' lang='lat' dir='ltr'>cuiuscum-</span> 
     </span>
     <span class='ocr_line' id='line_1_27' title="bbox 99 1899 1730 1953; baseline 0.001 -15"><span class='ocrx_word' id='word_1_218' title='bbox 99 1910 188 1950; x_wconf 89' lang='lat' dir='ltr'>que</span> <span class='ocrx_word' id='word_1_219' title='bbox 210 1899 493 1940; x_wconf 89' lang='lat' dir='ltr'>conditionis</span> <span class='ocrx_word' id='word_1_220' title='bbox 514 1900 753 1941; x_wconf 87' lang='lat' dir='ltr'>hominum</span> <span class='ocrx_word' id='word_1_221' title='bbox 771 1902 1090 1952; x_wconf 81' lang='lat' dir='ltr'>gratulatione</span> <span class='ocrx_word' id='word_1_222' title='bbox 1107 1908 1152 1941; x_wconf 89' lang='lat' dir='ltr'>et</span> <span class='ocrx_word' id='word_1_223' title='bbox 1170 1902 1399 1953; x_wconf 87' lang='lat' dir='ltr'>applausu</span> <span class='ocrx_word' id='word_1_224' title='bbox 1421 1901 1520 1942; x_wconf 86' lang='lat' dir='ltr'>eius</span> <span class='ocrx_word' id='word_1_225' title='bbox 1541 1912 1730 1952; x_wconf 75' lang='lat' dir='ltr'>regene—</span> 
     </span>
     <span class='ocr_line' id='line_1_28' title="bbox 98 1969 1731 2024; baseline 0.002 -15"><span class='ocrx_word' id='word_1_226' title='bbox 98 1969 295 2010; x_wconf 86' lang='lat' dir='ltr'>rationis</span> <span class='ocrx_word' id='word_1_227' title='bbox 316 1970 415 2011; x_wconf 90' lang='lat' dir='ltr'>dies</span> <span class='ocrx_word' id='word_1_228' title='bbox 445 1971 641 2011; x_wconf 87' lang='lat' dir='ltr'>celebris</span> <span class='ocrx_word' id='word_1_229' title='bbox 668 1971 836 2022; x_wconf 83' lang='lat' dir='ltr'>extitit,</span> <span class='ocrx_word' id='word_1_230' title='bbox 866 1978 916 2012; x_wconf 89' lang='lat' dir='ltr'>vt</span> <span class='ocrx_word' id='word_1_231' title='bbox 937 1973 1063 2012; x_wconf 88' lang='lat' dir='ltr'>nulla</span> <span class='ocrx_word' id='word_1_232' title='bbox 1086 1984 1293 2024; x_wconf 87' lang='lat' dir='ltr'>vnquam</span> <span class='ocrx_word' id='word_1_233' title='bbox 1314 1972 1360 2012; x_wconf 88' lang='lat' dir='ltr'>in</span> <span class='ocrx_word' id='word_1_234' title='bbox 1383 1973 1497 2012; x_wconf 85' lang='lat' dir='ltr'>vrbe</span> <span class='ocrx_word' id='word_1_235' title='bbox 1519 1972 1731 2012; x_wconf 88' lang='lat' dir='ltr'>Bononia</span> 
     </span>
     <span class='ocr_line' id='line_1_29' title="bbox 95 2042 1731 2095; baseline 0.001 -13"><span class='ocrx_word' id='word_1_236' title='bbox 95 2042 196 2082; x_wconf 87' lang='lat' dir='ltr'>eius</span> <span class='ocrx_word' id='word_1_237' title='bbox 217 2043 491 2082; x_wconf 88' lang='lat' dir='ltr'>memoriam</span> <span class='ocrx_word' id='word_1_238' title='bbox 519 2043 673 2083; x_wconf 85' lang='lat' dir='ltr'>delere</span> <span class='ocrx_word' id='word_1_239' title='bbox 699 2044 846 2095; x_wconf 89' lang='lat' dir='ltr'>possit</span> <span class='ocrx_word' id='word_1_240' title='bbox 876 2044 1063 2084; x_wconf 91' lang='lat' dir='ltr'>obliuio.</span> <span class='ocrx_word' id='word_1_241' title='bbox 1095 2043 1229 2095; x_wconf 85' lang='lat' dir='ltr'>Quod</span> <span class='ocrx_word' id='word_1_242' title='bbox 1260 2051 1415 2084; x_wconf 90' lang='lat' dir='ltr'>autem</span> <span class='ocrx_word' id='word_1_243' title='bbox 1444 2044 1490 2084; x_wconf 90' lang='lat' dir='ltr'>in</span> <span class='ocrx_word' id='word_1_244' title='bbox 1517 2044 1605 2084; x_wconf 91' lang='lat' dir='ltr'>hoc</span> <span class='ocrx_word' id='word_1_245' title='bbox 1634 2052 1731 2085; x_wconf 78' lang='lat' dir='ltr'>tam</span> 
     </span>
     <span class='ocr_line' id='line_1_30' title="bbox 96 2113 1730 2166; baseline 0.001 -13"><span class='ocrx_word' id='word_1_246' title='bbox 96 2113 326 2164; x_wconf 87' lang='lat' dir='ltr'>singulari</span> <span class='ocrx_word' id='word_1_247' title='bbox 355 2113 542 2165; x_wconf 86' lang='lat' dir='ltr'>negotio</span> <span class='ocrx_word' id='word_1_248' title='bbox 570 2113 788 2155; x_wconf 85' lang='lat' dir='ltr'>Patribus</span> <span class='ocrx_word' id='word_1_249' title='bbox 814 2115 990 2155; x_wconf 90' lang='lat' dir='ltr'>nostris</span> <span class='ocrx_word' id='word_1_250' title='bbox 1020 2115 1261 2166; x_wconf 85' lang='lat' dir='ltr'>magistris</span> <span class='ocrx_word' id='word_1_251' title='bbox 1293 2128 1349 2155; x_wconf 89' lang='lat' dir='ltr'>ac</span> <span class='ocrx_word' id='word_1_252' title='bbox 1372 2115 1567 2155; x_wconf 85' lang='lat' dir='ltr'>ducibus</span> <span class='ocrx_word' id='word_1_253' title='bbox 1588 2115 1730 2156; x_wconf 82' lang='lat' dir='ltr'>suerit</span> 
     </span>
     <span class='ocr_line' id='line_1_31' title="bbox 94 2185 1729 2238; baseline 0.001 -14"><span class='ocrx_word' id='word_1_254' title='bbox 94 2196 223 2233; x_wconf 86' lang='lat' dir='ltr'>vsus,</span> <span class='ocrx_word' id='word_1_255' title='bbox 261 2185 342 2225; x_wconf 83' lang='lat' dir='ltr'>vix</span> <span class='ocrx_word' id='word_1_256' title='bbox 372 2192 473 2225; x_wconf 88' lang='lat' dir='ltr'>erat</span> <span class='ocrx_word' id='word_1_257' title='bbox 508 2197 627 2225; x_wconf 90' lang='lat' dir='ltr'>vnus</span> <span class='ocrx_word' id='word_1_258' title='bbox 657 2186 735 2237; x_wconf 93' lang='lat' dir='ltr'>qui</span> <span class='ocrx_word' id='word_1_259' title='bbox 763 2198 856 2227; x_wconf 91' lang='lat' dir='ltr'>non</span> <span class='ocrx_word' id='word_1_260' title='bbox 889 2187 931 2226; x_wconf 92' lang='lat' dir='ltr'>ei</span> <span class='ocrx_word' id='word_1_261' title='bbox 961 2186 1211 2238; x_wconf 87' lang='lat' dir='ltr'>plurimum</span> <span class='ocrx_word' id='word_1_262' title='bbox 1241 2188 1580 2237; x_wconf 80' lang='lat' dir='ltr'>gratularetur.</span> <span class='ocrx_word' id='word_1_263' title='bbox 1610 2186 1729 2227; x_wconf 91' lang='lat' dir='ltr'>Cum</span> 
     </span>
     <span class='ocr_line' id='line_1_32' title="bbox 95 2255 1727 2308; baseline 0.001 -12"><span class='ocrx_word' id='word_1_264' title='bbox 95 2268 208 2296; x_wconf 84' lang='lat' dir='ltr'>vero</span> <span class='ocrx_word' id='word_1_265' title='bbox 230 2255 352 2296; x_wconf 71' lang='lat' dir='ltr'>RduS</span> <span class='ocrx_word' id='word_1_266' title='bbox 382 2262 541 2296; x_wconf 90' lang='lat' dir='ltr'>noster</span> <span class='ocrx_word' id='word_1_267' title='bbox 562 2262 697 2308; x_wconf 90' lang='lat' dir='ltr'>pater</span> <span class='ocrx_word' id='word_1_268' title='bbox 712 2257 928 2298; x_wconf 87' lang='lat' dir='ltr'>iuuenem</span> <span class='ocrx_word' id='word_1_269' title='bbox 945 2259 1069 2298; x_wconf 88' lang='lat' dir='ltr'>hunc</span> <span class='ocrx_word' id='word_1_270' title='bbox 1087 2258 1181 2298; x_wconf 92' lang='lat' dir='ltr'>iam</span> <span class='ocrx_word' id='word_1_271' title='bbox 1197 2270 1309 2298; x_wconf 87' lang='lat' dir='ltr'>Vere</span> <span class='ocrx_word' id='word_1_272' title='bbox 1324 2258 1609 2298; x_wconf 87' lang='lat' dir='ltr'>catholicum</span> <span class='ocrx_word' id='word_1_273' title='bbox 1630 2270 1727 2298; x_wconf 90' lang='lat' dir='ltr'>non</span> 
     </span>
     <span class='ocr_line' id='line_1_33' title="bbox 93 2327 1727 2382; baseline 0.001 -15"><span class='ocrx_word' id='word_1_274' title='bbox 93 2328 270 2379; x_wconf 87' lang='lat' dir='ltr'>absque</span> <span class='ocrx_word' id='word_1_275' title='bbox 293 2327 452 2368; x_wconf 90' lang='lat' dir='ltr'>diuino</span> <span class='ocrx_word' id='word_1_276' title='bbox 475 2328 668 2368; x_wconf 85' lang='lat' dir='ltr'>consilio</span> <span class='ocrx_word' id='word_1_277' title='bbox 689 2328 749 2369; x_wconf 90' lang='lat' dir='ltr'>ad</span> <span class='ocrx_word' id='word_1_278' title='bbox 776 2329 996 2381; x_wconf 90' lang='lat' dir='ltr'>oppidum</span> <span class='ocrx_word' id='word_1_279' title='bbox 1020 2341 1182 2381; x_wconf 86' lang='lat' dir='ltr'>Vsque,</span> <span class='ocrx_word' id='word_1_280' title='bbox 1208 2330 1331 2381; x_wconf 89' lang='lat' dir='ltr'>quod</span> <span class='ocrx_word' id='word_1_281' title='bbox 1352 2328 1512 2370; x_wconf 85' lang='lat' dir='ltr'>Sancti</span> <span class='ocrx_word' id='word_1_282' title='bbox 1532 2329 1727 2382; x_wconf 90' lang='lat' dir='ltr'>Joannis</span> 
     </span>
     <span class='ocr_line' id='line_1_34' title="bbox 93 2398 1726 2451; baseline 0.001 -13"><span class='ocrx_word' id='word_1_283' title='bbox 93 2398 277 2450; x_wconf 91' lang='lat' dir='ltr'>dicitur,</span> <span class='ocrx_word' id='word_1_284' title='bbox 308 2399 386 2439; x_wconf 83' lang='lat' dir='ltr'>vbi</span> <span class='ocrx_word' id='word_1_285' title='bbox 414 2399 544 2450; x_wconf 89' lang='lat' dir='ltr'>prius</span> <span class='ocrx_word' id='word_1_286' title='bbox 565 2399 863 2440; x_wconf 87' lang='lat' dir='ltr'>habitauerat</span> <span class='ocrx_word' id='word_1_287' title='bbox 889 2412 983 2441; x_wconf 91' lang='lat' dir='ltr'>non</span> <span class='ocrx_word' id='word_1_288' title='bbox 1004 2401 1143 2451; x_wconf 92' lang='lat' dir='ltr'>longe</span> <span class='ocrx_word' id='word_1_289' title='bbox 1165 2401 1223 2440; x_wconf 90' lang='lat' dir='ltr'>ab</span> <span class='ocrx_word' id='word_1_290' title='bbox 1244 2401 1334 2440; x_wconf 91' lang='lat' dir='ltr'>hac</span> <span class='ocrx_word' id='word_1_291' title='bbox 1356 2401 1561 2449; x_wconf 89' lang='lat' dir='ltr'>ciuitate,</span> <span class='ocrx_word' id='word_1_292' title='bbox 1587 2400 1726 2440; x_wconf 90' lang='lat' dir='ltr'>comi-</span> 
     </span>
     <span class='ocr_line' id='line_1_35' title="bbox 91 2470 1726 2523; baseline 0.001 -13"><span class='ocrx_word' id='word_1_293' title='bbox 91 2475 286 2521; x_wconf 89' lang='lat' dir='ltr'>taretur,</span> <span class='ocrx_word' id='word_1_294' title='bbox 310 2482 336 2509; x_wconf 91' lang='lat' dir='ltr'>a</span> <span class='ocrx_word' id='word_1_295' title='bbox 359 2476 456 2510; x_wconf 88' lang='lat' dir='ltr'>toto</span> <span class='ocrx_word' id='word_1_296' title='bbox 478 2470 602 2510; x_wconf 90' lang='lat' dir='ltr'>clero</span> <span class='ocrx_word' id='word_1_297' title='bbox 620 2482 676 2510; x_wconf 91' lang='lat' dir='ltr'>ac</span> <span class='ocrx_word' id='word_1_298' title='bbox 697 2471 943 2523; x_wconf 89' lang='lat' dir='ltr'>oppidanis</span> <span class='ocrx_word' id='word_1_299' title='bbox 964 2472 1177 2512; x_wconf 91' lang='lat' dir='ltr'>omnibus</span> <span class='ocrx_word' id='word_1_300' title='bbox 1195 2483 1301 2512; x_wconf 91' lang='lat' dir='ltr'>cum</span> <span class='ocrx_word' id='word_1_301' title='bbox 1323 2482 1496 2522; x_wconf 87' lang='lat' dir='ltr'>magno</span> <span class='ocrx_word' id='word_1_302' title='bbox 1518 2471 1726 2511; x_wconf 90' lang='lat' dir='ltr'>omnium</span> 
     </span>
     <span class='ocr_line' id='line_1_36' title="bbox 91 2540 1726 2593; baseline 0.001 -13"><span class='ocrx_word' id='word_1_303' title='bbox 91 2541 322 2592; x_wconf 85' lang='lat' dir='ltr'>applausu</span> <span class='ocrx_word' id='word_1_304' title='bbox 357 2546 497 2593; x_wconf 85' lang='lat' dir='ltr'>atque</span> <span class='ocrx_word' id='word_1_305' title='bbox 532 2540 762 2592; x_wconf 85' lang='lat' dir='ltr'>spirituali</span> <span class='ocrx_word' id='word_1_306' title='bbox 794 2542 1082 2583; x_wconf 89' lang='lat' dir='ltr'>iucunditate</span> <span class='ocrx_word' id='word_1_307' title='bbox 1116 2554 1210 2583; x_wconf 83' lang='lat' dir='ltr'>vna</span> <span class='ocrx_word' id='word_1_308' title='bbox 1245 2554 1351 2583; x_wconf 92' lang='lat' dir='ltr'>cum</span> <span class='ocrx_word' id='word_1_309' title='bbox 1385 2554 1469 2582; x_wconf 94' lang='lat' dir='ltr'>suo</span> <span class='ocrx_word' id='word_1_310' title='bbox 1504 2541 1726 2582; x_wconf 88' lang='lat' dir='ltr'>filiolo-in</span> 
     </span>
     <span class='ocr_line' id='line_1_37' title="bbox 90 2612 1725 2665; baseline 0 -13"><span class='ocrx_word' id='word_1_311' title='bbox 90 2623 324 2652; x_wconf 90' lang='lat' dir='ltr'>summum</span> <span class='ocrx_word' id='word_1_312' title='bbox 359 2612 567 2652; x_wconf 88' lang='lat' dir='ltr'>eiusdem</span> <span class='ocrx_word' id='word_1_313' title='bbox 594 2612 751 2664; x_wconf 90' lang='lat' dir='ltr'>oppidi</span> <span class='ocrx_word' id='word_1_314' title='bbox 777 2615 1001 2665; x_wconf 90' lang='lat' dir='ltr'>templum</span> <span class='ocrx_word' id='word_1_315' title='bbox 1027 2613 1255 2654; x_wconf 91' lang='lat' dir='ltr'>deductus</span> <span class='ocrx_word' id='word_1_316' title='bbox 1281 2620 1366 2664; x_wconf 91' lang='lat' dir='ltr'>est,</span> <span class='ocrx_word' id='word_1_317' title='bbox 1396 2614 1473 2654; x_wconf 90' lang='lat' dir='ltr'>vbi</span> <span class='ocrx_word' id='word_1_318' title='bbox 1503 2625 1607 2654; x_wconf 92' lang='lat' dir='ltr'>cum</span> <span class='ocrx_word' id='word_1_319' title='bbox 1636 2613 1725 2664; x_wconf 89' lang='lat' dir='ltr'>piis</span> 
     </span>
     <span class='ocr_line' id='line_1_38' title="bbox 91 2683 1723 2736; baseline -0.001 -12"><span class='ocrx_word' id='word_1_320' title='bbox 91 2684 299 2724; x_wconf 90' lang='lat' dir='ltr'>omnium</span> <span class='ocrx_word' id='word_1_321' title='bbox 309 2683 431 2724; x_wconf 90' lang='lat' dir='ltr'>votis</span> <span class='ocrx_word' id='word_1_322' title='bbox 444 2695 499 2723; x_wconf 92' lang='lat' dir='ltr'>ac</span> <span class='ocrx_word' id='word_1_323' title='bbox 520 2683 737 2735; x_wconf 91' lang='lat' dir='ltr'>precibus</span> <span class='ocrx_word' id='word_1_324' title='bbox 753 2684 983 2725; x_wconf 88' lang='lat' dir='ltr'>obsistere</span> <span class='ocrx_word' id='word_1_325' title='bbox 999 2685 1250 2736; x_wconf 91' lang='lat' dir='ltr'>nequisset,</span> <span class='ocrx_word' id='word_1_326' title='bbox 1269 2685 1557 2736; x_wconf 86' lang='lat' dir='ltr'>benignitate</span> <span class='ocrx_word' id='word_1_327' title='bbox 1579 2684 1723 2724; x_wconf 88' lang='lat' dir='ltr'>omni-</span> 
     </span>
     <span class='ocr_line' id='line_1_39' title="bbox 89 2754 1722 2807; baseline 0.001 -13"><span class='ocrx_word' id='word_1_328' title='bbox 89 2755 292 2806; x_wconf 90' lang='lat' dir='ltr'>potentis</span> <span class='ocrx_word' id='word_1_329' title='bbox 331 2754 419 2795; x_wconf 89' lang='lat' dir='ltr'>Dei</span> <span class='ocrx_word' id='word_1_330' title='bbox 456 2754 670 2795; x_wconf 85' lang='lat' dir='ltr'>effectum</span> <span class='ocrx_word' id='word_1_331' title='bbox 698 2762 768 2796; x_wconf 91' lang='lat' dir='ltr'>est</span> <span class='ocrx_word' id='word_1_332' title='bbox 803 2761 854 2796; x_wconf 87' lang='lat' dir='ltr'>vt</span> <span class='ocrx_word' id='word_1_333' title='bbox 893 2768 987 2796; x_wconf 92' lang='lat' dir='ltr'>non</span> <span class='ocrx_word' id='word_1_334' title='bbox 1015 2768 1164 2807; x_wconf 93' lang='lat' dir='ltr'>paruo</span> <span class='ocrx_word' id='word_1_335' title='bbox 1206 2768 1311 2796; x_wconf 91' lang='lat' dir='ltr'>cum</span> <span class='ocrx_word' id='word_1_336' title='bbox 1351 2756 1506 2796; x_wconf 84' lang='lat' dir='ltr'>fructu</span> <span class='ocrx_word' id='word_1_337' title='bbox 1539 2755 1722 2796; x_wconf 89' lang='lat' dir='ltr'>concio-</span> 
     </span>
     <span class='ocr_line' id='line_1_40' title="bbox 89 2825 1721 2879; baseline 0 -14"><span class='ocrx_word' id='word_1_338' title='bbox 89 2837 196 2866; x_wconf 90' lang='lat' dir='ltr'>nem</span> <span class='ocrx_word' id='word_1_339' title='bbox 216 2826 446 2867; x_wconf 88' lang='lat' dir='ltr'>habuerit.</span> <span class='ocrx_word' id='word_1_340' title='bbox 470 2825 589 2867; x_wconf 91' lang='lat' dir='ltr'>Nam</span> <span class='ocrx_word' id='word_1_341' title='bbox 617 2832 947 2878; x_wconf 91' lang='lat' dir='ltr'>praeterquam</span> <span class='ocrx_word' id='word_1_342' title='bbox 975 2827 1099 2879; x_wconf 90' lang='lat' dir='ltr'>quod</span> <span class='ocrx_word' id='word_1_343' title='bbox 1125 2828 1283 2878; x_wconf 89' lang='lat' dir='ltr'>gladio</span> <span class='ocrx_word' id='word_1_344' title='bbox 1311 2827 1387 2868; x_wconf 92' lang='lat' dir='ltr'>illo</span> <span class='ocrx_word' id='word_1_345' title='bbox 1410 2827 1556 2879; x_wconf 89' lang='lat' dir='ltr'>ignito</span> <span class='ocrx_word' id='word_1_346' title='bbox 1579 2825 1721 2878; x_wconf 80' lang='lat' dir='ltr'>Spiri-</span> 
     </span>
     <span class='ocr_line' id='line_1_41' title="bbox 88 2892 1721 2948; baseline 0.001 -12"><span class='ocrx_word' id='word_1_347' title='bbox 88 2901 164 2936; x_wconf 88' lang='lat' dir='ltr'>tus</span> <span class='ocrx_word' id='word_1_348' title='bbox 183 2895 344 2938; x_wconf 85' lang='lat' dir='ltr'>Sancti</span> <span class='ocrx_word' id='word_1_349' title='bbox 377 2909 433 2938; x_wconf 89' lang='lat' dir='ltr'>ac</span> <span class='ocrx_word' id='word_1_350' title='bbox 453 2897 586 2937; x_wconf 87' lang='lat' dir='ltr'>verbi</span> <span class='ocrx_word' id='word_1_351' title='bbox 620 2896 709 2937; x_wconf 89' lang='lat' dir='ltr'>Dei</span> <span class='ocrx_word' id='word_1_352' title='bbox 735 2892 992 2948; x_wconf 87' lang='lat' dir='ltr'>permultos</span> <span class='ocrx_word' id='word_1_353' title='bbox 1018 2898 1065 2938; x_wconf 91' lang='lat' dir='ltr'>in</span> <span class='ocrx_word' id='word_1_354' title='bbox 1095 2909 1268 2939; x_wconf 91' lang='lat' dir='ltr'>nouum</span> <span class='ocrx_word' id='word_1_355' title='bbox 1304 2910 1359 2939; x_wconf 91' lang='lat' dir='ltr'>ac</span> <span class='ocrx_word' id='word_1_356' title='bbox 1381 2904 1573 2939; x_wconf 90' lang='lat' dir='ltr'>sanctae</span> <span class='ocrx_word' id='word_1_357' title='bbox 1595 2898 1721 2938; x_wconf 88' lang='lat' dir='ltr'>vitae</span> 
     </span>
    </p>
   </div>
  </div>
 </body>
</html>
