2028 3328
845 176 930 214 AN.
960 178 1052 214 1555
1697 180 1765 217 711

131 278 421 323 peruagatus
441 274 691 314 multorum
712 273 912 324 animos,
937 285 991 314 eo
1021 273 1146 325 quod
1168 286 1261 314 non
1283 274 1600 316 interfuissent
1624 277 1767 316 actio-

131 343 194 391 ni,
218 342 378 383 dolore
396 343 600 384 afficeret
621 356 676 385 ac
698 345 927 385 desiderio
954 345 1198 396 spectandi
1228 345 1514 387 incenderet.
1538 346 1676 387 Vnde
1707 349 1766 387 ob

133 414 441 465 quorumdam
461 427 639 468 preces,
658 416 856 456 Vtilitate
877 415 944 456 rei
961 427 1207 468 perpensa,
1228 428 1321 456 non
1340 417 1477 468 paulo
1495 419 1767 458 accuratius

134 484 224 524 alio
248 486 450 536 quodam
470 486 588 527 festo
611 487 684 527 die
706 486 868 527 eadem
889 487 1135 537 tragoedia
1157 487 1325 527 iterum
1343 494 1411 527 est
1430 487 1652 528 exhibita.
1671 488 1765 529 Ad-

129 555 316 596 fuerunt
337 563 434 597 tum
455 558 703 609 praecipue
725 558 814 598 Viri
835 558 1074 598 nobilitate
1096 569 1152 598 ac
1174 558 1401 609 dignitate
1425 558 1643 606 illustres,
1665 566 1764 600 tum

131 638 190 666 ex
211 627 329 667 aulis
351 628 508 679 regiis,
532 634 630 669 tum
647 641 705 669 ex
722 629 910 669 ciuitate
934 635 978 669 et
994 629 1238 669 academia
1258 629 1518 669 viennensi.
1539 629 1701 670 Adfuit
1720 637 1765 671 et

131 696 190 737 ad
210 697 300 737 hoc
321 701 640 749 spectaculum
671 700 877 741 maxima
906 700 1147 740 hominum
1167 700 1412 751 Vtriusque
1443 711 1584 740 sexus
1613 702 1763 742 multi-

129 767 254 818 tudo,
279 780 395 820 quos
416 770 710 811 miserandae
732 770 1097 811 vociferationes
1120 770 1304 811 animae
1326 770 1579 811 damnatae
1611 773 1761 813 cuius-

126 837 235 878 dam
256 838 433 891 Euripi,
458 848 501 880 et
521 841 754 882 horrenda
777 853 832 882 ac
854 841 1058 882 terrifica
1076 842 1233 893 imago
1251 841 1421 881 inferni
1436 841 1598 882 ficticii
1614 854 1763 895 vsque

127 909 245 951 adeo
268 913 534 963 commouit,
552 919 603 953 vt
624 913 730 953 hinc
749 913 1042 964 propositum
1059 912 1266 953 melioris
1283 913 1409 953 vitae
1426 914 1638 954 nonnulli
1655 925 1762 954 con-

128 982 353 1033 ceperint.
379 982 428 1023 ld
449 984 606 1024 testati
627 990 732 1024 sunt
754 990 798 1024 et
820 984 922 1036 ipsi,
948 985 1058 1036 quin
1090 990 1133 1024 et
1160 984 1436 1036 lachrymae
1465 992 1764 1036 erumpentes

127 1058 171 1093 et
193 1054 395 1104 gemitus
416 1054 553 1094 huius
573 1055 641 1094 rei
661 1055 786 1095 haud
807 1055 1056 1095 obscuram
1078 1054 1291 1095 fecerunt
1319 1054 1471 1095 fidem.
1496 1053 1656 1107 Neque
1688 1056 1762 1096 de-

125 1123 313 1164 fuerunt
348 1136 406 1164 ex
441 1125 497 1165 iis
531 1126 874 1177 spectatoribus
909 1126 1051 1166 etiam
1085 1126 1369 1177 praecipuae
1399 1132 1554 1177 notae,
1595 1127 1672 1178 qui
1703 1139 1762 1168 ex

125 1195 535 1236 commiseratione
564 1196 847 1247 animarum,
878 1209 996 1249 quae
1024 1197 1132 1248 igne
1162 1197 1437 1248 purgatorio
1470 1199 1757 1248 cruciantur,

125 1265 294 1306 Missas
322 1266 422 1306 fieri
450 1274 747 1307 curauerunt.
777 1267 908 1308 Haec
939 1268 1044 1308 ideo
1076 1279 1271 1308 narrare
1302 1268 1509 1308 collibuit
1538 1269 1761 1320 quoniam

123 1342 308 1387 praeter
330 1349 522 1377 causam
542 1338 681 1378 modo
703 1338 877 1379 dictam
899 1350 992 1378 non
1009 1350 1176 1391 parum
1192 1338 1345 1379 laudis
1362 1345 1500 1390 atque
1519 1339 1759 1380 commodi

120 1408 277 1448 attulit
297 1409 470 1449 nostris
491 1409 665 1449 scholis
686 1422 740 1450 ea
762 1410 952 1461 puerilis
973 1410 1112 1451 actio.

202 1479 273 1519 De
295 1480 598 1520 concionibus
619 1487 888 1521 nostrorum
907 1493 1000 1521 non
1022 1481 1171 1522 habeo
1193 1481 1318 1533 quod
1339 1481 1398 1522 ad
1420 1493 1498 1532 ea,
1523 1493 1642 1533 quae
1675 1493 1754 1522 nu-

120 1561 204 1601 per
225 1551 403 1602 scripta
423 1558 545 1601 sunt,
571 1551 754 1602 addam,
775 1552 863 1592 nisi
886 1552 1010 1604 quod
1031 1564 1090 1593 ex
1107 1553 1281 1593 nostris
1298 1552 1389 1592 duo
1409 1553 1650 1604 coeperint
1666 1553 1756 1593 hoc

122 1632 258 1661 sacro
280 1622 500 1663 Aduentu
522 1623 704 1674 publice
726 1623 1022 1674 concionari,
1053 1635 1168 1675 quos
1189 1623 1630 1664 Reuerendissimus
1651 1624 1756 1675 Epi-

124 1703 295 1743 scopus
316 1693 580 1733 labacensis
603 1692 636 1744 ¹,
660 1700 711 1734 vt
733 1694 923 1735 maioris
942 1701 1098 1735 essent
1120 1694 1243 1746 apud
1260 1696 1484 1746 populum
1502 1695 1756 1735 authorita-

122 1762 196 1812 tis,
234 1763 381 1803 suasit
417 1764 476 1804 ad
514 1764 790 1805 diaconatus
829 1765 1105 1816 dignitatem
1147 1765 1430 1816 promoueri.
1471 1765 1531 1805 Hi
1565 1765 1752 1818 fratres,

119 1833 513 1884 quemadmodum
535 1841 579 1875 et
600 1835 701 1886 alii,
725 1836 891 1887 quibus
923 1837 1148 1876 talentum
1177 1836 1491 1876 concionandi
1524 1835 1754 1877 Dominus

120 1902 250 1944 Deus
279 1905 454 1956 tribuit,
492 1906 655 1946 diebus
689 1906 934 1948 dominicis
971 1919 1026 1948 ac
1061 1907 1192 1948 festis
1227 1907 1423 1947 verbum
1458 1907 1546 1947 Dei
1581 1909 1752 1960 populo

117 1976 465 2016 communicant
486 1988 646 2018 omnes
668 1978 715 2018 in
735 1978 934 2019 diuersis
956 1979 1166 2019 ecclesiis
1187 1978 1324 2019 huius
1346 1979 1568 2030 ciuitatis;
1588 1985 1632 2019 et
1654 1980 1753 2031 qui-

116 2044 225 2085 dam
247 2045 412 2087 horum
434 2047 576 2087 etiam
593 2060 752 2089 coram
773 2048 902 2101 Rege
925 2049 937 2067 ²
961 2056 1004 2089 et
1027 2050 1126 2090 eius
1144 2049 1248 2090 filiis
1270 2050 1317 2089 in
1334 2050 1505 2101 templo
1522 2049 1746 2101 Augusti-

115 2116 329 2156 nensium
349 2118 594 2169 aliquoties
616 2120 885 2160 concionati
906 2127 1028 2170 sunt,
1059 2132 1151 2160 non
1182 2120 1282 2160 sine
1311 2120 1519 2172 ipsorum
1549 2121 1750 2161 admira-

116 2186 241 2226 tione
262 2199 317 2227 ac
340 2188 660 2230 satisfactione
680 2196 731 2231 vt
753 2197 797 2231 et
818 2191 1018 2231 aliorum
1045 2191 1273 2242 omnium,
1302 2191 1392 2231 nisi
1418 2191 1619 2232 fortasse
1651 2192 1746 2244 qui—

118 2256 203 2296 bus
225 2257 440 2299 doctrina
462 2260 693 2301 catholica
720 2261 855 2302 desiit
883 2263 1036 2302 minus
1064 2262 1175 2313 (sic)
1204 2262 1321 2302 bene
1349 2273 1529 2314 sapere.
1565 2262 1748 2303 Primus

117 2327 241 2379 apud
257 2327 433 2380 Regem
451 2331 563 2371 obiit
578 2331 702 2372 istud
717 2343 884 2373 munus
900 2333 957 2373 D.
978 2333 1208 2374 Martinus
1221 2333 1549 2374 Stiuordianus
1566 2332 1595 2383 ⁵,
1615 2333 1749 2375 cuius

115 2399 297 2450 concio,
325 2406 372 2440 vt
393 2407 493 2441 erat
514 2401 700 2442 feruens
721 2409 765 2443 et
785 2403 878 2455 pia,
901 2403 1020 2455 Regi
1039 2404 1155 2444 adeo
1177 2404 1437 2456 perplacuit
1456 2411 1506 2444 vt
1525 2416 1631 2445 eum
1647 2417 1748 2446 sae-

115 2470 219 2521 pius
241 2471 403 2510 audire
424 2472 667 2523 cupiuerit.
691 2473 1092 2525 Quemadmodum
1119 2480 1163 2515 et
1182 2474 1359 2515 factum
1389 2480 1472 2516 est.
1505 2473 1745 2517 Successit

116 2540 182 2580 illi
202 2541 250 2580 in
275 2541 394 2582 festo
416 2542 527 2582 Diui
553 2542 779 2595 Stephani
805 2544 854 2585 P.
890 2544 1117 2585 Godanus
1147 2544 1176 2586 ⁴.
1204 2545 1401 2597 Reliqui,
1431 2553 1482 2586 vt
1509 2553 1742 2598 putamus,

112 2611 472 2663 subsequentur.

192 2681 394 2724 Fructus
427 2685 594 2726 harum
625 2686 903 2727 concionum
930 2694 999 2727 est
1027 2688 1211 2728 auctior
1241 2687 1560 2728 confitentium
1588 2700 1744 2729 nume-

167 2842 176 2862 ¹
216 2841 376 2870 Urbanus
390 2843 532 2871 Weber.

164 2889 178 2908 Ξ
216 2888 431 2917 Ferdinando
446 2890 471 2918 Ι.

164 2936 177 2956 ³
217 2936 303 2963 Vide
318 2944 432 2972 supra,
450 2942 471 2965 t.
486 2945 508 2972 1,
523 2946 599 2973 pag.
617 2939 676 2966 146.

165 2984 178 3004 ⁴
218 2985 249 3011 Ρ.
267 2984 425 3013 Nicolaus
441 2985 633 3015 Goudanus.
