2028 3328
153 135 222 174 128
667 137 895 174 LITTERAE
923 147 1283 181 QUADRIMESTRES

152 232 480 273 adhibendum.
502 233 769 285 Postquam,
790 233 921 273 iuxta
938 245 1190 285 puerorum
1207 240 1412 286 captum,
1438 240 1507 275 est
1528 235 1791 276 christiana

150 303 366 344 doctrina
387 304 599 355 recitata,
622 304 768 344 frater
789 303 979 356 quidam
1000 310 1158 345 noster
1188 305 1363 345 editum
1390 306 1545 345 locum
1568 300 1794 347 conscen-

151 374 233 424 dit,
261 380 306 415 et
336 375 601 416 doctrinam
627 376 936 416 christianam
964 376 1219 417 maioribus
1250 384 1362 416 natu
1390 377 1618 427 prolixius
1651 378 1791 419 inter-

147 451 377 497 pretatur,
414 447 538 498 quod
574 454 682 487 ante
710 447 758 487 in
785 453 948 487 nostro
970 447 1180 499 Collegio
1202 447 1357 496 fiebat,
1392 447 1474 488 sed
1495 454 1688 500 propter
1711 461 1787 489 an-

148 517 331 569 gustias
352 519 458 568 loci,
482 519 560 570 qui
581 524 650 558 tot
672 529 841 569 capere
861 529 956 558 non
978 524 1183 570 poterat,
1210 524 1403 559 coactus
1424 525 1493 559 est
1513 519 1661 560 frater
1683 531 1787 560 nos-

148 596 221 629 ter
240 595 423 630 mutare
443 591 616 639 locum,
641 595 685 630 et
712 589 758 629 in
780 589 1035 641 quamdam
1055 590 1282 631 maiorem
1309 591 1573 642 ecclesiam,
1597 597 1794 631 nostrae

147 660 306 701 domui
341 661 665 713 propinquam,
696 671 745 700 se
772 672 865 701 una
893 672 1000 701 cum
1028 661 1319 702 auditoribus
1346 661 1569 713 recipere.
1607 661 1711 713 {ruo
1739 662 1791 702 in»

147 732 251 772 loco
268 732 314 772 in
336 732 501 772 eodem
523 731 748 772 exercitio
771 731 830 772 ad
851 730 939 772 Dei
960 732 1162 783 gloriam
1182 738 1472 784 perseuerat.

225 802 419 843 Vtinam
454 815 539 843 nos
560 814 722 843 omnes
744 803 791 843 in
811 802 900 843 Dei
921 803 1169 844 dilectione
1202 814 1257 843 ac
1280 803 1380 844 eius
1402 803 1659 844 uoluntatis
1682 815 1791 844 exe-⁷

146 874 371 925 quutione
394 873 452 914 ad
475 873 613 914 finem
634 885 780 925 usque
809 885 1179 925 perseueremus.

225 945 359 996 Quod
380 951 429 985 ut
449 944 543 995 fiat,
568 951 676 986 tuae
697 945 820 985 R.dae
850 945 1153 986 Paternitatis
1176 946 1469 987 orationibus
1486 952 1626 998 atque
1643 947 1789 987 sacri-

145 1016 262 1057 ficiis
294 1028 380 1057 nos
407 1016 619 1068 indigere
655 1016 1000 1068 cognoscimus,
1031 1023 1076 1057 et
1103 1024 1152 1058 ut
1173 1017 1307 1058 nobis
1334 1018 1476 1058 ueluti
1499 1018 1791 1070 pauperibus.

144 1088 309 1129 faueas
324 1089 632 1139 postulamus.

225 1159 489 1209 Valentiae‚
515 1159 735 1200 Calendis
752 1159 1040 1212 Septembris
1063 1172 1186 1201 anno
1211 1160 1352 1201 1554.ο

224 1230 352 1270 Tuae
375 1229 498 1270 R.dae
529 1230 577 1271 P.
603 1230 822 1271 minimus
843 1230 978 1281 filius,

995 1375 1308 1416 HIERONYMUS
1329 1367 1561 1414 RiPALDA.

221 1658 577 1710 superscriptio
612 1660 661 1699 in
697 1663 871 1711 quarta
899 1659 1117 1711 pagina:
1150 1623 1302 1713 Jesus.
1339 1658 1400 1700 Al
1434 1669 1546 1710 muy
1580 1656 1682 1698 R-d0
1723 1669 1781 1698 en

139 1728 329 1770 Christo
351 1729 503 1770 Padre
525 1732 566 1771 el
586 1730 738 1772 Padre
760 1731 820 1772 M.
843 1731 1026 1783 Ignatio
1050 1732 1106 1772 de
1127 1731 1321 1783 Loyola,
1347 1729 1620 1781 Praeposito
1641 1740 1780 1781 gene-

137 1802 209 1841 ral
230 1801 286 1841 de
306 1802 351 1841 la
375 1801 633 1854 Compafiia
656 1802 712 1843 de
732 1803 885 1856 Jesus,
916 1815 972 1843 en
994 1802 1160 1844 Roma.

217 1871 329 1912 Alsa
350 1884 511 1913 manu.
536 1873 652 1913 1554.
678 1873 828 1925 Quad.
848 1873 1112 1916 Valentiae.
1138 1874 1207 1915 Ρ.ἰ
1229 1875 1530 1928 Septembris.

218 1943 384 1984 Manet
403 1944 664 1996 vestigium
683 1945 856 1996 sigilli.
