2028 3328
821 135 902 170 Ax.
935 135 1026 170 1555
1679 138 1746 174 491

116 231 162 268 v'
187 233 210 269 e
233 236 354 270 stato
376 237 606 282 presente,
631 243 678 271 se
699 232 743 270 n'
769 234 792 270 e
808 229 1300 279 ma1·auigli21to.Tutti
1322 231 1350 270 li
1374 232 1521 271 nostri
1542 231 1679 272 Pausi
1702 240 1747 273 et

118 300 287 340 fratelli
309 301 353 341 di
375 313 486 341 casa
509 308 676 341 stanno
698 302 814 341 bene
842 312 924 352 per
955 300 1110 350 gratia
1134 301 1205 340 del
1228 300 1415 351 Signior
1444 308 1487 341 et
1518 314 1606 342 con
1628 315 1747 353 gran

118 382 249 422 pace.
288 371 520 412 Hauiamo
543 373 619 423 qui
647 373 691 411 in
719 383 830 411 casa
864 372 942 410 vn’
974 371 1147 410 hebreo
1182 383 1264 422 per
1293 372 1577 412 battezzarlo
1607 373 1746 423 dapoi

121 442 207 482 che
223 443 303 482 noi
319 444 346 482 l’
368 443 605 483 hauerem'
623 444 841 483 instrutto
863 442 966 482 ben'
987 442 1107 481 nella
1130 442 1332 482 dom-ina
1352 449 1396 483 et
1415 443 1512 483 vita
1535 443 1745 484 christia-

117 525 192 552 na.
219 513 404 564 Quanto
427 515 596 554 habbia
628 513 908 565 profittatosi
938 514 985 552 in
1013 513 1164 564 questi
1187 514 1325 564 pochi
1360 514 1528 564 giorni,
1554 526 1647 554 non
1669 527 1747 566 po-

115 584 203 623 trei
224 584 309 624 dir’
329 584 614 625 ‘facilmentffl
640 589 664 625 e
685 590 815 624 tanto
834 584 1038 624 humano
1062 596 1085 623 e
1108 585 1222 623 tant’
1243 596 1267 623 a
1288 583 1393 634 (sic)
1416 591 1745 636 costummatQ

115 660 158 694 et
179 655 234 695 de
256 655 411 695 buona
433 656 545 707 vita,
571 662 615 696 et
637 657 820 696 sincero
842 656 917 695 nel
938 655 1139 706 parlare,
1173 661 1217 694 et
1248 662 1379 695 tanto
1402 663 1649 696 constante
1672 658 1746 697 nel

113 737 197 764 suo
218 718 475 777 proposito,
500 727 571 767 ch’
597 731 621 767 e
642 738 752 767 cosa
774 727 1127 777 marauigliosa.

194 796 280 836 Del
307 805 466 837 nostro
491 797 591 838 R.d0
616 797 763 838 Prior'
791 797 911 837 della
932 797 1115 837 Trinita
1146 796 1153 815 ¹
1186 809 1278 837 non
1309 797 1411 837 diro
1443 800 1562 838 altro
1590 799 1627 838 s'
1653 811 1747 839 non

113 866 187 906 ch'
212 868 403 918 ogniun’
428 873 480 909 sit
502 875 674 921 quanto
697 869 768 908 ch’
793 870 832 907 c’
858 879 964 908 ama
987 868 1108 908 tutti.

192 938 248 978 Et
269 942 368 979 cosi
390 941 502 990 ogni
523 947 684 980 nostra
706 951 816 979 cosa
838 950 921 990 per
941 939 1097 989 gratia
1121 939 1194 979 del
1217 938 1417 991 Signore
1438 952 1498 980 va
1518 941 1648 981 bene.

196 1009 282 1049 ΑΠ’
307 1011 509 1050 orationi
530 1010 575 1051 di
597 1011 654 1051 V.
680 1010 733 1050 R.
758 1012 863 1050 tutti
885 1012 922 1050 c'
947 1010 1410 1062 racchomandiamo‚
1441 1017 1529 1052 etc.

192 1080 248 1119 D’
275 1081 463 1122 Vinetia
487 1082 564 1122 alli
582 1083 635 1122 25
656 1083 698 1122 d'
723 1081 914 1133 Maggio
941 1081 1055 1121 1555.

272 1153 342 1193 Ex
365 1153 493 1193 iussu
515 1153 569 1193 R.
593 1153 643 1194 P.
666 1153 895 1193 Rectoris.

350 1224 497 1264 Filius
518 1225 759 1276 indignus,

1187 1367 1474 1409 ARNOLnuus
1496 1368 1524 1407 ².

188 1579 626 1632 Scherscm‘ptiom's
646 1581 746 1621 loco
769 1582 817 1621 ln
852 1581 1005 1622 altera
1031 1582 1247 1633 pagina:
1270 1582 1448 1622 Littere
1479 1582 1741 1633 quadrime-

108 1651 192 1690 stri
214 1651 287 1690 del
309 1651 516 1702 Collegio
545 1653 601 1692 de
622 1652 852 1704 Venegia.

187 1722 299 1762 Alia
321 1735 484 1763 mann:
503 1724 569 1763 55.

188 1794 251 1833 Et
272 1793 387 1834 alia.-
409 1794 626 1846 Vinegia.
649 1796 714 1835 55.
740 1795 791 1835 25
813 1795 858 1836 di
878 1795 1083 1847 maggio.

375 2183 658 2212 Praecedentium
675 2185 819 2212 Arnomi
836 2185 966 2214 Conchi
982 2186 1179 2213 litterarum
1195 2185 1303 2213 latina
1316 2186 1429 2214 versio
1444 2185 1468 2214 ³.

875 2329 974 2405 IITIS

183 2505 285 2545 Pax
306 2504 481 2546 Christi
501 2506 560 2546 sit
581 2506 841 2546 nobiscum.
867 2505 1036 2548 Amen.

185 2576 247 2616 Vt
268 2577 552 2617 laudabilem
573 2582 765 2617 nostrae
789 2576 1038 2618 societatis
1061 2579 1305 2619 obseruem
1332 2579 1734 2631 consuetudinem,

103 2646 489 2699 obedientiaeque
522 2648 790 2700 praeceptis
824 2660 1032 2700 paream,
1066 2648 1166 2689 Rae
1190 2649 1351 2701 Pater,
1383 2661 1503 2702 quae
1539 2657 1739 2703 quatuor

155 2809 163 2828 ¹
204 2808 366 2836 Andreas
380 2808 571 2844 Lipomani,
589 2810 746 2838 Antistes
761 2817 862 2844 saepe
878 2816 1036 2838 vocatus.

155 2856 169 2876 2
208 2855 273 2884 Sic.
304 2888 306 2891 ,

154 2905 168 2925 5
207 2905 471 2940 Autographum
486 2906 678 2939 exemplum
692 2905 791 2933 unico
806 2906 839 2933 in
854 2906 944 2937 folio.
959 2913 990 2933 n.
1007 2906 1069 2940 118,
1084 2906 1117 2933 in
1130 2914 1194 2941 quo
1207 2909 1340 2934 tantum
1353 2907 1569 2943 subscriptio,
1585 2915 1605 2936 a
1619 2908 1738 2936 verbis

102 2952 158 2980 Ex
172 2954 285 2985 iussu,
299 2957 350 2981 est
364 2960 466 2981 manu
479 2952 635 2981 Arnoldi.
