2028 3328
245 191 293 229 52
767 190 992 229 LITTERAE
1007 200 1365 234 QUADRIMESTRES

952 643 1180 698 GOGVI

321 880 368 917 P.
391 878 548 916 Petrus
570 878 785 921 Navarro,

369 944 437 981 Ex
456 944 776 981 commissione
797 944 940 981 Patris
961 944 1141 981 Antonii
1162 942 1214 981 de
1235 941 1457 986 Corduba,

419 1009 538 1046 Patri
557 1009 725 1055 Ignatio
746 1010 799 1046 de
821 1009 1002 1057 Loyola.

467 1074 687 1120 Corduba,
711 1075 754 1112 15
772 1076 877 1122 julii
898 1075 990 1113 1554
1007 1076 1031 1111 ¹.

1053 1230 1070 1260 ἢ.

1019 1264 1119 1306 IHS

339 1427 608 1468 Reuerende
632 1426 885 1467 admodum
906 1426 949 1466 in
974 1425 1160 1466 Christo
1184 1432 1249 1477 p.¹‘

335 1498 525 1540 Summa
546 1498 656 1551 Jesu
679 1497 854 1538 Christi
874 1497 1132 1538 seruatoris
1152 1496 1299 1536 nostri
1320 1497 1476 1547 gratia
1506 1502 1551 1537 et
1569 1508 1665 1549 pax
1694 1496 1752 1536 sit
1774 1508 1892 1538 sem-

254 1583 430 1623 perque
451 1576 634 1610 crescat
655 1569 702 1609 in
722 1575 800 1609 tuo
823 1569 1120 1620 omniumque
1142 1567 1373 1608 cordibus.
1399 1567 1564 1609 Amen.

336 1641 446 1682 Post
476 1641 575 1691 illa,
607 1641 662 1681 de
690 1640 857 1692 quibus
889 1640 983 1680 iam
1014 1639 1185 1680 certior
1206 1639 1358 1679 factus
1390 1651 1439 1680 es
1474 1638 1894 1691 quadrimestribus

256 1713 485 1765 proximis
502 1712 661 1761 literis,
682 1723 910 1763 perquam
927 1711 1193 1751 venerande
1210 1717 1358 1762 pater,
1383 1722 1503 1763 quae
1524 1711 1584 1752 ad
1599 1716 1644 1752 te
1661 1710 1897 1752 scribendi

258 1784 305 1824 in
326 1784 702 1836 praesentiarum
724 1794 826 1823 sese
849 1782 1067 1830 offerunt,
1091 1794 1149 1822 ex
1172 1782 1243 1822 his
1272 1794 1391 1834 quae
1413 1782 1542 1823 Deus
1570 1778 1773 1834 optimus
1802 1793 1896 1823 ma-

258 1855 412 1895 ximus
434 1866 516 1906 per
538 1854 624 1894 hos
646 1865 809 1894 seruos
830 1865 939 1893 suos
960 1859 1182 1905 operatus
1213 1860 1302 1903 est,
1334 1859 1442 1894 sunt
1469 1865 1589 1905 quae
1617 1859 1894 1906 sequuntur.

340 1925 649 1977 Occurritque
671 1925 717 1965 in
739 1924 1022 1965 narrationis
1044 1924 1287 1975 vestibulo,
1311 1925 1460 1976 patris
1475 1924 1721 1965 Francisci
1741 1925 1756 1945 ²
1772 1937 1798 1965 a
1816 1936 1895 1965 no-

259 1997 330 2037 bis
363 1997 410 2037 in
446 1997 698 2037 Castellam
733 1995 984 2036 discessus:
1022 1995 1101 2047 qui
1139 1995 1326 2047 quidem
1357 2007 1463 2036 cum
1494 1995 1898 2048 Quadragesimae

259 2068 390 2108 initio
411 2067 589 2118 fuisset,
613 2067 847 2107 maximae
869 2066 1175 2118 plurimorum
1193 2067 1330 2107 huius
1352 2066 1507 2119 oppidi
1530 2067 1702 2108 animis
1720 2067 1898 2107 desola-

261 2140 377 2180 tioni
396 2139 495 2190 fuit;
519 2145 588 2189 et,
620 2146 670 2178 vt
698 2144 910 2178 caeteros
933 2138 1167 2188 omittam,
1191 2137 1394 2178 Domino
1424 2138 1592 2191 Joanni
1616 2138 1863 2179 Cordubae
1884 2136 1898 2156 ³

261 2211 458 2262 aliisque
480 2221 618 2262 quam
639 2209 850 2261 plurimis
871 2209 1101 2248 nobilibus
1122 2209 1251 2259 viris,
1276 2221 1361 2249 nec
1384 2221 1478 2249 non
1505 2208 1775 2261 Inquisitori
1801 2209 1897 2250 Vil-

263 2283 333 2322 lar
354 2280 368 2300 ⁴
388 2282 526 2322 simul
558 2286 602 2321 et
630 2279 892 2320 canonicis:
928 2279 1095 2331 quibus
1126 2280 1339 2320 omnibus
1366 2280 1520 2321 Patris
1547 2279 1778 2321 aduentus
1804 2293 1898 2322 non

262 2352 544 2393 mediocrem
566 2351 934 2391 consolationem
956 2350 1196 2401 attulerat,
1220 2351 1366 2391 verba
1387 2362 1549 2392 eorum
1571 2351 1753 2392 animos
1775 2363 1900 2392 com-

261 2429 523 2472 mouerant,
547 2433 690 2474 opera
711 2427 867 2461 autem
888 2421 933 2461 in
956 2421 1312 2462 admirationem
1334 2429 1472 2474 atque
1494 2428 1734 2474 stuporem
1751 2422 1894 2463 addu-

263 2500 448 2534 xerant.

343 2564 592 2605 Caeterum
617 2564 864 2604 uulnerum
892 2562 1100 2604 dolorem
1129 2564 1420 2616 aliquantum
1449 2565 1610 2606 leniuit
1639 2576 1771 2616 spes,
1805 2577 1899 2617 qua

261 2635 478 2686 suspensi
498 2635 627 2676 illum
648 2635 695 2675 in
715 2633 1036 2685 Septembrem
1058 2646 1266 2676 mensem
1287 2642 1552 2688 expectant.
1577 2635 1794 2676 Profecto
1813 2636 1898 2677 ita-

319 2820 328 2840 ¹
367 2819 582 2854 Exemplum.
596 2822 631 2846 ut
649 2815 797 2852 videtur,
815 2814 1063 2853 apographum,
1081 2819 1113 2847 in
1128 2812 1255 2855 duplici
1270 2814 1362 2856 folio,
1377 2828 1434 2848 nn.
1447 2820 1500 2848 391
1516 2825 1549 2848 et
1563 2820 1627 2848 395.

317 2869 330 2888 2*
368 2868 403 2894 P.
422 2866 600 2894 Francisci
617 2866 656 2893 de
673 2865 788 2900 Borja.
1460 2885 1462 2887 »
1491 2889 1493 2892 ⁴

315 2916 329 2936 3
365 2915 504 2943 Decano
519 2914 684 2941 ecclesiae
701 2913 941 2946 Cordubensis
960 2913 1105 2949 Collegii
1121 2914 1308 2943 Societatis
1325 2915 1513 2943 fundatori.

315 2964 330 2984 ⁴
366 2962 454 2990 Vide
472 2962 598 2990 Cartas
612 2961 654 2988 de
670 2960 741 2988 San
757 2961 914 2994 Ignacio,
930 2966 952 2989 t.
969 2970 991 2988 v
1007 2983 1013 2995 ‚
1029 2969 1107 2996 pag.
1123 2962 1194 2996 492,
1211 2967 1244 2990 et
1259 2961 1476 2990 SANnvAssrEz
1491 2984 1497 2998 ,
1514 2962 1680 2990 He'storia
1700 2963 1792 2991 dela
1815 2963 1902 2991 Pro-

263 3009 384 3038 vincia
399 3009 442 3036 de
457 3007 669 3040 Andalucz'a,
684 3012 773 3043 part.
788 3008 813 3041 1.
827 3009 881 3037 lib.
896 3016 929 3039 11.
946 3016 1020 3043 cap.
1035 3008 1079 3042 38,
1093 3017 1125 3036 n.
1139 3009 1166 3036 2.
