2028 3328
160 146 228 183 122
671 144 899 182 LITTERAE
926 155 1286 188 QUADRIMESTRES

157 243 259 283 sine
282 241 577 282 confessione
600 255 626 281 a
649 242 783 282 nobis
805 242 994 292 abeunt,
1013 252 1118 282 cum
1140 254 1233 282 non
1263 241 1499 293 possimus
1519 252 1696 291 omnes,
1720 242 1800 293 qui

158 313 219 353 ad
254 324 341 353 nos
371 312 618 363 accedunt,
652 312 830 362 audire,
861 313 908 352 in
936 313 1143 353 animum
1173 312 1356 352 induxit
1383 323 1537 352 emere
1568 312 1805 363 quasdam

155 384 323 424 domos
352 383 528 424 nostris
556 384 755 433 vicinas,
790 389 833 423 et
863 383 1074 424 instituto
1108 389 1269 424 nostro
1299 383 1496 423 multum
1517 383 1798 423 conuenien-
1855 412 1857 414 ψ

159 462 244 504 tes,
269 454 392 507 quod
412 455 545 495 multi
562 455 729 495 domus
749 461 941 495 nostrae
962 454 1120 496 deuoti
1141 455 1234 495 iam
1256 455 1334 495 diu
1351 453 1651 506 desyderant3
1675 453 1802 506 quod

161 526 199 566 si
220 526 315 577 fiat,
339 538 585 578 speramus
605 525 901 577 profuturum
921 526 968 567 in
989 539 1083 567 non
1104 527 1339 567 modicum
1356 525 1548 566 honoris
1568 525 1714 566 diuini
1735 526 1804 565 in·

158 603 464 638 crementum.

241 668 461 709 Referam
483 668 669 709 interim
690 668 846 721 aliqua
866 675 974 709 tuae
995 668 1301 710 Reuerendae
1322 668 1600 709 Paternitati
1631 681 1689 709 ex
1710 668 1805 719 his,

161 752 283 792 quae
304 740 534 781 Dominus
563 752 648 780 sua
678 739 850 792 pietate
879 741 926 781 in
948 740 1319 781 confessionibus
1346 740 1592 781 audiendis
1614 740 1805 792 operari

160 811 382 863 dignatus
405 818 487 859 est;
514 823 716 863 namque
737 811 893 852 omnia
914 812 1089 852 referre
1112 818 1235 852 esset
1265 813 1472 863 longum.
1496 811 1634 852 Iussit
1661 810 1810 851 Pater

162 889 324 923 noster
344 882 657 923 Prouincialis
678 882 867 923 cuidam
895 895 952 923 ex
974 884 1113 940 ,nobis
1134 889 1183 923 ut
1213 883 1301 923 iret
1322 883 1382 923 ad
1417 882 1675 923 audiendas
1696 894 1807 923 con-

163 954 393 995 sessiones
414 954 688 994 monialium
709 953 955 994 cuiusdam
984 954 1274 1005 monasterii,
1306 966 1426 1006 quae
1447 966 1540 995 non
1570 960 1678 994 sunt
1700 954 1804 994 sub·

162 1026 288 1066 ditae
322 1026 582 1076 monachis;
618 1026 777 1077 plures
803 1037 862 1066 ex
892 1026 1006 1077 ipsis
1028 1026 1273 1066 confessae
1300 1031 1407 1066 sunt
1433 1026 1734 1077 generaliter,
1759 1031 1804 1065 et

164 1097 250 1138 fuit
279 1103 410 1137 tanta
445 1097 640 1137 mutatio
669 1097 716 1137 in
745 1097 991 1138 animabus
1018 1108 1194 1143 earum,
1219 1102 1263 1137 et
1290 1103 1387 1137 tam
1408 1097 1600 1137 euidens
1621 1096 1810 1137 fructus.

165 1181 224 1209 ex
246 1169 359 1220 ipsis
381 1167 769 1219 confessionibus,
792 1173 843 1209 ut
865 1168 1078 1220 superior
1099 1179 1261 1209 earum
1284 1166 1390 1208 cum
1418 1168 1641 1208 instantia
1661 1167 1804 1219 petie-

165 1240 241 1290 rit,
263 1246 313 1280 ut
330 1240 496 1280 saltem
518 1239 763 1290 aliquoties
784 1239 891 1279 illuc
913 1239 1245 1280 accederemus
1266 1238 1324 1278 ad
1345 1238 1641 1279 inuisendum
1663 1244 1707 1278 et
1728 1249 1804 1278 au-

166 1310 387 1351 diendum
408 1310 559 1351 dictas
579 1311 824 1361 moniales;
853 1310 1112 1350 mirabatur
1142 1310 1280 1357 enim,
1310 1316 1359 1351 ut
1395 1310 1595 1360 dicebat,
1619 1315 1718 1350 tam
1737 1321 1806 1349 re-

165 1382 406 1435 pentinam
427 1387 472 1422 et
493 1381 790 1422 manifestam
810 1381 1130 1422 mutationem.
1156 1380 1369 1432 Quadam
1391 1380 1464 1421 die
1484 1392 1575 1421 una
1597 1381 1808 1433 ipsarum

166 1453 320 1494 attulit
341 1464 502 1493 coram
522 1452 792 1493 confessore
814 1464 914 1503 suo,
938 1464 1023 1493 sua
1044 1453 1300 1504 superiore,
1324 1458 1368 1493 et
1385 1453 1488 1493 aliis
1509 1452 1805 1501 monialibuS,

169 1524 420 1577 quamdam
456 1535 633 1573 arcam,
657 1536 796 1576 quam
818 1524 1018 1564 habebat
1039 1524 1086 1564 in
1108 1536 1191 1564 suo
1215 1524 1443 1574 cubiculo,
1473 1535 1579 1564 cum
1598 1523 1813 1575 lucerna,

176 1602 341 1648 petens
362 1606 523 1636 coram
546 1596 776 1646 omnibuS,
812 1595 1032 1647 quicquid
1068 1596 1114 1635 in
1143 1607 1198 1635 ea
1225 1595 1434 1645 haberet,
1466 1600 1515 1635 ut
1544 1595 1633 1635 sibi
1660 1594 1808 1635 aufer-

172 1672 243 1707 ret
265 1672 345 1707 aut
374 1666 684 1715 combureret,
709 1677 817 1706 cum
845 1671 984 1706 antea
1015 1678 1072 1706 ne
1099 1666 1261 1706 videre
1289 1665 1492 1718 quidem,
1517 1678 1636 1718 quae
1658 1666 1704 1706 in
1725 1677 1810 1706 sua

171 1749 285 1777 arca
307 1737 525 1788 habebat,
548 1737 858 1789 permitteret,
881 1736 1079 1778 necdum
1108 1737 1407 1777 contrectari.
1431 1736 1675 1789 Quaedam
1694 1748 1810 1777 vero

172 1809 280 1860 alia,
304 1808 426 1849 inter
445 1809 575 1860 ipsas
596 1821 690 1849 non
710 1808 925 1849 modicae
947 1808 1259 1859 auctoritatis,
1278 1808 1476 1860 genibus
1493 1808 1641 1860 flexiS,
1664 1814 1812 1860 terge-

172 1880 251 1920 bat
283 1880 497 1920 sandalia
526 1880 724 1920 aliarum
751 1879 1038 1930 monialium,
1068 1885 1208 1932 atque
1240 1880 1303 1920 ita
1334 1880 1535 1920 inuicem
1566 1880 1814 1920 certabant

171 1963 313 2003 super
335 1950 639 2003 adipiscenda
659 1962 774 1992 vera
802 1951 1079 2003 humilitate,
1103 1957 1152 1991 ut
1182 1951 1414 2003 quaelibet
1440 1951 1651 2003 ipsarum
1671 1951 1815 1991 Vellet

172 2022 402 2074 superior,
432 2022 625 2073 scilicet,
650 2022 870 2063 humilior
895 2022 1111 2073 euadere,
1135 2022 1386 2075 retulitque
1415 2022 1630 2074 superior
1650 2034 1814 2062 earum

172 2105 222 2134 se
249 2105 489 2146 nunquam
517 2093 693 2134 vidisse
729 2093 880 2134 dictas
911 2094 1140 2134 moniales
1170 2094 1328 2134 verius
1358 2093 1683 2134 reformationi
1719 2101 1816 2134 stu-

170 2165 345 2215 duisse,
369 2176 512 2217 quam
532 2176 590 2205 ex
611 2176 702 2217 quo
725 2176 832 2205 cum
852 2165 977 2205 dicto
996 2164 1135 2205 Patre
1157 2164 1400 2205 confessae
1424 2171 1547 2205 sunt.
1572 2163 1815 2216 Quaedam

173 2235 267 2276 filia
289 2236 532 2276 cuiusdam
563 2236 721 2276 militis
747 2236 869 2276 inter
896 2247 991 2286 eos,
1014 2236 1092 2287 qui
1113 2236 1421 2287 insequuntur
1442 2235 1623 2276 curiam
1652 2235 1815 2287 Regis,

176 2307 462 2359 principalis,
487 2307 688 2347 accessit
713 2307 772 2347 ad
793 2318 881 2347 nos
902 2313 951 2347 ut
973 2307 1274 2348 confiteretur
1294 2312 1492 2359 peccata
1513 2318 1614 2348 sua:
1638 2307 1748 2347 huic
1769 2307 1815 2347 in

175 2378 277 2430 ipsa
300 2378 594 2419 confessione
615 2378 679 2418 ita
701 2378 853 2418 illuxit
873 2377 1119 2428 Dominus,
1143 2384 1188 2418 et
1208 2378 1273 2418 ita
1294 2378 1394 2418 eius
1414 2378 1694 2430 praecordia
1714 2389 1819 2429 per·

175 2449 330 2500 culsit,
351 2455 400 2489 ut
420 2449 467 2489 in
487 2450 648 2501 largas
669 2460 981 2501 prorumpens
1001 2449 1257 2490 lachrimas
1279 2455 1323 2489 et
1343 2449 1562 2500 gemitus,
1593 2460 1642 2489 se
1664 2449 1817 2500 ipsam

177 2520 315 2560 valde
338 2520 604 2572 increpans,
627 2527 677 2561 ut
697 2521 851 2572 ipsum
881 2520 1024 2561 etiam
1051 2520 1392 2561 confessarium
1414 2519 1473 2560 ad
1500 2520 1819 2572 compunctio-

178 2603 286 2632 nem
307 2598 533 2641 moueret,
558 2592 796 2633 humiliter
813 2598 857 2632 et
873 2603 980 2632 cum
996 2592 1221 2633 instantia
1240 2592 1297 2632 ab
1314 2593 1415 2644 ipso
1432 2591 1722 2632 confessario
1743 2603 1817 2643 pe-

177 2663 264 2713 tiit,
284 2663 338 2702 'ut
360 2674 464 2702 earn
485 2663 771 2713 generaliter
792 2663 849 2704 de
870 2663 1085 2704 omnibus
1105 2663 1314 2715 peccatis
1325 2663 1422 2703 suis
1443 2663 1719 2714 dignaretur
1739 2674 1818 2703 au-

177 2732 294 2784 dire,
324 2733 579 2773 asserendo
614 2745 854 2786 nunquam
881 2734 928 2775 in
955 2740 1054 2775 tota
1074 2735 1173 2775 vita
1202 2746 1288 2775 sua
1316 2746 1365 2775 se
1391 2739 1519 2775 recte
1553 2733 1819 2774 confessam

177 2804 321 2845 fuisse
343 2810 542 2855 peccata
565 2815 666 2855 sua;
696 2816 895 2857 cumque
930 2811 1028 2846 tum
1055 2811 1249 2857 propter
1269 2805 1589 2845 necessariam
1610 2816 1826 2857 praeme-

175 2875 468 2926 ditationem,
505 2881 603 2916 tum
631 2881 823 2927 propter
858 2877 1086 2917 maiorem
1121 2876 1548 2928 praeparationem,
1586 2882 1631 2916 et
1666 2876 1822 2917 maius

175 2952 488 2997 augmentum
526 2947 905 2987 necessariorum
945 2947 1003 2987 ad
1049 2948 1191 2987 talem
1230 2944 1596 2997 confessionem,
1638 2952 1823 2988 certum
