2028 3328
176 120 247 157 240
689 120 916 156 LITTERAE
944 131 1304 163 QUADRIMESTRES

259 217 347 267 Qui
368 217 534 256 litteris
555 217 909 257 humanioribus
931 224 1106 257 nauant
1130 229 1343 269 operam,
1375 218 1622 269 diligenter
1644 230 1818 258 memo-

179 288 301 328 riam
325 289 544 328 excolunt
566 287 813 339 stilumque
835 295 1070 328 exercent.
1097 288 1185 339 Qui
1202 300 1315 328 vero
1333 288 1379 328 in
1397 288 1692 340 philosophia
1713 300 1815 328 ver-

179 365 357 407 santur,
382 358 775 409 disputationibus
792 364 836 398 et
854 359 1095 410 colloquiis
1118 360 1207 398 arti
1225 359 1609 399 conuenientibus
1628 359 1816 399 assidue

177 435 399 479 tractant;
437 429 608 480 singuli
645 429 843 481 denique
880 441 964 481 pro
999 430 1223 470 facultate
1246 436 1290 469 et
1321 430 1474 469 studio
1504 430 1712 470 nituntur
1741 430 1816 481 (vt

178 513 284 541 cum
306 501 503 540 Horatio
527 501 706 551 loquar)
730 507 940 552 optatam
963 501 1234 552 contingere
1258 507 1431 541 metam
1458 501 1482 541 ¹.

259 571 457 612 Caetera
485 572 626 611 etiam
658 572 855 612 instituti
883 572 1056 621 officia,
1088 584 1206 623 quae
1237 572 1294 611 ad
1322 573 1520 612 salutem
1549 573 1816 612 animarum

178 642 441 692 conferunt,
466 643 686 682 continua
714 655 804 694 qua
832 655 1080 694 possumus
1108 643 1349 693 diligentia
1382 650 1426 683 et
1455 645 1661 683 omnium
1691 644 1813 684 Vtili-

176 719 272 753 tate
294 725 349 753 ac
371 715 536 761 salute,
561 725 666 753 cum
688 714 885 765 priuatis
907 714 1328 760 exhortationibus
1353 720 1451 754 tum
1473 715 1614 754 etiam
1636 715 1812 755 confes-

178 785 387 824 sionibus
408 784 668 835 audiendis,
688 796 978 825 exercemus:
999 792 1222 836 perpetuo
1240 784 1465 825 Sanctum
1487 785 1777 826 Germanum
1799 786 1812 803 '²

177 855 340 895 diebus
360 855 492 895 festis
513 855 879 907 frequentamus,
904 868 1009 907 quo,
1034 856 1110 907 qui
1138 856 1358 897 flantibus
1386 857 1605 908 procellis
1636 857 1814 897 defece—

176 933 283 965 rant
314 925 342 976 ⁵,
374 927 466 966 iam
494 927 583 966 illis
610 927 953 977 quodammodo
982 927 1124 978 sopiri
1153 927 1502 978 incipientibus,
1535 928 1817 968 cateruatim

177 1003 439 1047 recurrunt,
457 997 573 1037 alios
590 1009 746 1037 secum
763 998 1103 1049 pertrahentes;
1122 1005 1346 1050 tantaque
1364 1005 1433 1038 est
1450 1011 1590 1050 saepe
1602 999 1815 1050 frequen-

178 1069 260 1119 tia,
280 1076 329 1108 vt
352 1068 629 1108 confessarii
644 1079 806 1108 omnes
823 1068 984 1108 audire
1001 1081 1094 1108 non
1111 1069 1356 1120 sufficiant,
1377 1071 1592 1122 quamuis
1610 1079 1717 1110 ante
1736 1082 1812 1110 au-

178 1151 337 1179 roram
370 1139 617 1190 incipiant3
651 1140 862 1179 nonnulli
892 1139 1045 1179 taedio
1073 1140 1187 1180 victi
1220 1141 1408 1190 abeunt3
1445 1141 1561 1181 alios
1587 1148 1816 1181 reuocant

178 1210 333 1250 studia
356 1215 400 1250 et
420 1211 658 1260 lectiones
683 1222 802 1261 quae
824 1217 933 1250 tunc
956 1211 1179 1262 temporis
1200 1212 1247 1251 in
1269 1212 1479 1263 collegiis
1502 1212 1814 1257 celebrantur2

179 1282 296 1321 alios
318 1287 488 1331 autem,
514 1281 591 1332 qui
612 1281 818 1321 nondum
840 1282 1147 1322 suauissimos
1170 1283 1255 1323 hos
1276 1282 1457 1323 fructus
1485 1282 1813 1334 degustarunt,

178 1353 374 1404 quaevis
396 1353 624 1403 molestia,
652 1360 730 1392 aut
751 1353 945 1403 maligni
974 1354 1164 1404 spiritus
1192 1354 1311 1394 falsa
1341 1355 1584 1406 persuasio
1615 1355 1813 1406 repellit,

177 1424 503 1475 accedensque
526 1424 820 1464 extrinsecus
841 1424 992 1475 frigus
1013 1424 1245 1475 igniculos
1272 1426 1483 1466 internos
1504 1426 1711 1466 nondum
1743 1437 1814 1465 sa-

178 1495 238 1535 tis
259 1507 486 1535 accensos
507 1495 644 1535 facile
666 1495 814 1535 vincit
837 1508 892 1535 ac
913 1502 1118 1547 superat.

258 1566 346 1617 Qui
369 1578 480 1606 vero
497 1565 595 1617 jam
616 1567 901 1606 exercitatos
922 1567 1094 1607 habent
1122 1579 1287 1608 sensus
1315 1576 1509 1620 propter
1538 1569 1809 1609 diuturnum

178 1638 225 1677 in
245 1638 335 1677 hac
358 1649 502 1677 arena
524 1644 776 1687 certamen,
802 1643 957 1677 tantos
979 1639 1026 1678 in
1050 1639 1124 1678 via
1146 1639 1336 1679 Domini
1355 1639 1567 1680 fecerunt
1596 1651 1816 1692 progres-

178 1719 272 1759 sus,
296 1714 347 1748 vt
368 1720 554 1748 murum
575 1720 677 1748 sese
705 1720 790 1760 pro
821 1707 958 1748 domo
990 1709 1088 1749 eius
1116 1710 1318 1750 obiicere
1340 1722 1434 1750 non
1463 1711 1694 1761 dubitent,
1728 1722 1815 1750 nec

178 1779 377 1820 aliorum
400 1780 578 1819 scelera
602 1779 871 1830 publicosue
893 1791 1077 1820 errores
1097 1781 1253 1831 palam
1274 1781 1589 1833 priuatimque
1612 1793 1815 1833 arguere

177 1851 317 1891 etiam
340 1862 446 1890 cum
466 1851 593 1890 vitae
614 1851 821 1901 periculo
848 1850 1169 1891 reformident.

257 1922 428 1962 Mirum
449 1927 519 1962 est
541 1928 667 1962 certe
689 1922 735 1961 in
753 1920 1003 1972 juuenibus
1032 1929 1211 1963 tantam
1238 1924 1399 1964 videre
1429 1924 1571 1964 animi
1599 1930 1817 1964 constan-

177 1993 312 2043 tiam,
338 1992 624 2032 christianae
652 1992 893 2043 religionis
916 1999 960 2032 et
982 1992 1069 2033 Dei
1090 1994 1271 2044 gloriae
1294 1995 1443 2034 zelum
1462 2006 1469 2034 ;
1495 2005 1817 2046 quoscumque

178 2064 401 2103 aberrare
422 2063 699 2115 percipiunt,
723 2063 882 2103 solerti
904 2063 1147 2115 diligentia
1168 2065 1215 2104 in
1237 2065 1364 2105 viam
1388 2073 1565 2105 rectam
1587 2064 1814 2104 reducere

178 2135 405 2174 nituntur.
443 2134 682 2185 Quosdam
719 2134 860 2174 etiam
893 2134 1056 2174 videas
1076 2167 1083 2185 ,
1126 2136 1204 2187 qui
1241 2136 1493 2187 pinguibus
1534 2135 1816 2176 sacerdotiis

179 2206 347 2255 obruti,
372 2211 619 2257 praetextu
649 2205 910 2245 studiorum
939 2212 982 2246 et
1011 2207 1322 2258 quorumdam
1350 2207 1596 2247 doctorum
1619 2207 1815 2247 consilio

178 2276 300 2324 freti,
325 2287 428 2316 sese
449 2288 476 2315 a
497 2276 821 2328 persoluendis
837 2277 974 2317 statis
989 2277 1206 2328 precibus
1222 2273 1396 2318 liberOs
1413 2278 1690 2318 iudicarent.
1710 2278 1814 2331 Jam

181 2358 294 2387 vero
317 2347 569 2387 cimmeriis
590 2347 854 2387 huiusmodi
876 2347 1079 2387 tenebris
1101 2349 1315 2389 veritatis
1337 2349 1511 2389 lumine
1533 2348 1812 2400 profligatis,

176 2429 271 2457 non
293 2418 443 2458 solum
464 2429 627 2469 preces
649 2418 948 2469 quotidianas
974 2418 1222 2469 diligenter
1247 2421 1544 2470 persoluunt,
1569 2419 1650 2459 sed
1672 2419 1813 2458 etiam

177 2500 365 2528 sacram
381 2489 601 2539 synaxim
619 2500 800 2529 summa
818 2501 924 2529 cum
942 2489 1190 2530 deuotione
1206 2490 1519 2541 frequentant,
1538 2490 1664 2529 vitae
1683 2500 1815 2540 prae—

177 2559 343 2599 teritae
363 2559 580 2599 miserias
602 2559 839 2609 deflentes;
864 2572 1007 2612 quare
1028 2572 1107 2600 eos
1129 2561 1365 2612 quondam
1382 2572 1521 2601 veros
1539 2559 1715 2600 Christi
1732 2560 1811 2599 mi-

235 2744 241 2758 *
284 2741 393 2776 Epist.
409 2742 452 2769 ad
468 2741 548 2773 Pis..
563 2749 595 2769 V.
611 2742 675 2769 412.

232 2792 245 2810 2
286 2789 402 2817 Sancti
419 2789 581 2817 Germani
597 2791 772 2825 templum.

230 2839 243 2856 -“·
282 2838 400 2866 Sermo
414 2841 466 2865 est
480 2845 546 2865 non
562 2838 601 2865 de
616 2838 656 2865 iis
671 2840 791 2872 solum,
807 2839 863 2873 qui
877 2847 897 2866 a
914 2838 1087 2866 Societate
1103 2839 1299 2866 defecerant
1309 2837 1411 2871 (Vide
1426 2845 1543 2873 supra,
1558 2841 1582 2866 t.
1598 2845 1633 2870 11,
1646 2845 1726 2872 pag.
1738 2837 1815 2872 662),

177 2887 235 2914 sed
252 2887 291 2913 de
307 2886 347 2913 iis
362 2885 467 2912 etiam
481 2885 536 2919 qui
549 2893 569 2912 a
582 2889 778 2913 nostrorum
793 2886 964 2914 consortio
979 2885 1238 2920 frequentando,
1254 2884 1384 2912 exortis
1406 2885 1662 2913 turbationibus
1683 2887 1815 2920 perter-

175 2935 313 2967 refacti,
328 2933 546 2960 destiterant.
561 2933 660 2965 (Vide
679 2933 826 2960 POLANCI
843 2933 977 2965 Chron.,
993 2937 1016 2960 t.
1033 2941 1078 2965 iv.
1095 2940 1174 2967 pag.
1188 2932 1251 2963 318,
1265 2940 1296 2960 n.
1311 2933 1388 2966 681.)
