2028 3328
182 157 253 194 472
699 156 923 195 LITTERAE
950 169 1307 202 QUADfflMEsTREs

767 608 1168 664 CCCLXXXV
1181 608 1247 661 11

260 840 305 875 P.
335 839 632 887 Hieronymus
652 837 721 875 del
735 837 918 874 Portillo

308 904 431 941 Patri
449 904 642 941 Antonio
662 902 715 940 de
734 902 896 939 Araoz.

353 969 656 1017 Septimancis,
677 969 700 1005 5
717 967 819 1015 Maji
840 967 942 1004 1555.

481 1170 599 1203 (Edita
611 1171 680 1205 jam
697 1173 747 1196 est
764 1169 797 1196 in
815 1168 940 1196 Cartas
954 1169 996 1195 de
1013 1167 1084 1194 sz
1099 1167 1255 1201 Ignacio,
1269 1170 1298 1197 t.
1315 1175 1347 1200 v,
1363 1174 1446 1202 pag.
1462 1166 1544 1200 432.)

751 1366 1268 1423 COOLXXXVIH

263 1604 423 1642 Petrus
443 1605 636 1652 Sylvius,

312 1669 382 1707 Ex
401 1669 722 1707 commissione
743 1668 789 1705 Ρ,
813 1669 994 1715 joannis
1014 1666 1243 1705 Laurentii
1263 1663 1517 1709 Cavallerii,

357 1735 478 1772 Patri
497 1735 667 1782 Ignatio
684 1735 736 1771 de
755 1734 940 1781 Loyola.

378 1801 598 1849 [Tyburez
618 1800 641 1837 9
659 1800 765 1848 Maji
785 1800 876 1838 1555
894 1801 918 1834 ².

983 1955 1003 1988 †

950 1990 1048 2031 IHS

272 2153 438 2195 Gratia
460 2160 505 2194 et
531 2165 625 2205 pax
651 2151 843 2193 Domini
871 2151 981 2204 Jesu
1009 2149 1183 2190 Christi
1209 2149 1267 2189 sit
1293 2159 1477 2199 semper
1505 2152 1835 2198 augeaturque

191 2226 237 2266 in
259 2225 476 2266 cordibus
497 2224 686 2265 nostris.
708 2223 876 2264 Amen.

270 2296 430 2348 Elapsi
451 2294 806 2348 quadrimestris
828 2294 921 2334 iam
941 2292 1178 2333 reddenda
1195 2291 1313 2332 ratio
1331 2290 1486 2343 potius
1507 2289 1566 2329 ad
1588 2288 1825 2329 anteriora

192 2368 363 2408 rectius
385 2367 598 2408 obeunda
620 2377 707 2406 nos
728 2366 918 2415 excitat,
943 2364 1043 2404 Rde
1069 2364 1115 2404 in
1141 2363 1252 2416 Jesu
1273 2362 1459 2403 Christo
1490 2360 1649 2410 Pater,
1682 2370 1823 2411 quam

192 2439 503 2490 posteriorum
518 2437 844 2478 recordatione
861 2437 1144 2476 consoletur.
1162 2433 1342 2474 Verum
1363 2433 1401 2473 si
1422 2432 1574 2472 minus
1594 2431 1822 2471 hactenus

192 2509 449 2549 laborando
472 2509 684 2560 partibus
705 2507 879 2548 nostris
901 2506 1234 2555 satisfecimus,
1258 2505 1448 2554 saltem,
1472 2502 1714 2554 ignauiam
1740 2500 1823 2541 Pa-

194 2580 457 2620 trifamilias
478 2578 846 2628 manifestando,
874 2577 1074 2617 officium
1094 2582 1307 2616 nostrum
1328 2586 1387 2615 ex
1406 2580 1541 2626 parte
1563 2573 1652 2612 hac
1673 2572 1826 2623 exple-

194 2651 358 2700 bimus,
382 2657 426 2690 et
452 2648 575 2701 quod
594 2655 808 2689 nostrum
829 2654 898 2688 est
919 2647 1101 2699 exequi.

275 2720 486 2760 Profesto
508 2719 734 2760 Matthaei
754 2719 986 2770 Apostoli,
1016 2717 1140 2768 1554,
1170 2717 1331 2769 Tybur
1353 2715 1524 2756 isthinc
1549 2715 1764 2755 venimus
1794 2714 1822 2754 ².

252 2830 262 2850 ¹
301 2831 549 2865 Apographum
565 2830 597 2857 in
612 2830 690 2857 solio
701 2830 812 2865 unic0‚
825 2838 857 2856 n.
869 2829 914 2864 44,
930 2837 1031 2857 manu
1046 2830 1105 2857 illa
1116 2829 1281 2857 flandrica
1292 2831 1351 2856 aut
1362 2827 1569 2863 germanica,
1581 2827 1620 2854 de
1633 2833 1698 2861 qua
1709 2833 1825 2860 supra,

199 2884 278 2911 pag.
290 2877 352 2909 397,
368 2881 481 2905 annot.
499 2878 524 2909 1,
538 2877 664 2904 mentio
679 2877 773 2904 facta
788 2880 851 2903 est.

252 2924 266 2943 2
305 2924 427 2951 Petrus
450 2923 588 2960 Sylvius
610 2923 821 2951 valetudinis
843 2930 947 2950 causa
968 2923 1076 2950 Roma
1097 2922 1215 2958 Tybur
1237 2922 1360 2949 missus
1374 2925 1436 2950 est.
1455 2921 1542 2949 Vide
1564 2921 1714 2948 POLANc1
1730 2920 1832 2948 Chro-

209 2974 324 3004 nicon,
340 2975 363 2998 t.
377 2979 423 3006 ω,
440 2979 519 3005 pag.
535 2971 579 3004 20,
602 2979 633 2998 n.
648 2971 693 2998 28.
711 2970 813 2997 Plura
830 2972 862 2997 in
877 2970 976 2997 Nova
994 2970 1094 2997 Serz'e
1109 2970 1314 2996 litterarum
1332 2969 1453 2996 Sancti
1467 2969 1614 3002 Ignatii.
