2028 3328
847 118 930 154 AN.
961 117 1052 154 1555
1705 117 1780 154 463

139 219 185 258 id
208 229 352 258 causa
372 217 597 266 facerent,
622 226 701 255 eos
722 202 1014 266 promoueat,
1039 218 1084 252 et
1102 213 1148 252 in
1169 213 1389 253 uniuerso
1412 214 1500 252 hoc
1533 224 1615 252 suo
1640 213 1773 252 obse-

142 289 249 340 quio
272 294 457 339 augeat.
484 287 649 327 Amen.

220 360 264 400 A
297 358 651 399 lN'lisericordiae
685 356 908 398 fratribus
939 353 948 373 ¹
977 354 1114 394 huius
1151 353 1354 393 ciuitatis
1384 353 1564 404 publice
1601 354 1771 404 suppli-

142 438 299 471 catum
320 438 404 479 est,
429 431 476 470 in
496 441 588 481 qua
607 440 779 485 pompa
801 438 907 467 cum
932 425 1007 466 110
1028 436 1130 465 5656
1152 424 1313 475 flagris
1343 424 1594 474 afficerent,
1624 423 1698 464 lOO
1719 425 1777 464 de

144 502 214 542 his
235 501 408 542 nostris
429 500 661 541 numerati
682 504 803 539 sunt.

223 572 423 623 Quidam
445 573 502 612 ab
526 572 616 612 alio
638 571 806 620 laesus,
829 568 999 608 iniuria
1026 567 1254 618 malisque
1275 566 1427 606 modis
1449 572 1685 617 acceptus,
1710 572 1775 605 ut-

144 650 250 695 pote
272 655 409 695 quem
430 643 505 683 ille
526 642 665 693 globo
687 641 903 693 plumbeo
924 638 1053 679 humi
1074 638 1333 687 deiecisset,
1359 638 1516 677 statim
1534 645 1581 676 ut
1599 637 1781 688 primus
1827 683 1831 686 ,

143 714 403 754 dominicus
425 714 523 753 dies
544 713 717 753 mensis
753 710 913 761 adfuit,
950 721 1040 761 quo
1063 715 1164 748 erat
1202 707 1518 756 confessurus,
1553 707 1608 747 de
1632 719 1774 757 more,

143 786 258 826 bene
280 797 431 832 mane,
455 785 554 824 eius
575 784 641 824 rei
667 783 822 834 gratia
844 780 1092 831 collegium
1120 779 1248 830 adiit,
1283 790 1332 818 56
1368 778 1529 818 libenti
1558 779 1776 829 bonoque

144 857 299 897 animo
316 857 434 896 uelle
457 856 499 895 61
514 857 759 906 ignoscere
784 850 1051 905 [asserens].

222 927 357 968 Alius
379 939 484 967 cum
513 939 539 966 a
562 925 771 978 patribus
798 924 1084 976 postulasset
1113 928 1162 962 ut
1185 921 1244 961 ad
1273 920 1500 972 quosdam
1528 919 1775 971 pacifican-

143 999 226 1039 dos
247 999 381 1049 irent,
406 1009 552 1049 eaque
574 1009 649 1037 res
670 996 716 1036 in
736 996 860 1036 diem
879 994 1146 1046 proximum
1167 992 1313 1032 dilata
1344 997 1482 1041 esset,
1516 991 1594 1030 ubi
1624 990 1774 1039 rediit,

144 1071 339 1122 ipsemet
360 1070 453 1109 iam
474 1073 643 1109 cuncta
664 1066 945 1107 confecerat.
970 1064 1115 1105 Multa
1139 1062 1405 1114 hujusmodi
1425 1062 1480 1102 de
1502 1062 1575 1102 his
1607 1062 1782 1102 nostris

145 1141 285 1182 sciibi
306 1146 512 1193 possent,
537 1146 581 1179 et
617 1137 804 1190 quidem
839 1137 895 1177 ad
928 1136 1302 1177 aedificationem
1324 1145 1512 1185 magna,
1542 1144 1663 1184 quae
1686 1144 1775 1183 ego

148 1212 392 1264 praedicta
409 1211 466 1251 de
487 1222 612 1251 63115
604 1223 630 1250 1
652 1209 992 1261 praetermitto.

225 1283 433 1334 Benigne
454 1292 637 1334 quoque
659 1280 910 1321 admodum
937 1286 981 1320 et
1003 1279 1182 1331 prolixe
1215 1278 1345 1318 Deus
1377 1276 1483 1329 Opt
1521 1275 1646 1316 Max.
1672 1286 1779 1315 cum

145 1355 301 1395 multis
322 1355 431 1405 egit,
457 1364 573 1405 quos
595 1353 712 1392 odiis
733 1358 871 1404 atque
893 1350 1162 1401 inimicitiis,
1187 1349 1354 1401 quibus
1371 1361 1464 1388 non
1482 1348 1580 1387 sine
1604 1347 1782 1387 anima·

147 1437 250 1466 rum
284 1436 476 1465 suarum
504 1424 722 1475 uitaeque
756 1422 1023 1463 discrimine
1044 1420 1319 1461 inflammati
1341 1426 1489 1469 erant,
1512 1430 1595 1471 per
1622 1423 1784 1469 patres

147 1503 286 1549 atque
308 1497 394 1536 hos
410 1496 594 1536 uirtutis
618 1494 965 1535 amantissimos
995 1492 1223 1543 homines,
1263 1491 1341 1543 qui
1377 1496 1536 1542 patres
1571 1500 1780 1529 accerse-

146 1569 274 1618 bant,
300 1579 565 1619 magnoque
587 1566 755 1606 ardore
789 1571 981 1616 propter
1016 1563 1170 1604 Deum
1206 1562 1509 1611 adiuuabant,
1546 1561 1779 1600 liberauit.

144 1639 260 1681 Illud
281 1651 421 1690 saepe
442 1637 577 1678 nobis
598 1637 843 1676 molestum
859 1641 928 1676 est
949 1641 993 1675 et
1013 1646 1161 1685 graue
1194 1646 1289 1674 non
1323 1644 1462 1685 posse
1497 1643 1583 1672 nos
1616 1643 1782 1671 eorum

147 1710 449 1763 petitionibus
484 1708 776 1758 satisfacere,
809 1706 912 1747 ideo
947 1705 1070 1758 quod
1099 1711 1258 1757 patres
1288 1705 1562 1756 plerumque
1592 1709 1699 1743 sunt
1734 1702 1781 1742 in

147 1781 539 1822 scholasticorum
555 1778 924 1819 confessionibus
946 1777 1177 1828 occupati.
1206 1775 1332 1816 lnter
1360 1775 1476 1815 alias
1507 1773 1779 1814 reconcilia-

148 1853 297 1893 tiones
319 1851 614 1901 concordiae,
639 1861 757 1901 quae
778 1848 933 1889 factae
951 1854 1072 1897 sunt,
1107 1847 1284 1899 placuit
1310 1846 1425 1896 Deo,
1464 1851 1512 1885 ut
1547 1855 1654 1884 cum
1690 1844 1785 1884 duo

147 1923 359 1964 homines
380 1922 551 1962 mutuis
573 1921 691 1961 odiis
716 1920 894 1961 incensi
918 1925 1088 1969 essent,
1127 1918 1250 1970 quod
1285 1919 1403 1958 alter
1439 1916 1574 1956 alteri
1606 1916 1652 1955 in
1681 1915 1783 1966 ipso

146 1994 313 2035 iudicis
334 1998 588 2044 conspectu
611 1991 941 2032 contumeliam
960 1990 1164 2039 fecisset,
1188 1995 1352 2029 auctor
1374 1988 1473 2028 eius
1496 1987 1693 2027 iniuriae
1716 1987 1785 2026 sic

149 2077 282 2106 suam
299 2065 641 2114 uerborumque
663 2073 856 2102 suorum
877 2061 1184 2102 acerbitatem
1201 2066 1495 2111 agnosceret,
1515 2070 1635 2109 quae
1658 2057 1787 2097 dixe-

148 2143 236 2187 rat,
261 2142 311 2176 ut
330 2134 634 2187 responderet
650 2134 769 2174 uelle
787 2145 837 2173 se
855 2144 1016 2173 coram
1033 2131 1197 2172 eodem
1214 2131 1380 2181 iudice,
1399 2129 1637 2182 palinodia
1656 2128 1782 2168 insti-

149 2213 263 2259 tuta,
286 2206 472 2247 ueniam
495 2205 551 2245 ab
569 2217 638 2253 eo,
663 2216 799 2256 quem
821 2203 1092 2253 offenderat,
1130 2202 1381 2254 postulare.
1420 2201 1515 2241 Alii
1546 2201 1652 2251 duo,
1677 2211 1785 2240 cum

151 2278 321 2319 armati
337 2276 607 2317 incederent
634 2275 924 2326 digladiandi
947 2274 1089 2325 auidi,
1120 2280 1261 2325 atque
1290 2273 1407 2313 alter
1435 2271 1569 2312 alteri
1595 2270 1783 2311 insidia-

150 2355 293 2399 retur,
323 2348 474 2389 effecit
502 2347 632 2387 Deus
661 2352 727 2397 ut,
766 2351 945 2386 mutata
981 2344 1226 2395 sententia,
1263 2344 1309 2384 in
1330 2343 1533 2395 gratiam
1560 2342 1781 2392 redirent,

151 2431 256 2461 cum
286 2419 485 2471 primum
522 2418 611 2458 illis
646 2422 871 2469 quantum
905 2416 952 2456 in
986 2427 1147 2456 errore
1182 2419 1485 2455 uersarentur
1520 2413 1785 2464 expositum

151 2498 235 2531 est.
255 2490 349 2531 Alii
365 2500 563 2541 quoque,
577 2499 727 2539 neque
744 2487 930 2528 obscuri
946 2487 1050 2535 uiri,
1069 2485 1362 2526 reconciliati
1378 2490 1485 2525 sunt
1500 2484 1546 2524 in
1562 2484 1782 2535 gratiam,

151 2562 326 2613 fuitque
348 2572 403 2601 63
423 2571 498 2601 165
519 2558 745 2610 perutilis.
768 2558 875 2598 Fuit
897 2557 1147 2609 aliquando
1170 2556 1268 2597 dies
1290 2567 1395 2596 cum
1416 2555 1554 2595 Pater
1577 2554 1785 2607 quidam,

151 2634 198 2673 in
219 2632 458 2673 ciuitatem
478 2631 734 2682 ingressus,
759 2628 978 2669 undecim
999 2634 1078 2668 aut
1100 2627 1349 2668 duodecim
1369 2626 1580 2667 homines
1596 2625 1787 2666 reduxit

153 2705 199 2744 in
221 2703 442 2754 gratiam.

208 2938 218 2956 ¹
260 2933 398 2962 Scilicet
414 2939 433 2960 a
448 2931 755 2960 Confraternitatis
770 2930 811 2958 de
828 2930 1079 2958 Misericordia
1098 2929 1212 2958 dictae
1227 2930 1339 2958 sociis.
