2028 3328
196 166 269 205 538
717 166 943 202 LITTERAE
960 171 1317 207 QUADRIMESTRES

281 263 633 315 Superscmptio
668 262 717 301 sn
753 264 926 312 quarta
956 259 1177 311 pagina:
1211 259 1238 303 †
1273 254 1373 295 R.d0
1399 255 1446 294 in
1482 254 1669 294 Christo
1705 253 1838 294 Patri

199 334 248 374 P.
291 334 472 385 Ignatio
509 335 564 374 de
603 334 803 385 Loyola,
846 330 1121 382 Praeposito
1157 326 1378 368 Generali
1417 325 1666 366 Societatis
1706 325 1833 378 Jesu,

201 406 395 448 Romae.

282 476 395 518 Alia
416 488 579 516 manu:
604 475 719 515 1555.
744 472 998 514 Florentia.
1024 470 1405 522 Quadrimestres
1425 468 1548 521 Julii.

288 549 347 589 Et
367 548 482 588 alsa:
502 548 552 587 27
576 548 622 587 di
643 546 756 587 Sett.
783 545 836 595 Q.
861 543 905 585 S.

925 967 1130 1022 CDIII

283 1207 476 1253 Jacobus
498 1205 723 1249 Mosellus,

328 1271 396 1308 Ex
415 1270 739 1308 commissione
762 1269 905 1306 Patris
922 1267 1152 1305 Paschasii
1173 1266 1323 1312 Broet,

381 1337 501 1374 Patri
520 1336 689 1384 ignatio
709 1335 762 1372 de
781 1334 965 1382 Loyola.

428 1402 628 1445 Parisi15‚
649 1400 694 1437 27
725 1400 829 1447 Julii
859 1400 951 1437 1555
985 1399 1013 1434 ¹.

966 1538 1103 1591 Jesus

294 1684 459 1725 Gratia
480 1691 524 1724 et
548 1695 641 1735 pax
663 1682 759 1722 DJli
784 1681 934 1722 nostri
959 1681 1070 1734 Jesu
1100 1680 1273 1721 Christi
1304 1679 1561 1719 nobiscum.
1590 1677 1758 1718 Amen.

295 1756 410 1798 Cum
431 1755 729 1807 perspicuum
749 1753 883 1794 nobis
899 1753 957 1793 sit
979 1758 1205 1804 quantum
1239 1762 1430 1792 sacrum
1462 1750 1552 1790 hoc
1588 1749 1850 1789 institutum

215 1828 383 1879 vbique
400 1829 611 1867 locorum
632 1826 907 1875 celebretur,
928 1829 1195 1876 quantaque
1212 1822 1371 1863 diuina
1388 1821 1635 1862 clementia
1652 1832 1736 1872 per
1752 1831 1849 1870 eos,

215 1911 333 1950 quos
354 1899 441 1939 sibi
461 1899 509 1939 in
530 1910 583 1939 eo
612 1897 805 1948 delegit,
836 1901 1077 1947 operetur,
1108 1900 1247 1946 atque
1274 1894 1416 1934 etiam
1442 1893 1694 1932 multorum
1721 1902 1851 1942 prae-

216 1970 612 2010 stantissimorum
633 1969 844 2009 virorum
864 1967 1160 2007 innotescant
1179 1965 1412 2014 feruores,
1436 1964 1514 2015 qui
1541 1962 1854 2014 amplissimos

219 2041 402 2092 fundos,
426 2052 607 2081 annuos
627 2045 886 2092 prouentus
903 2038 1180 2087 vberrimos,
1205 2036 1345 2076 immo
1364 2035 1505 2075 etiam
1522 2034 1703 2085 seipsos
1730 2033 1855 2084 peni-

220 2119 296 2153 tus
334 2112 646 2163 abnegantes,
688 2116 906 2162 prompto
936 2109 1092 2149 animo
1118 2107 1220 2148 Deo
1248 2106 1453 2147 creatori
1487 2116 1572 2146 suo
1608 2116 1855 2144 consecra-

220 2188 343 2234 runt,
363 2195 438 2223 res
462 2194 573 2223 sane
600 2181 830 2233 stupenda
854 2180 1083 2232 grauique
1109 2178 1251 2230 digna
1275 2177 1584 2217 admiratione
1605 2175 1755 2216 videri
1776 2187 1856 2227 po-

222 2260 311 2294 test
332 2254 378 2294 in
399 2254 487 2294 hac
509 2253 626 2293 adeo
649 2253 822 2293 celebri
840 2251 1128 2292 Parisiorum
1145 2248 1403 2299 academia,
1423 2259 1513 2300 quo
1531 2253 1689 2288 tantus
1712 2247 1854 2287 vnde-

221 2337 405 2376 quaque
423 2325 738 2365 studiosorum
754 2324 990 2372 iuuenum,
1009 2333 1103 2362 non
1118 2320 1401 2361 mediocrem
1414 2330 1526 2371 prae
1540 2330 1589 2358 se
1605 2317 1855 2358 ferentium

222 2395 510 2446 religionem,
535 2407 754 2435 numerus
775 2393 1031 2444 concurrit,
1055 2399 1280 2444 tanquam
1315 2403 1373 2431 ex
1408 2389 1714 2430 refertissimo
1737 2389 1857 2429 mari

223 2478 318 2507 non
338 2467 494 2519 plures
515 2466 764 2518 expiscari,
789 2472 833 2506 et
854 2465 914 2505 ad
933 2476 989 2504 ea
1010 2475 1129 2515 quae
1164 2462 1510 2515 praestantiora
1534 2459 1674 2513 [sunt]
1698 2471 1856 2512 prose-

227 2537 411 2587 quenda
434 2537 604 2577 induci.
629 2536 824 2587 Verum,
863 2536 903 2576 si
937 2546 1096 2575 rerum
1129 2540 1398 2574 nostrarum
1431 2532 1664 2583 procellas
1698 2531 1860 2582 ingen-

228 2613 388 2660 tesque
409 2609 633 2648 tumultus
657 2606 1021 2656 consideremUS,
1046 2604 1312 2645 mirandum
1343 2602 1495 2654 magis
1531 2601 1763 2642 videbitur
1786 2602 1860 2641 vel

228 2679 348 2719 vllos
368 2679 539 2719 audere
560 2690 646 2718 nos
668 2677 906 2718 accedere.
930 2674 933 2681 '

308 2750 408 2790 Tua
424 2750 580 2800 igitur,
600 2749 1025 2789 obseruandissime
1040 2747 1194 2798 Pater,
1213 2758 1307 2786 non
1325 2745 1569 2786 mirabitur
1585 2743 1862 2796 paternit-215,

231 2819 270 2859 si
290 2820 406 2860 adeo
424 2826 675 2870 angustum
696 2819 898 2860 filiorum
923 2829 1169 2859 numerum
1188 2817 1362 2865 videat,
1392 2827 1541 2867 neque
1563 2815 1686 2855 enim
1706 2814 1864 2865 plures

289 2979 297 2998 ¹
339 2980 600 3014 Autographae,
616 2983 709 3007 totae
725 2986 826 3006 manu
837 2978 955 3011 Jacobi
971 2977 1116 3012 Morelli,
1130 2977 1163 3004 in
1177 2976 1258 3004 folio
1274 2975 1412 3010 duplici,
1427 2982 1483 3002 nn.
1499 2974 1553 3001 322
1567 2977 1600 3001 et
1614 2973 1678 3001 323.
