2028 3328
134 151 206 188 138
654 151 881 188 LITTERAE
900 159 1260 192 QUADRIMESTRES

134 248 255 287 inter
273 253 500 295 caeteros,
520 247 732 296 duorum,
753 246 830 298 qui
849 246 1005 286 multis
1023 247 1158 286 annis
1174 246 1393 285 vixerant
1411 244 1511 284 sine
1529 244 1777 284 confessio-

135 330 214 368 ne,
248 317 512 367 discordes,
541 330 625 369 pro
661 318 829 369 quibus
860 317 1220 357 reconciliandis
1250 317 1370 356 inter
1391 326 1440 355 se
1462 315 1594 355 multi
1616 316 1778 365 magni

136 389 337 429 nominis
355 388 459 439 viri,
484 390 623 429 etiam
660 388 887 439 religiosi,
928 388 1181 428 maximam
1212 398 1403 438 operam
1438 386 1569 438 prius
1602 386 1776 426 frustra

135 459 459 500 adhibuerant.
485 459 759 511 Complures
776 459 916 499 etiam
937 459 1026 499 visi
1043 465 1149 498 sunt
1172 464 1331 509 aperte
1354 457 1468 497 satis
1482 457 1627 497 vitam
1644 468 1777 497 suam

138 530 377 581 corrigere
401 543 505 570 cum
527 543 619 570 non
641 542 788 581 parua
820 529 1143 570 aedificatione
1175 529 1395 569 aliorum:
1419 528 1550 568 multi
1577 540 1775 580 quoque,

138 601 229 641 imo
268 613 385 652 pene
428 613 589 641 omnes
611 632 617 649 ,
662 613 720 641 ex
766 601 1038 651 parentibus
1087 607 1129 640 et
1171 600 1399 650 sanguine
1441 599 1553 639 mihi
1591 599 1775 646 iunctis,

140 672 319 712 inducti
354 679 460 713 sunt
497 679 540 712 et
571 678 875 723 perseuerant
911 673 955 712 in
990 670 1331 723 frequentando
1354 670 1697 710 confessionem
1735 677 1778 709 et

142 745 533 784 communionem.

218 815 422 855 Tornaci
443 820 512 854 ter
535 816 608 854 vel
631 820 796 866 quater
817 814 1197 866 praedicauimus
1226 814 1274 854 in
1294 814 1495 854 ecclesia
1517 812 1779 865 parochiali

139 885 300 926 Sancti
321 886 484 926 Brictii
508 885 532 935 ¹,
558 886 677 926 inter
707 892 920 925 caeteras
942 887 1017 926 vel
1047 886 1277 935 maxima,
1302 885 1362 925 ad
1392 896 1510 936 quas
1525 884 1780 925 conciones

138 964 298 997 tantus
315 956 474 1009 populi
495 968 756 997 concursus
777 957 876 1007 fuit,
901 964 950 997 vt
978 959 1059 997 vix
1087 957 1287 996 ecclesia
1316 956 1539 1007 populum
1568 961 1776 1007 caperet,

140 1028 216 1079 qui
238 1040 350 1079 prae
368 1028 587 1079 angustia
616 1028 872 1079 cogebatur
899 1029 1144 1068 columnas
1171 1033 1217 1067 et
1247 1027 1415 1067 altaria
1444 1026 1777 1067 conscendere.

139 1099 276 1139 Vnde
311 1111 404 1139 non
435 1111 600 1151 parum
631 1099 810 1139 fructus
847 1100 1123 1150 prouenisse
1152 1098 1425 1138 subodorati
1461 1109 1641 1149 sumus,
1671 1109 1781 1137 nam

142 1171 274 1210 multi
296 1177 400 1222 post
422 1170 525 1210 illas
548 1170 802 1210 conciones
824 1171 882 1210 ad
899 1182 985 1210 nos
1004 1175 1312 1210 accurrerunt
1327 1169 1518 1221 petituri
1535 1168 1781 1209 consilium

140 1253 226 1291 pro
248 1241 574 1281 emendatione
596 1242 736 1292 vitae,
760 1241 897 1293 idque
914 1241 1206 1292 persentiens
1220 1240 1420 1280 daemon
1437 1240 1595 1280 statim
1616 1251 1779 1292 procu-

141 1313 263 1352 rauit
285 1312 552 1352 huiusmodi
574 1313 825 1353 conciones
847 1325 873 1353 a
896 1313 1029 1352 nobis
1050 1312 1149 1352 fieri
1171 1312 1338 1352 iterum
1359 1311 1612 1363 prohiberi.
1650 1309 1773 1350 RduS

143 1383 265 1423 cnim
282 1384 530 1435 episcopus
554 1383 912 1424 Cameracensis
933 1381 960 1434 ²,
985 1383 1062 1435 qui
1084 1382 1407 1423 inhibitionem
1429 1383 1572 1422 semel
1595 1394 1621 1421 a
1643 1393 1692 1421 se
1714 1381 1783 1420 fa-

143 1462 282 1505 ctam,
296 1455 354 1495 ad
371 1455 642 1495 instantiam
660 1455 763 1495 Rmi
782 1455 1047 1495 Cardinalis
1065 1454 1268 1505 Angliae
1284 1453 1296 1472 ³
1314 1459 1580 1501 reuocarat,
1597 1453 1779 1501 iterum,

136 1538 167 1565 -a
180 1526 339 1566 nescio
352 1527 516 1577 quibus
528 1538 796 1578 persuasus,
811 1526 1048 1578 prohibuit
1069 1538 1126 1565 ne
1143 1525 1364 1576 deinceps
1381 1524 1549 1576 aliquis
1567 1530 1782 1564 nostrum

143 1598 506 1638 concionaretur
526 1598 571 1638 in
593 1610 677 1638 sua
700 1597 924 1648 dioecesi,
950 1597 1073 1649 quod
1100 1609 1194 1637 non
1229 1597 1379 1636 solum
1413 1596 1570 1647 inique
1591 1595 1695 1636 tulit
1721 1594 1783 1634 di-

144 1675 247 1709 ctus
263 1668 398 1709 Rmus
431 1669 711 1719 Cardinalis,
732 1679 897 1709 verum
918 1674 1042 1708 totus
1063 1667 1160 1708 fere
1182 1668 1380 1719 populus
1398 1667 1497 1707 eius
1515 1665 1782 1718 parochiae,

144 1752 341 1791 quorum
377 1741 532 1792 capita
569 1748 611 1780 et
647 1741 850 1781 maiores
891 1751 1014 1779 nunc
1056 1739 1308 1779 sollicitant
1347 1744 1398 1778 vt
1444 1738 1579 1778 nobis
1614 1737 1784 1777 iterum

142 1811 440 1862 permittatur
475 1812 761 1862 concionari,
786 1823 869 1862 per
891 1816 1138 1862 magnates
1160 1817 1203 1851 et
1228 1810 1346 1850 alios
1381 1809 1542 1860 magni
1563 1808 1781 1858 nominis,

146 1882 271 1933 apud
291 1883 504 1923 eumdem
533 1883 819 1935 episcopum.

224 1953 424 1994 Dolebat
445 1954 646 1994 daemon
667 1953 896 2006 quosdam
923 1960 1084 2005 aperte
1111 1954 1226 1993 satis
1257 1953 1375 2004 eripi
1405 1964 1428 1992 e
1459 1952 1556 1992 suis
1586 1950 1778 2002 laqueis.

146 2025 389 2075 Quaedam
410 2026 668 2076 peccatrix,
693 2031 820 2065 mota
841 2024 906 2075 (vt
937 2025 1015 2075 ait)
1045 2023 1312 2065 huiusmodi
1342 2023 1663 2073 concionibus,
1696 2022 1785 2073 pri-

146 2097 315 2137 stinam
349 2097 493 2137 vitam
516 2108 710 2137 exosam
731 2097 923 2146 habens,
957 2096 1174 2147 ingressa
1195 2100 1265 2135 est
1295 2094 1635 2134 monasterium
1667 2093 1785 2134 Con-

147 2179 406 2208 uersarum.
425 2167 610 2218 Altera,
631 2168 925 2208 confessione
942 2174 1247 2219 peccatorum
1262 2177 1453 2206 suorum
1467 2164 1516 2205 P.
1535 2165 1757 2215 Quintino
1773 2162 1787 2181 ⁴

149 2245 354 2290 peracta,
369 2239 494 2279 illico
513 2239 677 2279 eodem
695 2239 768 2279 die
786 2244 829 2279 et
847 2239 978 2288 hora,
992 2249 1084 2278 non
1103 2237 1207 2278 dico
1225 2237 1323 2287 iuit,
1339 2237 1422 2277 sed
1439 2236 1617 2276 volauit
1633 2235 1787 2287 potius

148 2310 208 2350 ad
229 2311 351 2350 idem
373 2311 734 2351 monasterium:
768 2311 885 2350 haec
906 2309 1034 2350 fassa
1062 2316 1131 2349 est
1154 2315 1287 2349 extra
1309 2308 1654 2348 confessionem
1675 2307 1787 2357 (tam

149 2382 351 2433 pudebat
379 2394 492 2423 suae
521 2383 645 2422 vitae
671 2381 957 2432 transactae)
987 2393 1035 2421 se
1063 2381 1185 2421 intra
1208 2379 1376 2431 viginti
1397 2390 1546 2419 annos
1566 2390 1623 2418 ne
1645 2378 1789 2418 semel

143 2453 336 2504 quidem
357 2454 746 2494 communicasse.
770 2453 898 2504 Alia,
929 2458 1073 2504 nupta
1095 2451 1281 2504 quidem
1302 2451 1406 2491 viro
1427 2450 1475 2490 in
1494 2449 1618 2490 hanc
1640 2459 1788 2500 vsquc

149 2525 313 2564 horam
330 2525 583 2576 superstiti,
600 2525 682 2565 sed
695 2525 771 2565 cui
787 2524 924 2564 fidem
941 2523 1129 2564 minime
1146 2522 1371 2574 seruauit,
1391 2532 1516 2571 nam,
1531 2532 1624 2560 non
1642 2520 1788 2560 multo

149 2601 255 2647 post
270 2595 504 2646 legitimas
517 2596 718 2647 nuptias,
738 2595 891 2647 coepit
907 2594 1154 2645 displicere
1167 2594 1362 2634 maritus
1374 2592 1604 2644 proprius,
1617 2597 1660 2631 et
1672 2591 1791 2630 alius

209 2829 216 2849 Ι
258 2828 345 2856 Vide
360 2828 511 2855 POLANCI
528 2827 732 2859 Clzrom‘con,
743 2831 766 2854 t.
782 2834 827 2860 iv,
843 2834 921 2861 pag.
936 2827 999 2860 311,
1014 2830 1130 2854 annot.
1145 2826 1172 2853 3.

211 2878 224 2895 ²¹
262 2876 431 2903 Robertus
447 2875 486 2902 de
504 2874 608 2910 Croy.

207 2924 222 2944 5
260 2923 468 2958 Reginaldus
483 2922 595 2950 Polus.

206 2970 224 2991 ⁴
263 2971 302 2998 P.
322 2971 482 3004 Quintino
504 2970 682 2997 Charlart.
