2028 3328
846 134 927 170 AN.
953 134 1043 170 1555
1682 133 1752 168 7⁴23

120 236 328 288 generali
349 234 639 276 confessione
661 242 852 272 suorum
874 230 1136 276 criminum,
1158 230 1273 269 adeo
1292 229 1378 270 Dei
1399 241 1557 270 amore
1576 230 1659 269 fuit
1677 241 1748 270 ac-

121 320 276 357 censa,
301 314 350 347 ut
371 319 464 346 non
487 307 635 345 solum
657 304 727 343 bis
750 308 829 342 aut
856 309 926 341 ter
956 301 1002 340 in
1031 302 1323 341 hebdomada
1357 301 1581 340 fateretur
1610 307 1655 340 et
1682 313 1751 341 53-

124 384 423 419 crosanctum
454 375 642 417 Domini
675 374 785 428 Jesu
820 372 994 412 Christi
1029 371 1211 423 Corpus
1246 373 1388 412 semel
1409 378 1634 422 sumeret,
1672 373 1750 411 sed

125 451 265 489 etiam
296 448 503 488 decreuit
535 459 560 486 a
591 444 888 486 matrimonio
923 443 1172 491 abstinere,
1208 444 1313 483 licet
1344 442 1527 482 dotibus
1558 450 1754 482 naturae

125 519 467 572 quodammodo
490 518 726 558 uideretur
745 514 932 566 impelli,
956 520 1000 553 et
1022 514 1208 564 aliquod
1239 514 1576 554 monasterium
1606 514 1754 564 ingre-

127 593 186 636 di,
222 592 260 631 si
288 591 387 630 fieri
413 595 586 641 posset,
617 586 878 627 seruandae
906 585 1137 625 castitatis
1166 597 1324 635 causa;
1362 585 1487 636 quod
1522 596 1628 624 curn
1664 597 1756 624 non

128 670 224 703 tam
245 662 337 702 cito
358 661 457 701 fieri
479 659 648 712 possit,
678 667 1016 709 saepenumero
1047 668 1152 696 cum
1179 656 1307 696 Patri
1335 657 1528 696 dixisset
1560 668 1609 696 se
1640 657 1758 695 uelle

127 745 302 774 vouere
337 733 438 772 Deo
475 742 611 771 suum
644 730 812 769 viuens
846 739 1016 778 corpus
1050 728 1097 767 in
1132 729 1363 777 castitate,
1399 733 1590 779 propter
1620 739 1759 778 quam

129 816 324 846 causam
346 809 484 854 rogat
504 802 691 841 Patrem
713 806 761 839 ut
784 799 905 839 diem
928 799 1156 849 assignet,
1183 811 1272 850 quo
1300 799 1447 849 possit
1477 810 1611 838 suum
1643 798 1755 838 desi-

129 876 308 916 derium
331 874 600 926 adimplere,
626 873 703 912 1113
724 871 847 911 enim
868 871 932 910 nil
953 881 1037 909 suo
1055 870 1225 910 iudicio
1244 872 1342 910 vult
1364 870 1473 922 quid
1489 870 1660 919 facere;
1681 869 1760 909 Pa-

132 954 202 988 ter
224 946 383 986 laudat
405 944 713 997 propositum,
738 943 793 982 de
816 942 888 981 die
911 948 1067 980 autem
1096 942 1210 981 nihil
1238 942 1369 991 dicit,
1399 947 1449 982 ut
1471 942 1547 981 illa
1577 940 1763 992 quando

131 1019 240 1059 uelit
263 1018 420 1064 faciat,
444 1015 568 1068 quod
588 1015 745 1054 facere
767 1019 1012 1063 tantopere
1030 1012 1278 1053 desiderat.

214 1089 331 1129 Cum
353 1088 444 1127 alia
466 1087 631 1127 mulier
657 1085 798 1125 uidua
826 1084 1162 1124 continentiam
1191 1084 1236 1123 in
1265 1084 1448 1124 foedam
1475 1083 1762 1123 incontinen-

132 1161 246 1201 tiam
268 1163 603 1200 commutasset
625 1155 980 1208 quatuordecim
1001 1167 1230 1195 annorum
1252 1156 1427 1206 spatio,
1451 1154 1640 1194 tandem
1671 1153 1762 1194 Do-

133 1232 258 1272 mino
292 1231 565 1281 inspirante,
602 1227 853 1268 admodum
888 1226 1184 1266 desiderabat
1218 1226 1465 1277 quemdam
1495 1231 1765 1266 nostrorum

134 1309 320 1355 patrum
342 1301 608 1349 conuenire,
632 1310 770 1350 quem
791 1298 978 1338 uidebat
1007 1299 1256 1337 multorum
1285 1304 1480 1349 peccata
1508 1298 1762 1340 laxantem;

135 1374 260 1426 quod
282 1385 387 1413 cum
409 1372 582 1412 factum
606 1370 769 1410 fuisset
791 1369 1089 1420 audissetque
1113 1381 1137 1408 a
1162 1368 1299 1408 Patre
1327 1370 1374 1408 in
1405 1380 1544 1420 quam
1573 1368 1767 1418 ancipiti

134 1446 341 1498 periculo
363 1455 437 1483 res
459 1455 572 1483 suae
593 1450 911 1490 uersarentur,
936 1440 1141 1480 decreuit
1161 1440 1444 1490 generaliter
1464 1446 1661 1491 peccata
1682 1451 1766 1479 sua

137 1516 290 1565 fateri,
323 1516 370 1555 in
403 1526 493 1566 qua
529 1513 821 1554 confessione
854 1512 970 1552 adeo
1006 1512 1130 1551 uitae
1165 1517 1411 1551 anteactae
1443 1511 1685 1562 poenituit,
1716 1517 1766 1550 ut

136 1588 326 1629 omnino
350 1587 462 1626 vitia
479 1586 525 1626 in
542 1586 689 1625 bonos
702 1595 855 1624 mores
872 1582 1132 1622 decreuerit
1151 1590 1458 1628 commutare,
1483 1593 1767 1634 quamquam

140 1661 312 1700 acriter
333 1658 488 1698 carnis
520 1656 853 1696 tentationibus
875 1654 959 1694 fuit
980 1661 1090 1694 tunc
1120 1654 1345 1705 temporis
1377 1653 1562 1702 afflicta,
1595 1659 1639 1693 et
1669 1664 1770 1704 pro-

139 1738 242 1782 pter
265 1730 508 1784 honestam
531 1727 732 1767 formam
753 1726 1106 1775 sollicitabatur,
1131 1725 1207 1764 diu
1230 1733 1386 1764 tamen
1415 1725 1461 1764 in
1485 1724 1572 1764 hoc
1604 1736 1771 1776 propo-

139 1802 227 1842 sito
249 1811 542 1852 permanens,
568 1798 685 1838 adeo
708 1810 757 1837 se
779 1809 805 1836 a
827 1797 993 1848 quouis
1017 1803 1210 1847 peccato
1230 1795 1466 1843 abstinuit,
1489 1803 1537 1835 ut
1560 1807 1642 1846 pro
1662 1807 1771 1847 quo-

140 1873 213 1913 uis
226 1872 603 1922 uenialipeccato
618 1868 1014 1909 inconsolabiliter
1032 1867 1161 1906 fleret
1180 1867 1289 1906 dum
1307 1867 1405 1906 eius
1422 1866 1770 1913 recordaretur,

142 1944 291 1984 donec
312 1941 435 1993 patri
458 1940 675 1992 aperiret:
699 1939 842 1990 igitur
864 1939 935 1978 bis
957 1944 1036 1978 aut
1059 1944 1128 1977 ter
1150 1938 1196 1977 in
1213 1937 1510 1995 hebdomada
1526 1936 1776 1977 confiteba-

143 2023 217 2055 tur
239 2020 283 2054 et
303 2013 608 2064 laclirymans
625 2010 1003 2050 communionem
1021 2008 1330 2058 desiderabat,
1351 2014 1395 2048 et
1413 2019 1439 2047 a
1457 2014 1589 2059 patre
1607 2007 1653 2047 id
1670 2019 1775 2048 con-

144 2086 248 2127 cedi
269 2083 574 2135 efflagitabat,
599 2093 739 2134 quam
760 2093 854 2121 non
875 2091 1059 2131 semper
1081 2080 1123 2119 ei
1144 2079 1446 2129 concedebat;
1471 2079 1519 2119 in
1539 2090 1630 2130 qua
1651 2079 1778 2119 vitae

143 2157 378 2209 probitate
399 2155 446 2195 in
469 2153 757 2194 continentia
779 2151 880 2192 Deo
902 2151 1078 2191 seruire
1100 2151 1323 2190 decreuit.

228 2218 471 2278 Quaedam
499 2225 591 2265 alia
619 2223 809 2273 mulier,
842 2234 948 2262 cum
980 2223 1074 2262 iam
1103 2229 1286 2273 tempus
1321 2221 1540 2272 pariundi
1567 2221 1778 2270 instaret,

145 2310 255 2339 cum
278 2296 484 2349 quodam
935 2293 944 2312 ¹
968 2291 1179 2333 confiteri
1201 2293 1361 2343 uoluit,
1385 2293 1464 2344 qui
1485 2304 1592 2332 cum
1612 2303 1782 2343 cogno-

148 2371 295 2411 visset
317 2379 422 2408 eam
442 2367 689 2407 inhoneste
711 2365 984 2416 concepisse
1013 2371 1058 2403 et
1091 2375 1185 2403 non
1212 2364 1365 2404 minus
1396 2363 1689 2415 impudenter
1719 2363 1785 2403 vi-

151 2441 294 2489 xisse,
319 2440 384 2480 ita
405 2438 626 2479 miseram
648 2436 913 2488 perterruit,
940 2441 988 2475 ut
1019 2435 1075 2475 de
1104 2446 1188 2474 sua
1217 2435 1503 2486 sempiterna
1530 2435 1680 2475 salute
1709 2435 1785 2474 ad-

148 2511 340 2552 modum
360 2509 608 2557 dubitaret3
631 2507 778 2547 noluit
800 2506 924 2546 enim
942 2517 1046 2546 eam
1063 2506 1323 2556 absoluere;
1342 2511 1667 2546 verumtamen
1683 2517 1786 2557 pro-

149 2583 372 2635 pinquam
394 2585 594 2619 mortem
615 2579 799 2628 timens,
824 2577 1012 2618 Patrem
1034 2584 1225 2618 nostrae
1247 2572 1498 2618 Societatis
1516 2577 1680 2618 uocari
1698 2577 1786 2617 ius·

146 2654 219 2693 sit:
245 2663 386 2704 quam
406 2649 660 2690 foeminam
682 2660 788 2688 cum
810 2649 875 2688 ita
898 2649 1196 2700 desperatam
1218 2648 1414 2698 videret,
1435 2648 1552 2688 adeo
1571 2659 1674 2688 eam
1693 2648 1789 2688 ani-

147 2724 309 2774 mavit,
333 2729 382 2762 ut
405 2720 668 2761 decreverit
689 2720 878 2759 omnino
901 2719 1087 2760 Christo
1111 2719 1294 2768 uiuere,
1326 2731 1418 2759 non
1454 2720 1792 2771 concupiscen-

147 2795 225 2835 tiis
247 2793 418 2842 carnis,
444 2792 664 2832 deserens
687 2798 961 2837 amatorem,
986 2802 1044 2830 ex
1066 2802 1156 2841 quo
1175 2790 1374 2840 grauida
1393 2790 1519 2830 facta
1541 2790 1641 2842 fuit3
1666 2791 1793 2842 quod

213 2954 223 2973 ¹
262 2952 336 2980 Duo
351 2951 406 2979 hic
421 2952 529 2978 verba
543 2950 638 2978 lineis
654 2957 756 2984 super
768 2950 878 2977 ductis
894 2950 1087 2977 cancellata
1103 2953 1190 2983 sunt,
1210 2957 1269 2977 nec
1287 2950 1353 2985 legi
1371 2954 1523 2985 possunt.
