2028 3328
851 85 891 121 A
899 95 936 121 Ν.
968 85 1060 120 1555
1724 80 1793 118 229

797 534 1151 591 GOGXLHI

214 764 478 804 Gonzalvus
499 767 552 803 de
569 765 760 804 Silveira

268 831 390 868 Patri
408 831 578 878 Ignatio
600 832 653 868 de
673 831 858 878 Loyola.

314 896 596 944 Ulyssipone‚
616 897 632 934 1
654 896 854 944 Januarii
876 894 966 933 1555
982 895 1007 929 ¹.

907 1049 1035 1128 Iesus

232 1249 398 1290 Gratia
419 1249 608 1290 Domini
629 1250 778 1290 nostri
804 1250 907 1290 Iesu
941 1249 1116 1290 Christi
1146 1248 1268 1289 adsit
1298 1258 1483 1298 semper
1511 1245 1680 1285 animis
1709 1256 1787 1284 no-

145 1321 275 1360 stris.
301 1321 468 1361 Amen.

230 1391 457 1440 Scribam,
485 1393 595 1433 R.111e
617 1392 772 1444 Pater,
809 1391 1202 1444 quemadmodum
1235 1389 1465 1443 praecipit
1494 1394 1660 1428 sancta
1682 1387 1786 1427 obe-

151 1463 343 1514 dientia,
368 1475 487 1515 quae
509 1465 582 1504 his
603 1464 832 1516 proximis
853 1464 878 1504 4
898 1463 1151 1513 mensibus,
1181 1461 1271 1502 Dei
1300 1460 1474 1513 Optimi
1495 1459 1690 1500 Maximi
1714 1458 1788 1498 be-

151 1534 333 1585 neficio,
357 1547 440 1586 per
461 1547 546 1575 nos
568 1547 732 1575 seruos
754 1535 941 1575 inutiles
971 1535 1017 1574 in
1039 1534 1154 1574 aede
1175 1532 1287 1574 Diui
1307 1532 1459 1572 Rochi
1481 1536 1587 1571 acta
1608 1536 1730 1570 sunt.

232 1605 442 1646 Primum
478 1607 684 1646 omnium
718 1605 881 1646 Patres
912 1618 967 1646 ac
997 1605 1182 1654 fratres,
1216 1615 1415 1656 quorum
1449 1613 1696 1642 numerum
1717 1612 1790 1641 co-

145 1688 355 1728 gnosces
374 1689 431 1717 ex
447 1679 680 1728 catalogo,
701 1677 780 1729 qui
798 1688 904 1718 cum
920 1677 992 1717 his
1008 1676 1176 1717 litteris
1192 1675 1413 1715 reddetur
1434 1674 1463 1724 ²,
1483 1679 1671 1713 strenue
1686 1683 1788 1724 pro-

152 1749 304 1799 gressi
339 1755 445 1789 sunt
468 1749 514 1788 in
543 1749 619 1788 uia
656 1748 865 1798 Domini,
900 1748 1140 1788 studentes
1174 1746 1348 1787 nostris
1378 1744 1790 1785 constitutionibus

150 1826 292 1871 atque
313 1820 488 1871 regulis
511 1826 826 1871 congruenter
846 1820 1008 1860 viuere
1025 1820 1175 1871 iisque
1196 1818 1468 1859 muneribus
1498 1816 1646 1867 fungi,
1671 1826 1791 1867 quae

154 1891 212 1931 ab
249 1891 511 1932 obedientia
551 1892 952 1943 praescribuntur.

234 1962 368 2014 Quod
391 1963 450 2003 ad
477 1963 795 2003 ualetudinem
817 1963 998 2014 attinet,
1030 1961 1329 2003 incommoda
1360 1960 1547 2001 interim
1573 1959 1646 1999 usi
1666 1963 1788 2007 sunt,

153 2046 246 2075 non
281 2041 437 2075 tamen
460 2035 740 2086 periculosa.

234 2105 310 2146 Ad
344 2106 610 2156 conciones,
650 2105 874 2146 lectiones
905 2106 1147 2146 doctrinae
1178 2104 1479 2153 christianae,
1511 2108 1650 2153 atque
1685 2112 1792 2141 con-

152 2177 384 2218 fessiones
400 2177 449 2217 fit
466 2177 701 2217 maximus
718 2188 991 2217 concursus.
1016 2176 1298 2217 Benedictus
1319 2175 1462 2215 Deus
1486 2174 1537 2214 In
1559 2172 1794 2213 concioni-

149 2248 237 2288 bus
264 2254 309 2288 et
337 2248 564 2288 doctrinis
593 2259 841 2288 versamur
862 2259 951 2299 ego
975 2254 1020 2288 et
1042 2247 1091 2288 P.
1118 2247 1356 2288 Gonzalus
1376 2246 1494 2286 Vaz.
1519 2245 1574 2285 R.
1598 2243 1646 2284 Ρ.
1680 2244 1788 2284 Pro-

151 2319 368 2359 uincialis
387 2317 401 2336 ³
419 2319 666 2371 aliquoties
698 2319 1007 2359 christianam
1029 2318 1296 2359 doctrinam
1326 2316 1581 2369 explicauit
1609 2315 1792 2356 orandi-

146 2402 242 2442 que
259 2391 491 2430 rationem
509 2390 743 2441 exposuit,
766 2401 856 2441 qua
878 2391 925 2430 in
946 2402 996 2430 re
1017 2390 1269 2442 plurimum
1291 2388 1582 2429 auditoribus
1598 2386 1789 2439 placuit.

208 2527 218 2547 ¹
257 2527 508 2561 Autographae
530 2526 561 2553 in
588 2525 802 2560 quadruplici
824 2525 915 2559 foliO,
938 2533 992 2553 nn.
1020 2526 1150 2553 591-5922.
1175 2526 1306 2553 Auctor
1333 2533 1523 2560 cognomen
1551 2532 1618 2552 non
1645 2523 1794 2552 subscri-

152 2574 231 2608 psit,
245 2574 303 2601 sed
319 2577 453 2601 tantum
467 2581 588 2601 nomen
605 2573 769 2600 Genealo.
786 2572 923 2600 Nullum
944 2579 1059 2600 tamen
1074 2581 1147 2600 esse
1163 2573 1300 2601 dubium
1321 2578 1434 2608 potest
1457 2573 1536 2607 quin
1552 2573 1581 2601 is
1604 2572 1648 2600 sit
1670 2571 1796 2599 Gundi-

151 2622 271 2649 salvus
287 2630 345 2649 seu
363 2621 534 2649 Gonzalus
550 2620 709 2655 Silveira,
726 2620 1006 2656 Ulyssiponensis
1021 2621 1202 2649 Professae
1217 2621 1344 2649 Domus
1362 2622 1593 2656 Praepositus.
1610 2621 1671 2649 Ait
1692 2624 1794 2648 enim:

153 2669 205 2696 “in
228 2670 446 2697 concionibus
463 2674 493 2696 et
511 2669 676 2696 doctrinis
692 2675 873 2696 versamur
888 2676 950 2703 ego
973 2673 1007 2696 et
1031 2669 1067 2695 P.
1097 2669 1269 2696 Gonzalus
1292 2669 1377 2697 Vaz.
1397 2669 1561 2703 Jamvero
1576 2677 1617 2696 ex
1639 2669 1795 2696 POLANCI

147 2717 333 2750 Chronico,
349 2722 371 2744 t.
391 2725 438 2749 xv,
454 2724 532 2752 pag.
547 2717 610 2750 533,
627 2724 680 2743 nn.
698 2716 767 2742 1137
782 2720 814 2743 et
831 2723 913 2750 seq.,
930 2716 985 2744 ubi
1001 2718 1074 2751 agit
1093 2717 1133 2743 de
1146 2717 1254 2745 Domo
1276 2717 1512 2745 Professorum
1534 2716 1653 2744 Sancti
1673 2715 1797 2749 Rochi,

149 2765 310 2792 novimus
333 2772 420 2799 eum,
446 2765 502 2799 qui
527 2772 600 2792 cum
626 2764 662 2791 P.
679 2763 891 2791 Gundisalvo
908 2763 983 2791 Vaz
1008 2772 1129 2792 munus
1154 2766 1271 2792 obibat
1297 2764 1532 2799 concionandi,
1557 2765 1660 2792 fuisse
1682 2764 1795 2798 ipsum

152 2811 195 2839 P.
214 2811 464 2839 Gundisalvum
481 2811 642 2839 Silveira.

207 2859 221 2879 2
259 2859 408 2887 Periisse
423 2860 450 2886 is
466 2859 615 2887 videtur.

207 2906 224 2927 5
260 2907 297 2935 Ρ.
314 2906 461 2940 Jacobus
477 2906 596 2935 Miron‚
