2028 3328
843 81 924 117 Ax.
957 80 1048 120 1555
1694 83 1765 121 289

127 177 277 217 adhuc
304 188 363 216 ex
389 177 478 216 illis
500 176 886 227 Archiepiscopis
925 175 1112 216 Sanctis
1154 180 1163 198 ¹
1201 183 1245 216 et
1280 177 1509 228 Magistro
1551 177 1691 218 Auila
1732 178 1762 229 ²,

125 247 237 287 olim
258 247 335 287 diu
357 247 430 286 hic
452 253 641 286 versato
676 252 720 286 et
749 246 1044 296 concionatO,
1079 258 1362 287 remansere.
1387 247 1503 288 Sunt
1534 248 1763 289 nihilomi-

129 330 216 358 nus
237 330 327 358 non
349 318 486 368 pauci
509 318 668 358 clerici
688 317 899 367 studiosi,
925 317 1041 356 adeo
1069 323 1120 357 vt
1140 316 1321 357 feratur
1352 319 1495 369 vulgo
1526 331 1618 359 non
1648 321 1763 360 alios

128 389 175 429 in
206 395 304 429 tota
333 389 557 440 Hispania
593 395 769 438 extare,
801 388 878 439 qui
905 400 1067 428 eorum
1101 389 1359 429 bonitatem
1395 396 1438 429 et
1469 390 1764 431 honestatem

131 460 380 511 attingant.
405 460 539 511 Quod
561 460 598 499 si
620 460 827 499 vniuersi
850 459 988 499 huius
1010 459 1216 499 ciuitatis
1237 459 1521 500 Societatem
1542 462 1680 501 vnice
1703 462 1764 501 di-

130 531 295 582 ligunt,
332 531 378 570 hi
413 531 706 582 potissimum
740 531 934 570 charam
970 530 1155 581 habent,
1192 538 1494 582 Venerantur,
1526 538 1569 571 et
1602 531 1767 572 Patres

130 603 300 642 multos
334 602 617 652 desiderant,
655 601 1013 641 concionatores
1046 601 1227 641 solicite
1263 609 1535 653 expectant,
1574 614 1766 654 percon-

128 678 291 712 tantur
317 684 481 713 eorum
512 673 778 713 aduentum.
808 671 1055 713 Solicitant
1085 673 1508 725 Archiepiscopum
1536 680 1585 713 Vt
1620 675 1766 725 porri-

128 749 213 794 gat
235 745 540 784 eleemosinas
559 751 638 784 aut
655 749 911 795 prouentus
933 744 1113 795 aliquos
1133 750 1181 783 vt
1203 745 1383 784 accersi
1405 745 1561 785 iubeat
1584 744 1764 785 Patres.

132 814 429 855 Professores
458 816 778 855 vniuersitatis
799 815 1016 855 videntur
1045 815 1184 855 etiam
1214 816 1519 867 praecipuam
1546 827 1660 867 erga
1681 829 1768 857 nos

132 898 246 937 prae
287 897 336 925 se
369 886 491 926 ferre
530 886 917 936 beneuolentiam,
955 892 999 926 et
1034 886 1166 926 Prior
1196 887 1331 927 huius
1363 888 1514 927 almae
1541 888 1769 929 ecclesiae

135 965 178 996 ct
214 957 485 1006 canonicus,
521 957 803 997 Franciscus
830 956 1008 1007 Turris,
1051 957 1172 997 filius
1213 958 1458 998 cuiusdam
1489 960 1769 1000 mercatoris

135 1028 342 1068 omnium
365 1029 501 1068 huius
524 1029 726 1069 ciuitatis
749 1028 978 1079 ditissimi,
1004 1041 1089 1069 nos
1120 1029 1257 1069 vnice
1292 1030 1457 1080 diligit,
1482 1030 1559 1081 qui
1582 1031 1768 1082 quidem

135 1098 241 1139 huic
265 1098 472 1149 Collegio
504 1099 754 1150 quotannis
775 1099 967 1140 donauit
988 1099 1234 1140 duodecim
1256 1100 1453 1141 ducatos
1476 1113 1644 1142 aureos
1666 1104 1769 1142 toti-

136 1170 333 1221 demque
355 1171 536 1210 modios
558 1170 714 1221 tritici,
737 1170 933 1211 daturus
954 1171 1127 1222 alioqui
1157 1172 1303 1212 multo
1325 1173 1475 1223 plura.
1497 1171 1615 1213 Miro
1636 1185 1771 1225 prae-

136 1248 266 1281 terea
286 1247 469 1280 tenetur
491 1241 723 1281 desiderio
745 1242 970 1282 exercitia
993 1241 1209 1292 faciendi;
1239 1249 1478 1283 caeterum
1499 1255 1604 1295 egO,
1629 1255 1772 1295 quan-

136 1318 234 1352 tum
255 1312 439 1352 indiciis
461 1312 694 1352 coniicere
727 1313 870 1364 potui,
894 1324 987 1352 non
1009 1325 1200 1364 possum
1236 1314 1347 1354 mihi
1374 1326 1467 1354 non
1487 1315 1773 1366 persuadere

137 1384 248 1435 quin
269 1383 502 1423 Dominus
530 1395 635 1423 eum
662 1384 708 1423 in
735 1395 867 1423 suam
903 1383 1185 1424 Societatem
1220 1385 1454 1425 adducere
1476 1387 1603 1437 velit,
1642 1398 1774 1438 prae-

137 1455 298 1495 sertim
319 1466 425 1495 cum
447 1454 634 1495 videam
655 1455 783 1495 illum
802 1455 849 1495 in
869 1456 967 1495 dies
989 1457 1142 1508 magis
1164 1468 1220 1496 ac
1255 1458 1408 1508 magis
1430 1458 1624 1509 moueri,
1650 1459 1774 1499 allici

136 1526 195 1566 ad
217 1533 288 1577 ea,
312 1538 430 1578 quae
468 1526 526 1566 ad
553 1525 834 1566 Societatem
869 1533 1134 1578 expectant.
1164 1528 1397 1569 Dominus
1425 1529 1550 1570 enim
1577 1529 1773 1571 Archie-

137 1598 356 1649 piscopus
372 1598 437 1637 illi
453 1598 737 1638 vaticinatus
755 1604 823 1638 est
840 1610 889 1638 se
912 1597 1162 1639 Societatis
1184 1599 1405 1640 futurum.
1430 1600 1629 1641 Adierat
1650 1603 1774 1643 enim

136 1670 281 1709 semel
313 1669 568 1709 canonicus
596 1668 851 1709 Dominum
875 1669 1302 1722 Archiepiscopum
1324 1683 1378 1711 eo
1400 1673 1572 1723 animo,
1597 1680 1647 1713 vt
1676 1685 1776 1725 per-

138 1740 357 1780 suaderet
377 1740 442 1780 illi
464 1740 736 1780 decerneret
758 1740 932 1792 aliquid
959 1741 1006 1781 in
1034 1741 1245 1792 singulos
1278 1754 1444 1794 annos,
1479 1755 1569 1795 quo
1599 1745 1777 1797 aliquot

139 1812 309 1851 fratres
330 1811 377 1851 in
397 1811 486 1851 hoc
509 1812 709 1861 collegio
730 1812 979 1860 alerentur;
1010 1813 1135 1864 quod
1162 1814 1271 1853 dum
1302 1814 1413 1854 totis
1435 1815 1615 1855 Viribus
1637 1822 1776 1868 atque

139 1873 399 1923 rationibus
421 1883 477 1922 ab
509 1894 563 1922 eo
594 1883 846 1934 impetrare
867 1890 1132 1935 conaretur,
1156 1884 1255 1936 ipse
1275 1884 1506 1926 Dominus
1532 1885 1778 1939 Archiepi-

140 1965 327 2006 scopus,
346 1954 599 1993 verborum
616 1953 715 1993 eius
734 1955 1074 2005 perspicaciam
1091 1967 1304 2007 cernens,
1324 1957 1452 1996 velut
1469 1957 1594 1998 aliud
1611 1969 1775 2009 agens:

141 2025 290 2076 visne,
314 2025 475 2076 inquit,
500 2031 548 2064 tu
585 2023 834 2065 Societatis
855 2026 976 2065 esse?
1000 2025 1084 2066 Cui
1119 2027 1210 2066 ille:
1233 2026 1428 2068 Vtinam
1450 2039 1523 2068 me
1545 2028 1778 2070 Dominus

138 2096 345 2136 efficeret
365 2096 442 2136 illa
461 2097 667 2146 dignum.
691 2096 840 2137 Natus
861 2103 931 2137 est
952 2098 1208 2138 canonicus
1230 2110 1380 2139 annos
1403 2100 1504 2151 plus
1526 2100 1680 2141 minus
1703 2102 1781 2141 tri-

142 2167 290 2219 ginta;
314 2174 383 2208 est
404 2167 596 2218 egregia
617 2167 753 2217 facie,
778 2167 927 2219 hilari,
948 2169 1251 2219 sanguineus,
1276 2170 1448 2210 rubeus
1470 2172 1778 2224 aliquantum,

144 2239 306 2279 scribit
341 2245 482 2289 recte,
516 2239 653 2279 callet
688 2239 829 2279 etiam
864 2251 1129 2280 sermonem
1163 2241 1380 2292 latinum,
1414 2243 1613 2294 audiuit,
1650 2253 1780 2296 puto,

143 2310 438 2350 Pontificium
459 2311 544 2350 iuS.
568 2309 722 2350 Vellet
742 2322 792 2350 se
813 2322 840 2350 a
861 2310 1000 2351 Patre
1021 2312 1243 2363 expedire
1265 2324 1354 2364 quo
1377 2322 1534 2364 posset
1555 2316 1784 2356 exercitia

143 2382 316 2422 facere.
347 2381 606 2422 Insinuauit
628 2393 811 2432 quoque
846 2382 959 2422 mihi
986 2394 1035 2422 se
1064 2394 1234 2434 cupere
1255 2384 1495 2435 applicare
1516 2385 1626 2426 huic
1649 2388 1785 2428 colle-

145 2454 224 2504 gio
246 2465 366 2505 quae
387 2453 536 2504 possit
559 2452 715 2492 omnia
737 2450 765 2490 ³.

225 2525 275 2565 Ρ.
298 2524 549 2564 Balthasar
583 2524 770 2574 Loarte‚
808 2523 963 2565 Patris
998 2524 1225 2566 Doctoris
1257 2527 1431 2568 Loarte
1452 2527 1467 2546 ‘⁴
1493 2528 1654 2581 frater,
1678 2531 1789 2572 fecit

201 2663 211 2683 ἱ
251 2661 514 2695 Archiepiscopi
531 2660 766 2688 Granatenses
781 2661 825 2688 ad
840 2662 903 2689 hoc
919 2670 1024 2696 usque
1039 2666 1173 2698 tempus
1187 2663 1292 2691 fuere:
1314 2664 1552 2694 Ferdinandus
1569 2666 1733 2697 Mendoza
1747 2669 1788 2696 de

146 2709 335 2743 Talavera,
350 2709 513 2739 1492-15073
528 2708 698 2735 Antonius
712 2708 752 2735 de
770 2708 883 2743 Rojas.
909 2709 1074 2743 1507-152J,;
1101 2710 1224 2739 Petrus
1250 2711 1512 2748 Portocarrero,
1536 2714 1701 2751 1525-1526;
1725 2716 1788 2744 Pe·

149 2762 224 2785 trus
241 2758 281 2784 de
296 2758 400 2789 Alva,
418 2756 585 2789 imo-1528,
600 2756 736 2790 Gaspar
752 2757 792 2784 de
810 2757 956 2792 Avalos,
975 2757 1144 2786 1529-1545.

205 2804 219 2824 ἓ
258 2804 297 2832 B.
311 2804 440 2837 Joannc
457 2804 496 2830 de
512 2803 631 2831 Avila.

204 2853 217 2873 ⁵
254 2853 433 2887 Ingressus
448 2852 586 2879 tandem
601 2851 629 2878 is
646 2851 708 2879 fuit
724 2851 944 2880 Societatem.
963 2852 1228 2886 S.er1vA&Ez,l.
1243 2862 1282 2890 c.,
1298 2856 1356 2883 lib.
1373 2864 1395 2891 1,
1411 2864 1486 2892 cap.
1502 2857 1546 2886 23.

204 2900 218 2920 ⁴
255 2900 424 2934 Gasparis
440 2900 479 2927 de
496 2899 640 2927 Loartc.

343 2960 379 2995 Τ
416 2972 469 2994 ιιι.
1564 2977 1604 3012 29
