2028 3328
286 220 355 258 716
799 224 1025 263 LITTERAE
1053 236 1411 269 QUADRIMESTRES

286 325 563 368 peruentum
602 326 671 360 est
691 353 698 371 ,
744 329 989 373 acceptum
1026 335 1052 362 a
1093 321 1293 362 Domino
1328 321 1604 363 beneficium
1638 323 1918 374 intelligunt,

286 389 527 442 eidemque
548 392 728 442 gratias
750 403 891 443 agere
913 405 1151 445 nunquam
1187 393 1431 433 desistunt.
1468 393 1632 433 Patres
1661 394 1849 444 deinde,
1875 396 1921 436 in

288 472 403 512 quos
424 461 625 502 fortasse
646 463 876 515 principio
909 464 1118 503 nonnihil
1149 463 1363 503 acerbius
1399 464 1744 515 excogitarant,
1781 466 1919 506 vehe—

287 532 429 572 menti
455 532 548 573 iam
582 545 741 574 amore
775 542 1134 586 prosequuntur.
1160 533 1207 574 si
1230 534 1287 574 ab
1315 534 1419 574 aliis
1445 534 1636 586 (dicunt)
1668 542 1764 576 tam
1800 537 1922 577 serio

284 614 360 643 res
381 611 614 655 ageretur,
639 605 760 645 bona
782 617 892 656 pars
914 605 1279 645 adolescentium
1301 617 1395 645 non
1416 606 1463 645 in
1481 612 1548 646 tot
1568 607 1685 646 vitia
1707 608 1918 658 prolabe-

284 680 458 714 rentur.
483 675 643 727 Itaque
661 676 938 727 posthabitis
959 676 1079 716 ludis
1114 682 1253 728 atque
1289 677 1405 727 aliis,
1445 677 1492 717 in
1523 677 1689 729 quibus
1724 679 1923 729 turpiter

285 750 469 797 tempus
490 747 807 797 conterebant,
832 747 945 787 nihil
966 747 1059 787 iam
1081 747 1371 788 arbitrantur
1388 747 1650 799 iucundius,
1670 760 1819 800 neque
1838 750 1924 789 vti-

285 817 388 868 lius,
413 829 552 870 quam
573 818 766 858 feriatos
785 818 882 858 dies
907 818 1277 859 confessionibus
1305 824 1349 859 et
1371 819 1520 859 saeris
1549 826 1592 860 et
1619 820 1924 860 concionibus

287 888 530 929 audiendis
547 889 795 929 insumere.
820 889 921 929 Hoc
943 901 1016 929 me
1047 895 1172 929 certe
1204 889 1319 930 adeo
1356 897 1527 941 mouet,
1565 897 1614 931 vt
1651 892 1809 931 nescio
1835 904 1926 943 quo

287 965 426 1011 pacto
448 960 697 1011 aliquando
722 960 931 1000 inuidere
963 961 1155 1010 soleam,
1188 967 1237 1000 ut
1263 961 1330 1001 sic
1363 961 1577 1013 dixerim,
1608 968 1787 1002 tantam
1816 963 1925 1003 isto-

286 1042 390 1070 rum
412 1031 458 1070 in
479 1030 680 1071 Domino
702 1031 990 1071 felicitatem.
1024 1032 1215 1073 Utinam
1236 1033 1311 1072 vel
1331 1032 1439 1072 hinc
1457 1033 1555 1084 ipse
1579 1034 1834 1085 compellar
1852 1033 1925 1074 de·

287 1103 473 1154 plorare
504 1102 650 1153 elapsi
685 1103 907 1154 temporis
943 1103 1189 1154 iacturam,
1232 1115 1287 1143 ac
1328 1104 1441 1144 mihi
1480 1105 1569 1156 ipsi
1609 1105 1655 1144 in
1687 1110 1925 1156 posterum

288 1184 473 1213 cauere.

368 1243 519 1284 Venio
533 1244 590 1284 ad
612 1245 876 1293 conciones,
901 1256 1020 1296 quae
1037 1252 1081 1286 et
1102 1246 1228 1287 domi
1251 1247 1315 1298 (ut
1332 1259 1431 1287 mos
1453 1246 1537 1297 est)
1561 1253 1605 1287 et
1622 1247 1735 1287 foris
1754 1246 1924 1287 haben-

287 1321 375 1356 tur.
400 1314 502 1366 Qua
523 1316 568 1355 in
592 1328 641 1355 re
657 1316 826 1356 mirum
847 1324 915 1357 est
937 1324 1161 1369 quantum
1183 1318 1355 1359 virium
1371 1318 1635 1370 suppeditet
1653 1318 1813 1358 diuina
1837 1319 1925 1358 lar-

286 1386 409 1436 gitas
430 1387 476 1426 in
498 1392 695 1438 Vtroque
715 1387 901 1428 homine
923 1388 970 1428 P.
996 1388 1280 1430 Prouinciali
1305 1388 1328 1440 ¹,
1354 1390 1432 1441 qui
1453 1390 1631 1430 nullum
1661 1389 1758 1429 fere
1781 1389 1926 1429 inter-

289 1458 427 1497 mittit
449 1457 667 1498 feriatum
688 1459 823 1510 diem,
849 1471 940 1511 quo
971 1466 1016 1500 et
1051 1472 1186 1501 mane
1222 1466 1266 1501 et
1298 1461 1484 1512 vesperi
1521 1461 1799 1508 concionem
1829 1472 1924 1500 non

288 1528 471 1579 habeat,
505 1541 599 1569 non
635 1530 735 1570 sine
757 1531 1045 1571 audientium
1074 1532 1305 1583 frequenti
1335 1543 1570 1572 concursu
1605 1538 1649 1572 et
1684 1531 1917 1582 profectu.

289 1598 403 1639 Illud
438 1600 642 1641 occurrit
678 1602 817 1653 (quod
851 1601 1054 1642 fortasse
1089 1603 1424 1655 praecipuum).
1463 1602 1587 1643 Inter
1609 1603 1864 1643 canonicos
1882 1608 1926 1642 et

288 1670 617 1723 portionarios,
641 1684 758 1724 quos
781 1680 967 1724 uocant,
991 1673 1128 1714 huius
1151 1675 1301 1714 almae
1331 1674 1557 1714 ecclesiae
1587 1673 1923 1724 Cordubensis,

289 1741 444 1781 multis
466 1741 634 1783 abhinc
670 1744 804 1784 annis
827 1744 1069 1785 dissidium
1091 1751 1174 1795 est,
1195 1752 1239 1785 et
1257 1745 1409 1785 adhuc
1427 1745 1512 1785 sub
1544 1745 1696 1785 iudice
1713 1745 1784 1795 lis,
1804 1756 1925 1797 quae

289 1823 364 1851 res
383 1814 633 1854 multorum
656 1815 885 1856 malorum
906 1822 976 1856 est
996 1817 1313 1857 seminarium.
1338 1817 1406 1856 Eo
1428 1828 1503 1856 res
1521 1816 1650 1856 venit
1668 1822 1718 1856 vt
1735 1828 1762 1856 a
1783 1816 1924 1856 Patre

287 1882 569 1924 prouinciali
590 1885 797 1926 studiose
819 1898 915 1927 Vna
950 1899 1111 1927 omnes
1147 1888 1496 1937 contenderent,
1534 1887 1756 1939 priuatim
1791 1899 1846 1927 ea
1869 1887 1925 1928 de

287 1966 337 1994 re
358 1954 405 1994 in
426 1956 645 2007 capitulo,
669 1957 747 1997 vbi
768 1958 916 1998 solent
934 1958 1203 2005 convenire,
1222 1959 1368 1998 verba
1385 1958 1576 1999 faceret.
1599 1957 1763 2009 Coepit
1786 1964 1926 2009 atque

287 2025 333 2065 id
355 2026 523 2067 iterum
544 2039 600 2068 ac
619 2028 807 2080 saepius
824 2035 874 2069 vt
894 2028 974 2069 fiat
995 2032 1249 2081 postulant.
1274 2028 1391 2081 Spes
1412 2036 1482 2069 est
1503 2029 1712 2069 futurum
1733 2035 1784 2069 Vt
1806 2029 1928 2069 inter

288 2097 415 2147 ipsos
437 2099 687 2140 conueniat
709 2100 1075 2152 compositisque
1097 2101 1236 2141 rebus
1263 2100 1614 2152 pacificatorem
1643 2101 1927 2152 amplectan-

289 2172 363 2207 tur
382 2168 556 2221 Jesum,
581 2170 658 2221 qui
676 2170 804 2210 Venit
826 2171 1067 2222 dispersos
1087 2182 1382 2222 congregare
1404 2170 1434 2209 ².

369 2238 441 2279 De
461 2240 723 2281 studiorum
743 2242 928 2282 ratione
950 2243 1095 2282 multo
1126 2254 1266 2294 quam
1288 2242 1489 2282 antehac
1510 2242 1794 2293 diligentius,
1819 2242 1926 2293 quia

290 2309 450 2350 sedulo
474 2318 665 2352 curatur
693 2319 743 2352 vt
770 2314 962 2364 regulae
998 2314 1320 2363 obseruentur,
1358 2313 1422 2353 ita
1451 2312 1502 2352 fit
1535 2319 1585 2352 vt
1621 2313 1859 2352 auditores
1880 2313 1927 2352 in

292 2380 389 2421 dies
428 2390 749 2433 promoueant.
791 2384 986 2425 Lucalia
1024 2383 1037 2403 ³
1077 2396 1170 2424 non
1209 2384 1309 2424 sine
1349 2384 1644 2424 solemnitate
1685 2389 1926 2423 transacta

292 2458 413 2491 sunt.
437 2452 519 2492 Est
540 2455 663 2494 enim
685 2466 738 2494 eo
760 2454 834 2495 die
855 2456 912 2495 ab
934 2468 1027 2496 vno
1049 2468 1106 2495 ex
1125 2455 1416 2496 auditoribus
1438 2455 1484 2495 in
1504 2453 1689 2494 laudem
1710 2454 1926 2494 scientia-

293 2533 395 2562 rum
416 2523 576 2564 habita
597 2526 776 2576 concio,
801 2537 942 2577 quam
964 2535 1211 2577 sequutum
1241 2533 1310 2566 est
1342 2526 1625 2577 colloquium
1646 2536 1730 2576 per
1751 2536 1922 2576 pueros

294 2593 541 2634 actitatum
562 2607 655 2635 non
677 2596 776 2636 sine
797 2581 1061 2637 venustate:
1084 2597 1258 2648 placuit
1293 2603 1337 2636 et
1373 2602 1540 2636 ornatu
1576 2601 1619 2636 et
1640 2595 1926 2636 inuentione.

295 2661 408 2703 Dies
449 2664 590 2705 etiam
630 2665 938 2708 Beatissimae
977 2667 1261 2708 Catharinae
1300 2665 1315 2685 ⁴
1353 2666 1623 2707 solemniter
1665 2666 1930 2706 celebratus

351 2846 359 2865 ¹
402 2847 500 2874 Patri
515 2848 781 2877 Bartholomaeo
796 2850 1033 2879 Bustamante.

350 2894 363 2912 Ξ
400 2894 487 2921 Vide
504 2895 652 2923 PoLANCI
669 2896 871 2933 Chrom'con‚
886 2902 909 2926 t.
923 2905 970 2932 1V,
988 2906 1065 2933 pag.
1079 2898 1141 2932 453,
1157 2902 1273 2926 annot.
1289 2899 1313 2926 1.

349 2938 364 2959 3
400 2940 563 2974 Lucalia,
576 2943 664 2970 festa
677 2951 797 2978 nempe
812 2944 891 2972 Divi
903 2945 1032 2973 Lucae.

349 2987 364 3006 ⁴
401 2988 672 3017 Annivm-sarius
687 2990 715 3017 is
727 2997 802 3018 erat
818 2992 889 3019 dies
904 2992 1168 3020 instaurationis
1183 2993 1379 3020 scholarum
1396 2991 1677 3018 Cordubensium.
1696 2990 1781 3018 Vide
1801 2991 1930 3018 PoLAN—

298 3040 329 3060 ει
348 3033 548 3069 chronicon,
564 3040 586 3063 t.
603 3043 652 3070 111,
668 3045 746 3072 pag.
761 3038 824 3070 3611,
840 3047 876 3066 n.
889 3039 941 3066 797
