2028 3328
875 167 957 203 AN.
982 168 1080 203 ,1555
1723 170 1789 207 591

156 263 307 313 coepit
334 264 572 314 paululum
603 264 742 315 loqui,
767 269 808 302 et
842 264 984 303 multa
1006 263 1141 314 signa
1164 264 1276 304 darc
1308 266 1619 314 contritionis,
1654 278 1792 317 quem

155 332 294 373 Pater
315 334 515 374 absoluit
536 334 581 373 in
604 334 819 385 Domino,
844 342 888 373 et
909 346 1001 373 non
1035 336 1177 373 multo
1208 341 1312 385 post
1341 335 1589 386 expirauit,
1616 337 1791 388 alioqui

157 404 308 455 capite
331 405 617 455 plectendus,
642 406 679 445 si
702 404 1034 445 conualuisset.
1067 404 1353 456 Requiescat
1377 406 1421 445 in
1446 418 1577 457 pace.

235 474 310 515 Ad
333 476 633 516 concordiam
654 477 900 516 nonnullos
922 475 1119 526 induxit,
1144 476 1264 516 inter
1287 487 1404 527 quos
1426 476 1512 517 fuit
1534 478 1689 517 scriba
1711 479 1790 519 hu-

156 546 227 585 ius
244 546 414 597 oppidi,
440 547 518 598 qui
539 559 621 598 per
643 559 727 587 sex
748 549 822 587 vel
844 554 948 586 octo
972 558 1121 586 annos
1143 547 1435 587 abstinuerat
1458 560 1484 587 a
1506 549 1791 589 salutatione

154 618 374 668 propriae
396 619 572 658 sororis
595 626 638 658 et
661 619 760 658 eius
781 618 959 658 mariti.

235 687 478 728 Postremo
506 689 706 729 accessit
737 690 834 740 ipse
863 689 925 729 20
958 689 1226 729 vsurarium
1256 689 1394 729 huius
1424 689 1631 730 ciuitatis
1662 690 1787 740 (nam

160 758 219 797 l.⁰
241 771 346 799 cum
370 759 416 799 P.
441 759 682 800 Bel-nardo
704 761 832 800 illum
854 760 1035 800 adierat
1057 766 1321 800 tentaturus
1350 760 1479 800 illum
1507 760 1565 800 ad
1589 768 1791 801 mentem

154 830 393 880 reuocare)
430 842 563 882 quem
597 831 769 882 reperit
800 831 1091 871 laborantem
1127 838 1274 882 peste,
1299 838 1343 870 et
1371 837 1573 872 stantem
1595 832 1640 871 in
1670 833 1790 872 ostio

152 900 317 940 domus
338 912 451 941 suae
473 902 884 942 circumstantibus
901 902 1057 942 multis
1074 914 1098 941 e
1121 901 1275 942 medio
1298 902 1496 953 plateae,
1518 905 1791 943 consolatus

152 978 220 1011 est
242 983 347 1011 eum
362 972 626 1024 bonumque
648 973 769 1013 illius
792 973 1083 1025 propositum
1106 979 1150 1013 et
1173 980 1336 1013 Votum
1359 973 1414 1013 de
1437 985 1677 1025 nunquam
1695 987 1790 1015 am-

151 1042 272 1093 plius
306 1044 571 1083 exercenda
607 1056 749 1083 vsura
777 1044 946 1095 illaque
973 1044 1260 1084 restituenda
1294 1045 1506 1084 laudavit
1537 1045 1791 1096 plurimum

152 1114 536 1166 confirmauitque
557 1116 604 1154 in
632 1115 850 1166 Domino;
880 1115 958 1167 qui
985 1115 1125 1155 biduo
1155 1124 1235 1155 aut
1266 1116 1421 1156 triduo
1453 1123 1557 1167 post
1587 1116 1790 1157 reddidit

152 1185 366 1235 spiritum
389 1197 492 1225 cum
515 1186 671 1225 multis
693 1186 796 1226 aliis
818 1199 876 1225 ex
898 1197 981 1226 sua
1013 1186 1204 1226 familia.
1238 1186 1554 1238 Requiescant
1577 1188 1624 1228 in
1651 1200 1787 1239 pace.

231 1255 349 1296 Sunt
369 1262 413 1296 et
435 1257 527 1296 alia
550 1257 685 1309 (quae
707 1257 869 1297 omitto
892 1269 949 1297 ne
971 1257 1024 1298 R.
1049 1257 1101 1298 T.
1131 1257 1180 1297 P.
1212 1269 1421 1298 remorer
1443 1259 1616 1300 diutius
1647 1271 1789 1311 quam

152 1340 236 1379 par
258 1328 342 1378 est)
365 1329 411 1368 in
429 1329 596 1380 quibus
620 1329 829 1368 exercuit
847 1341 932 1369 nos
950 1329 1199 1369 Dominus.

231 1399 294 1439 Vt
317 1406 473 1439 autem
496 1400 695 1450 amplius
718 1399 1016 1451 proficiamus
1048 1408 1092 1440 et
1114 1412 1452 1452 praeparemus
1484 1414 1569 1441 nos
1597 1402 1790 1453 diligen-

149 1470 238 1510 tius
260 1471 469 1521 collegiis
490 1471 724 1522 erigendis
747 1471 821 1511 hic
845 1472 916 1511 vel
940 1471 1065 1522 alibi,
1091 1472 1368 1512 commenda
1391 1472 1495 1522 (sic)
1518 1485 1604 1512 nos
1627 1486 1789 1514 omnes

148 1552 288 1592 quam
309 1541 562 1582 humillime
584 1542 800 1593 precibus
822 1548 866 1582 et
887 1542 1131 1582 sacrificiis
1150 1542 1204 1582 R.
1230 1542 1288 1583 V.
1309 1542 1376 1593 P.,
1398 1555 1538 1594 quam
1556 1545 1689 1585 nobis
1708 1546 1788 1585 diu

147 1614 434 1664 multumque
466 1613 747 1653 incolumem
774 1619 928 1653 seruet
964 1614 1166 1665 optimus
1200 1613 1432 1654 Dominus
1463 1622 1623 1656 noster
1650 1616 1788 1669 Jesus

140 1683 378 1724 Christus.
402 1683 569 1724 Amen.
1183 1719 1189 1722 .

226 1754 444 1806 Tornaci‚
469 1755 617 1807 pridie
635 1756 868 1796 Calendas
889 1756 1190 1808 Septembris,
1216 1768 1340 1796 anno
1362 1756 1554 1798 Domini
1578 1757 1693 1798 1555.

521 1826 575 1866 R.
601 1826 661 1867 V.
685 1827 733 1867 Ρ.

684 1897 860 1939 Seruus
881 1899 927 1938 in
948 1898 1166 1948 Domino,

1109 2040 1365 2092 QUINTINUS
1396 2042 1674 2084 CHARLART.

224 2252 577 2304 Superscrzptzb
606 2264 655 2292 m
677 2258 851 2304 quarta
866 2255 1084 2306 pagina:
1105 2255 1208 2295 R.d⁰
1241 2256 1288 2296 in
1309 2256 1497 2298 Christo
1528 2258 1658 2299 Patri
1692 2259 1784 2300 Do-

139 2324 270 2363 mino
304 2323 486 2374 Ignatio
520 2323 577 2364 de
617 2323 812 2376 Loyola‚
850 2325 1128 2378 Praeposito
1171 2327 1394 2368 Generali
1433 2329 1636 2370 Socie.tiS
1674 2331 1786 2384 Jesu

143 2394 314 2444 dignm,
336 2393 528 2436 Romae.

223 2464 334 2505 Alia
354 2467 745 2519 manu.·T01-nay.
770 2467 920 2519 Quad.
945 2468 1101 2510 Pridie
1125 2469 1224 2510 Cal.
1250 2469 1405 2522 Septe.
1435 2471 1550 2512 1555.

223 2537 386 2578 flffanet
406 2539 669 2590 vestigium
690 2539 852 2590 sigilli
867 2544 911 2580 et
933 2551 1066 2581 cerae
1090 2542 1279 2582 rubrae.
