2028 3328
873 104 956 141 AN.
990 105 1079 141 1354
1758 110 1804 145 713

168 202 298 252 dica,
323 213 405 254 per
426 203 470 242 13
506 202 613 253 qual
639 213 749 241 cosa
781 202 924 241 molto
944 200 1084 241 b'uon’
1122 201 1264 241 odore
1296 202 1415 241 della
1451 202 1742 254 Compagnia
1764 207 1801 245 si

174 284 346 324 sparge
368 284 450 324 per
471 274 515 313 la
533 273 660 313 61113.
681 272 759 312 Μ3
780 272 910 312 36610
932 278 1075 312 metta
1096 272 1199 322 fine,
1224 279 1387 312 vostra
1410 272 1650 313 Paternitii
1671 276 1803 326 sapia

171 344 259 384 6116
281 356 396 384 sono
417 344 706 396 paratissimi
740 354 824 395 per
859 343 1043 395 pigliar'
1076 343 1413 394 allegramente
1444 344 1554 395 ogni
1588 356 1701 385 cosa
1723 358 1803 397 per

173 416 199 454 l’
225 415 390 455 honor’
416 415 458 454 d'
482 415 611 456 Iddio
633 414 895 455 benedetto.

252 486 426 537 Questo
449 488 508 527 ho
529 488 687 527 uoluto
710 486 808 527 dire
830 485 886 526 de
907 486 939 526 li
969 487 1076 526 miei
1112 486 1158 526 in
1185 485 1339 527 Cristo
1377 486 1685 526 amantissimi
1715 487 1805 527 sra-

172 558 287 598 telli:
314 558 445 598 36610
466 565 627 599 vostra
649 557 888 598 Paternita
909 557 1028 598 ueda
1050 559 1208 609 quant’
1234 558 1495 608 allegrezza
1513 564 1557 598 et
1578 570 1805 609 speranza

172 627 338 668 debbia
360 630 544 681 pigliar'
569 630 615 670 di
635 629 786 682 questi
814 629 916 669 suoi
938 629 1062 670 serui
1094 629 1299 680 indegni.
1332 629 1366 669 Ι1
1388 629 1473 669 6116
1501 629 1687 677 fornito,
1713 642 1807 670 11011

173 702 282 741 rest’
307 701 427 741 altro
449 713 498 741 se
519 713 613 742 non
632 701 664 741 11
682 700 892 753 pardono
910 700 966 741 de
986 708 1151 741 vostra
1170 700 1408 741 Paternita
1428 702 1636 741 61611613
1651 701 1809 741 diuina

174 773 316 813 bonta
338 773 381 812 61
402 773 608 824 perdone
628 779 747 813 tutto
769 772 840 812 610
862 772 948 812 6116
969 783 1053 823 per
1076 773 1120 812 13
1141 778 1303 812 nostra
1325 772 1603 823 negligenza
1621 773 1810 812 habbia-

176 854 252 884 mo
273 844 447 884 lassato
465 844 510 884 di
529 844 648 895 fare,
672 843 919 885 inuocand'
936 851 980 884 et
996 844 1240 884 bramand’
1262 844 1292 883 il
1311 844 1468 884 diuino
1485 843 1654 894 fauor’,
1680 845 1816 884 36610-

176 915 262 956 6116
283 915 534 956 faeilment’
556 916 586 956 il
607 927 691 956 suo
712 916 856 956 voler'
893 915 1227 966 eognoseiamo
1249 922 1293 956 et
1315 914 1674 967 perfettamente
1702 924 1812 955 met-

176 986 300 1026 tiam⁷
324 987 371 1026 in
391 986 563 1027 effetto.
583 986 756 1027 Nostro
777 985 963 1037 Signor'
988 998 1172 1038 sempre
1208 987 1250 1027 ei
1275 992 1417 1038 tegna
1447 998 1535 1027 con
1556 987 1599 1026 13
1629 998 1713 1027 sua
1736 999 1811 1038 ρο-

176 1064 302 1098 161116
321 1069 459 1098 1113110
481 1058 537 1098 (16
558 1057 895 1108 misericordia,
919 1064 964 1098 61
986 1069 1035 1098 se
1057 1057 1232 1109 degna,
1257 1058 1388 1098 36610
1410 1058 1581 1109 meglio
1602 1059 1644 1098 16
1665 1059 1816 1098 seruir

179 1129 432 1180 possiamo,
457 1129 734 1170 coneederci
754 1131 830 1170 un'
855 1130 1040 1181 integra
1057 1129 1211 1170 5311113
1233 1130 1476 1182 spirituale
1492 1135 1537 1170 et
1554 1130 1813 1181 corporale.

257 1200 318 1240 Di
339 1200 541 1241 Modena
564 1213 591 1241 3
611 1201 643 1241 11
663 1201 716 1241 29
733 1201 775 1241 d’
800 1200 1019 1252 Augusto
1045 1200 1161 1241 1554.

261 1271 318 1312 D.
344 1272 404 1312 V.
428 1271 477 1313 P.
509 1284 647 1313 seruo
670 1273 878 1324 minimo,

1135 1416 1339 1457 GIOANNI
1370 1416 1602 1456 VALERro.

266 1632 388 1672 Loco
428 1629 854 1682 superscriptionis
891 1629 1004 1670 haec
1040 1630 1090 1669 ιή
1133 1634 1307 1681 quarta
1348 1630 1534 1682 pagina
1569 1629 1824 1680 leguntur:

187 1700 303 1740 1554.
328 1699 430 1741 R.d0
460 1699 511 1740 Ρ.
535 1702 732 1753 Ignatio.
759 1700 971 1741 Modena.
997 1701 1033 1741 11
1055 1701 1426 1752 Quadrimestro.

264 1773 328 1813 Et
349 1772 446 1813 alia
467 1784 627 1812 mann.
653 1771 712 1813 Di
733 1771 953 1824 Modena,
971 1772 1024 1813 29
1045 1773 1089 1813 di
1114 1772 1296 1824 Agosto
1324 1773 1438 1813 1554.

1474 1918 1527 1968 Q.
1562 1916 1608 1958 s.
