2028 3328
244 169 316 207 484
761 171 987 210 LITTERAE
1003 184 1086 217 QUA
1094 184 1361 211 DRIMESTRES

247 266 388 318 cant),
413 278 518 308 cum
540 267 598 308 ad
619 268 747 308 illum
778 268 1063 320 deferuntur,
1096 270 1168 308 uel
1186 269 1477 320 theologicae
1497 270 1571 309 uel
1591 269 1874 322 philosophi—

247 349 346 389 cae,
371 339 430 379 ad
450 351 537 380 nos
557 340 786 390 imprimis
807 341 1056 380 mittendas
1079 348 1225 389 curat,
1252 346 1295 380 et
1325 340 1439 380 satis
1461 352 1562 381 esse
1583 348 1714 393 putat
1736 342 1776 382 si
1795 354 1872 382 no-

245 416 449 450 strorum
473 411 695 451 iudicium
721 412 765 451 in
789 411 971 452 illarum
994 412 1277 463 expensione
1305 412 1596 453 adhibeatur.
1626 412 1670 453 Is
1698 425 1876 465 paucos

245 487 352 522 ante
373 481 471 522 dies
488 494 593 522 cum
614 484 807 523 solemni
824 484 1103 534 publicoque
1120 483 1292 523 iudicio
1314 490 1412 523 turn
1431 484 1547 523 alios
1563 483 1669 524 fidei
1685 490 1883 525 nostrae-

244 553 542 593 aduersarios
564 553 667 593 aliis
688 554 942 605 suppliciis,
975 560 1072 593 tum
1094 565 1252 600 vnum,
1284 554 1361 605 qui
1389 554 1435 593 in
1462 554 1699 595 haeretica
1720 556 1873 606 praui-

245 630 341 664 tate
368 624 598 664 obstinate
624 624 904 675 perstiterat,
932 624 1071 664 morti
1096 632 1217 663 esset
1243 624 1609 675 adiudicaturus,
1635 625 1743 665 huic
1763 637 1873 677 qua-

244 701 349 735 tuor
366 707 424 735 ex
446 696 674 735 coenobio
691 695 891 746 quodam
914 695 1157 745 religiosos
1179 695 1304 734 uiros
1326 696 1491 736 adesse
1513 696 1728 736 iusserat:
1754 708 1871 748 quos

243 778 349 806 cum
370 777 511 817 aegre
544 766 589 806 id
625 767 779 806 facere
809 766 1145 817 conspexisset,
1182 766 1295 806 dure
1335 759 1817 818 increpans‚'duobus
1847 781 1872 807 c

241 838 414 877 nostris
431 837 687 877 accersitis:
715 839 794 877 “en
817 837 1011 887 (inquit),
1035 848 1150 888 quos
1171 849 1263 877 non
1285 838 1426 888 pudet
1447 838 1615 878 horum
1633 849 1866 889 operum„.

240 908 402 949 Voluit
435 909 578 959 igitur
606 915 655 948 ut
676 908 823 948 nostri
845 908 1099 957 adstarent,
1123 919 1209 947 nec
1232 915 1388 948 tamen
1410 909 1527 960 illos,
1552 915 1601 949 ut
1631 909 1866 956 uolebant,

239 980 410 1020 liberos
431 980 619 1029 dimisit,
643 980 724 1019 sed
746 986 795 1019 ut
816 979 1009 1019 comites
1031 986 1338 1031 sequerentur
1354 981 1543 1020 omnino
1560 980 1813 1032 praecepit.

316 1050 413 1091 Nec
441 1057 594 1090 tamen
628 1050 871 1090 defuerunt
898 1051 975 1100 qui
1002 1050 1109 1090 huic
1138 1051 1193 1090 de
1216 1057 1374 1091 nostro
1402 1052 1601 1102 collegio
1632 1051 1864 1091 existima-

236 1122 350 1162 tioni
373 1122 527 1161 conati
550 1128 655 1161 sunt
683 1132 865 1172 semper
894 1122 1178 1172 obstrepere,
1210 1122 1288 1173 qui
1315 1129 1360 1161 et
1386 1134 1509 1162 nunc
1531 1122 1610 1162 uix
1632 1134 1658 1162 a
1680 1122 1875 1162 maledi--

236 1193 325 1233 ctis
347 1193 593 1241 abstinent,
618 1193 729 1232 illud
751 1192 966 1232 Patribus
988 1193 1162 1232 nostris
1184 1192 1471 1241 obiicientes,
1496 1193 1619 1244 quod
1640 1193 1770 1244 impii
1791 1204 1865 1232 ne-

235 1264 420 1304 roniani
441 1264 487 1303 in
509 1264 653 1304 Beato
675 1263 812 1303 Petro
834 1264 1161 1313 concionante,
1186 1275 1363 1315 suoque
1385 1275 1600 1304 sermone
1622 1270 1665 1304 et
1686 1263 1864 1303 monitu

235 1347 262 1375 a
283 1335 442 1375 mundi
463 1335 660 1375 fallaciis
681 1335 903 1385 virgines,
926 1335 983 1375 ad
1001 1333 1261 1375 Saluatoris
1277 1336 1427 1376 nostri
1446 1336 1559 1388 Jesu
1574 1335 1716 1376 'Cristi
1732 1334 1864 1375 fidele

234 1406 506 1457 obsequium
524 1406 803 1455 attrahente,
823 1406 1209 1446 criminabantur.
1230 1406 1404 1447 Dicunt
1421 1408 1544 1447 enim
1556 1413 1742 1446 nostros
1759 1418 1865 1446 con—

235 1478 503 1528 iugatorum
536 1484 663 1517 toros
691 1477 968 1526 dissoluere,
998 1477 1121 1528 quod
1148 1489 1311 1518 uerum
1345 1490 1403 1517 ne
1432 1477 1490 1517 sit
1517 1489 1577 1517 an
1606 1477 1776 1517 falsum
1802 1483 1863 1516 te-

232 1549 316 1588 stis
344 1554 427 1599 est,
458 1559 595 1599 quern
622 1547 734 1587 nihil
760 1548 906 1588 latere
933 1555 1099 1599 potest,
1130 1548 1273 1588 Deus.
1304 1548 1401 1588 Nos
1427 1555 1606 1597 tamen,
1643 1547 1863 1599 quoniam

231 1631 326 1659 non
348 1619 519 1659 mundo
543 1619 623 1659 sed
656 1618 842 1659 Christo
863 1619 1131 1669 militamus,
1162 1629 1388 1671 quantum
1415 1619 1588 1659 mundo
1616 1619 1762 1659 simus
1789 1629 1861 1658 ac—

231 1691 368 1742 cepti,
400 1702 494 1730 non
522 1691 715 1730 nimium
748 1691 1038 1741 laboramus,
1071 1691 1110 1730 si
1145 1691 1283 1731 modo
1315 1690 1415 1730 Deo
1447 1691 1621 1742 optimo
1656 1690 1860 1729 maximo

230 1762 512 1813 placeamus.
551 1761 671 1813 Quin
693 1767 736 1801 et
766 1773 824 1801 ex
858 1761 930 1801 his
961 1773 1052 1801 non
1088 1762 1241 1813 pauci,
1271 1769 1518 1813 perspecta
1545 1761 1614 1801 rei
1643 1760 1867 1811 veritate,

229 1833 522 1873 contumeliis
542 1833 635 1872 iam
660 1832 848 1872 tandem
872 1832 1061 1872 modum
1085 1833 1421 1884 imposuerunt.
1440 1831 1530 1873 Sed
1547 1832 1657 1883 quid
1675 1831 1860 1871 audien—

227 1904 315 1944 dae
344 1904 503 1956 populi
529 1915 671 1943 uoces
699 1916 755 1944 ac
777 1915 1032 1952 murmura,
1064 1904 1187 1955 apud
1216 1915 1352 1955 quem
1381 1903 1567 1955 quiduis
1595 1903 1749 1955 potius
1771 1901 1858 1942 effi-

228 1976 340 2026 cias,
365 1987 506 2027 quam
533 1981 582 2015 ut
604 1976 703 2015 eius
724 1975 913 2026 linguae
934 1975 1148 2015 fraenum
1169 1975 1404 2026 imponas?
1430 1974 1677 2015 Caeterum
1699 1984 1785 2013 nec
1806 1984 1867 2013 eas

225 2052 295 2087 est
315 2046 403 2086 hac
426 2046 481 2086 de
503 2058 552 2086 re
574 2046 697 2098 apud
719 2047 943 2098 populum
973 2045 1114 2095 fama,
1146 2052 1194 2086 ut
1214 2047 1289 2085 uel
1318 2057 1345 2085 a
1368 2045 1501 2085 nobis
1522 2045 1682 2096 magni
1704 2044 1858 2084 existi-

225 2118 344 2158 mari
366 2118 546 2168 debeat,
570 2119 643 2157 uel
665 2118 787 2169 apud
807 2117 1035 2158 bonorum
1057 2124 1236 2158 mentes
1260 2116 1434 2168 aliquid
1455 2118 1623 2157 ualeat.

305 2188 439 2240 Quod
462 2196 618 2229 autem
638 2189 698 2229 ad
719 2195 881 2229 nostra
904 2189 1105 2240 pertinet
1127 2188 1369 2238 exercitia,
1393 2188 1546 2227 nullus
1575 2194 1660 2237 est,
1686 2187 1763 2238 qui
1783 2187 1858 2227 uel

226 2260 273 2299 in
293 2259 664 2299 confessionibus
686 2259 944 2308 audiendis,
969 2260 1043 2300 uel
1058 2259 1338 2299 lectionibus
1360 2258 1738 2309 interpretandis,
1763 2269 1856 2298 non

223 2329 580 2382 diligentissima
597 2342 711 2371 cura
728 2330 918 2370 Domini
936 2332 1121 2371 uincam
1140 2331 1340 2380 excolat,
1360 2341 1506 2381 eoque
1524 2341 1647 2369 nunc
1665 2329 1854 2380 diligen-

222 2401 344 2452 tiori,
366 2413 455 2453 quo
472 2401 621 2442 maior
638 2408 708 2441 est
725 2401 1044 2442 confitentium
1064 2412 1288 2441 numerus
1309 2408 1353 2440 et
1370 2399 1656 2440 studentium
1678 2399 1850 2440 feruor.

196 2471 199 2473 ’
223 2471 511 2513 Concionum
532 2471 717 2524 quidem
738 2484 889 2513 nouus
910 2472 1100 2524 quidam
1128 2484 1182 2512 ac
1204 2483 1349 2523 prope
1374 2470 1612 2511 inauditus
1642 2471 1689 2510 in
1716 2470 1863 2511 huius.

224 2542 428 2596 ciuitatis
449 2543 714 2583 hominibus
746 2551 942 2595 apparet
972 2544 1165 2584 fructus.
1195 2541 1298 2583 Non
1328 2542 1450 2582 enim
1478 2543 1661 2582 occulta
1693 2542 1852 2582 obscu-

206 2625 367 2664 -raque
389 2625 520 2664 uoce,
544 2614 624 2654 sed
657 2615 827 2666 palam,
851 2614 1130 2655 confitentur
1153 2625 1329 2664 omnes,
1353 2613 1411 2654 ab
1439 2625 1493 2653 eo
1514 2619 1739 2664 tempore,
1763 2623 1861 2664 quo-

219 2684 367 2723 nostri
388 2684 479 2724 huc
500 2684 829 2735 aduentarunt‚
859 2697 1005 2737 usque
1026 2684 1144 2725 adeo
1166 2681 1416 2735 corruptos
1437 2684 1678 2723 hominum
1697 2694 1859 2723 mores.

204 2753 266 2807 in
286 2755 502 2794 meliores
525 2754 665 2795 fuisse
693 2767 961 2805 conuersos,
996 2762 1044 2796 ut
1074 2755 1191 2795 haec
1220 2755 1402 2805 ciuitas,
1433 2765 1552 2805 quae
1582 2753 1691 2794 olim
1711 2754 1849 2794 latro·

217 2835 328 2864 num
349 2830 394 2864 et
412 2825 703 2875 praedonum
716 2826 1066 2877 receptaculum
1083 2832 1220 2876 esset,
1239 2825 1552 2876 frequentium
1569 2824 1858 2865 concionum.

217 2894 455 2945 beneficio,
479 2895 666 2946 pietatis
687 2902 731 2935 et
752 2897 991 2947 religionis
1012 2902 1194 2937 tantum
1214 2908 1339 2937 nunc
1366 2895 1546 2936 emittat
1568 2895 1774 2944 odorem,
1797 2900 1846 2935 ut

217 2965 359 3015 uulgo
385 2966 525 3016 (quod
546 2972 590 3005 et
611 2966 709 3016 ipse
731 2978 871 3017 saepe
892 2967 1067 3016 audiui>
1098 2975 1264 3008 sancta
1294 2972 1588 3018 nuncupetur
1609 2966 1844 3006 Messana.
