2028 3328
242 170 312 207 600
755 174 980 212 LirrERAE
1009 187 1365 219 QUADRIMESTRES

244 268 319 308 dio
341 269 478 310 huius
499 270 666 316 Patris.
692 284 784 313 non
806 274 956 313 solum
978 285 1095 323 eam,
1115 274 1206 313 imo
1227 275 1389 313 vitium
1412 274 1668 313 detestatus
1687 280 1770 321 cst3
1795 274 1874 312 sed

245 351 349 380 cum
370 342 571 392 primum
592 343 736 394 licuit,
760 345 913 396 patria
936 346 1090 385 cessit:
1114 357 1198 384 nec
1218 345 1261 384 id
1279 344 1463 384 demum
1481 345 1873 395 praetereundum

244 412 419 461 censui,
443 415 595 464 puella
617 416 741 455 enim
763 416 992 467 quaedam
1014 416 1234 455 ardenter
1256 415 1471 466 cupiebat
1493 422 1766 466 perpetuam
1788 415 1876 454 vir-

243 485 490 535 ginitatem
510 485 610 525 Deo
628 498 923 537 consecrare,
943 499 1082 538 quam
1099 494 1318 537 parentes
1336 487 1625 526 conabantur
1643 492 1871 534 avertere,

245 563 292 595 at
313 555 390 595 illa
412 557 533 597 hunc
556 564 736 608 patrem
758 559 1047 609 spiritualem
1070 558 1317 605 consuluit,
1344 565 1387 597 et
1409 558 1508 597 eius
1530 557 1633 597 fidei
1656 570 1704 597 se
1727 557 1873 597 credi-

244 627 325 676 dit,
347 640 464 680 quae
480 636 658 679 postea,
683 630 888 669 omnium
909 636 1155 680 parentum
1172 640 1420 679 consensu,
1439 629 1563 680 quod
1579 629 1706 679 prius
1721 629 1875 668 animo

245 699 534 751 decreuerat,
558 700 867 740 confirmauit.

324 770 497 812 Rector
519 772 727 823 Collegii,
752 779 802 812 rt
823 772 1052 812 hactenus
1074 771 1330 818 consueuit,
1359 772 1406 811 in
1428 771 1643 812 doctrina
1665 771 1875 812 christia-

244 855 304 882 na
325 851 613 894 perseuerat,
638 854 810 894 magno
834 843 1099 883 auditorum
1126 844 1355 894 applausu
1378 849 1422 883 et
1445 843 1706 883 animorum
1727 844 1876 894 profe-

245 920 338 965 ctu,
363 915 440 966 qui
465 915 603 954 ctiam
625 913 795 954 fratres
824 914 943 953 mira
970 913 1250 954 dexteritate
1278 914 1453 965 dirigit;
1484 920 1651 954 cuncta
1681 914 1876 965 denique

245 985 384 1035 domi,
409 997 464 1025 ac
498 985 626 1034 foris,
661 985 906 1034 industria,
941 990 1079 1036 atque
1107 985 1352 1036 sapientia,
1386 985 1632 1036 ponderat,
1657 984 1875 1036 disponit.

244 1058 622 1107 moderaturque:
646 1056 796 1108 qualis
818 1056 975 1107 itaque
998 1057 1071 1096 vir
1092 1056 1166 1107 sit,
1190 1057 1304 1097 satis
1326 1063 1616 1108 compertum
1644 1063 1714 1096 est
1735 1057 1876 1097 omni-

243 1129 343 1169 bus.
367 1128 615 1168 Praeterea
638 1128 757 1167 alius
778 1127 932 1175 Pater,
952 1128 1030 1178 qui
1052 1127 1314 1168 doctrinam
1331 1129 1542 1180 paruulis
1559 1128 1783 1179 cantillat,
1804 1128 1876 1167 de-

244 1206 398 1240 tentos
421 1200 465 1239 in
489 1210 680 1239 carcere
701 1199 863 1239 diebus
883 1198 1015 1239 festis
1032 1211 1131 1239 eam
1153 1199 1305 1250 docet,
1324 1211 1381 1239 ex
1399 1211 1489 1251 quo
1506 1199 1771 1239 vberrimus
1788 1199 1878 1239 fru-

245 1276 348 1311 ctus
371 1270 620 1321 colligitur,
646 1269 780 1310 ludos
801 1270 969 1321 quibus
991 1270 1285 1310 oblectantur
1305 1270 1534 1322 prohibet,
1551 1269 1817 1321 juramenta
1834 1278 1878 1309 et

246 1342 596 1382 maledictiones
627 1348 764 1392 atque
791 1341 997 1382 conuitia
1026 1341 1349 1393 reprehendit:
1383 1341 1525 1393 aliqui
1553 1353 1714 1381 eorum
1743 1341 1877 1381 confi-

248 1419 418 1463 tentur;
443 1413 602 1452 tribuit
625 1414 712 1452 illis
735 1412 932 1453 Rosaria
949 1412 1164 1463 Virginis
1186 1412 1378 1463 Mariae;
1403 1425 1483 1453 eos
1504 1412 1690 1453 demum
1714 1412 1877 1458 modis,

246 1484 413 1535 quibus
433 1490 600 1535 potest,
626 1484 683 1523 ad
706 1483 980 1534 patientiam
1002 1490 1282 1534 commouet,
1311 1490 1355 1524 et
1376 1485 1568 1524 solatur.
1596 1483 1735 1524 Modo
1759 1483 1880 1523 insu-

246 1566 329 1607 per
361 1555 484 1606 apud
515 1566 601 1595 nos
633 1562 727 1595 tres
758 1555 803 1594 in
836 1554 1168 1595 exercitiorum
1208 1561 1478 1595 nostrorum
1511 1555 1747 1605 palaestra
1779 1565 1882 1594 sese

246 1632 482 1666 exercent.
506 1625 612 1666 Duo
636 1632 881 1676 praeterea
912 1625 1182 1666 sacerdotes
1212 1626 1405 1666 iuuenes
1433 1625 1658 1667 Societati
1689 1626 1880 1676 adiungi

246 1703 484 1748 exoptant.

328 1768 455 1808 Haec
478 1775 599 1819 sunt,
615 1768 667 1808 R.
690 1768 754 1817 R,
776 1769 942 1820 quibus
960 1780 1260 1820 occupamur;
1281 1769 1327 1808 in
1345 1767 1720 1809 confessionibus
1740 1768 1882 1809 etiam

249 1840 507 1891 audiendis,
532 1846 630 1880 tum
652 1840 791 1889 domi,
815 1840 860 1879 in
883 1840 1083 1890 templis,
1108 1846 1246 1891 atque
1270 1840 1315 1879 in
1338 1840 1535 1891 priuatis
1552 1840 1761 1891 aedibus;
1784 1850 1884 1879 cre-

249 1912 337 1951 scit
359 1911 556 1963 denique
586 1912 631 1951 in
663 1912 762 1951 dies
792 1922 1014 1951 numerus
1042 1911 1505 1951 communicantium.
1538 1910 1679 1951 Hisce
1707 1917 1751 1950 et
1781 1910 1885 1950 aliis

250 1982 538 2031 huiusmodi,
580 1994 700 2033 quae
739 1982 956 2034 persequi
992 1982 1226 2031 desinam,
1269 1993 1577 2033 occupamur,
1621 1988 1759 2033 atque
1798 1993 1885 2021 nos

249 2065 426 2104 omnes,
449 2062 499 2093 vt
521 2055 661 2104 longe
692 2054 764 2093 his
783 2054 1010 2105 graviora
1032 2053 1383 2104 aggrediamur,
1408 2053 1625 2104 precibus
1645 2052 1699 2093 R.
1732 2052 1872 2092 Vssrffl‘

248 2125 499 2176 plurimum
520 2125 918 2165 commendamus.
943 2124 1077 2165 Vale.

411 2196 677 2247 Valentiae,
703 2196 898 2236 Kalend.
923 2195 1210 2247 Septembris
1231 2196 1344 2235 1555.

783 2267 839 2307 R.
864 2267 1003 2307 V.t¹‘ae
1029 2267 1204 2307 inutilis
1226 2278 1405 2316 seruus,

1271 2409 1518 2450 ALFonsus
1546 2409 1776 2455 LocANus.

338 2623 400 2663 In
420 2625 626 2664 secunda
641 2624 831 2675 pagiua
852 2624 964 2664 haec
982 2628 1170 2664 tantum
1191 2624 1442 2675 leguntur,
1458 2623 1554 2662 alia
1572 2627 1728 2662 tamen
1744 2633 1886 2661 manu

262 2699 485 2734 exarata:
510 2696 624 2736 1555.
648 2695 884 2735 Valentia.
910 2694 1287 2746 Quadrimestres
1308 2695 1366 2746 p.¹'
1394 2693 1694 2746 Septembris.
