2028 3328
184 198 255 235 634
705 198 927 235 LITTERAE
947 208 1305 242 QUADmMEsTnEs

181 296 428 335 stratensis
450 301 494 335 et
515 295 718 335 Domina
740 295 948 336 eiusdem
978 294 1183 335 ciuitatis
1212 293 1528 334 Culernbersis
1564 292 1690 342 (sz‘c),·
1724 293 1820 344 plu-

179 366 284 406 rimi
323 367 500 406 nobiles
544 367 749 418 Vndique
796 379 851 407 eo
890 366 1157 418 frequenter
1198 364 1437 404 confluunt
1457 375 1464 403 :
1506 364 1669 403 volunt
1710 363 1814 414 ipsa

179 438 286 477 D.na
310 437 560 478 Comitissa
583 450 688 478 cum
709 439 811 478 aliis
833 438 1037 478 scribere
1060 436 1119 476 ad
1139 436 1187 476 P.
1214 435 1271 476 V.
1305 442 1352 474 vt
1380 446 1486 475 eum
1510 435 1689 485 possint
1719 446 1814 474 ser-

177 520 306 548 uare.
332 507 506 549 Omnes
534 508 813 549 confitentur
847 508 989 553 Patri;
1028 515 1071 547 et
1094 508 1194 558 ipsa
1226 506 1492 554 Comitissa,
1530 506 1623 545 iam
1652 505 1812 554 vidua,

178 579 519 630 pretiosissima
553 591 763 631 quaeque
794 591 893 627 sua,
931 579 1098 630 quibus
1133 577 1305 617 mundo
1337 577 1565 616 hactenus
1602 576 1820 624 seruiuit,

179 650 257 691 dat
279 651 447 691 diuinis
469 651 642 697 usibus,
667 658 711 690 et
734 652 831 690 vult
854 661 958 689 cum
981 649 1067 689 Dei
1096 649 1252 699 gratia
1281 659 1443 688 omnes
1481 659 1565 687 suo
1601 648 1816 697 exemplo

179 721 477 773 praecedere,
502 728 545 761 et
568 722 763 772 singulis
784 720 1030 760 dominicis
1053 719 1215 759 diebus
1244 718 1454 759 confiteri
1486 726 1528 758 et
1565 718 1822 758 communi-

181 803 303 843 care;
329 793 542 832 similiter
564 793 750 843 plurimi
772 792 864 831 alii.
889 792 990 842 Ego
1019 802 1131 830 Vero
1161 790 1220 830 ad
1242 791 1358 830 haec
1390 789 1610 841 respondi
1636 790 1821 829 consul-

180 863 273 903 tius
294 863 444 903 videri
466 869 515 903 vt
537 863 760 915 paulatim
784 869 1058 902 assuescant
1080 861 1385 913 frequentiori
1413 860 1746 910 communioni,
1772 866 1816 900 et

185 934 321 974 simul
342 935 641 989 habituentur
676 935 723 973 in
754 934 879 974 omni
910 934 1097 979 virtute,
1134 933 1241 984 quia
1278 932 1471 972 dubium
1504 943 1597 971 non
1618 938 1687 971 est
1708 932 1821 983 quin

184 1006 384 1057 plurima
402 1005 527 1045 omni
549 1017 606 1045 ex
628 1011 759 1056 parte
781 1005 1031 1054 patientur.
1056 1004 1206 1054 Erigit
1228 1004 1329 1055 ipsa
1351 1003 1553 1043 Domina
1584 1009 1628 1042 et
1657 1003 1734 1042 alii
1756 1003 1819 1043 al-

183 1084 283 1116 tare
306 1088 411 1116 curn
433 1076 720 1116 ornamentis
742 1076 861 1115 sicut
896 1075 970 1115 hic
1002 1074 1214 1123 Louanii‚
1254 1081 1303 1114 vt
1340 1074 1537 1125 singulis
1572 1074 1822 1114 dominicis

184 1146 344 1187 diebus
366 1146 619 1186 honorifice
637 1153 900 1197 exponatur
913 1146 1195 1186 Venerabile
1217 1144 1575 1186 Sacramentum
1589 1157 1674 1196 pro
1698 1156 1819 1185 com-

183 1218 405 1257 moditate
428 1217 887 1257 communicantium.
913 1217 1074 1268 Itaque
1097 1228 1204 1256 cum
1230 1216 1476 1256 videamus
1502 1216 1706 1256 fructum
1727 1227 1824 1255 non

182 1300 363 1340 parum,
389 1289 636 1329 statuimus
657 1289 833 1328 dictum
856 1287 1040 1328 Patrem
1063 1288 1123 1327 ibi
1160 1288 1219 1328 ad
1249 1288 1436 1339 aliquod
1473 1299 1656 1327 menses
1686 1287 1821 1327 relin-

185 1371 341 1411 quere,
366 1360 454 1399 nisi
476 1360 599 1399 aliud
622 1359 958 1410 significauerit
980 1359 1028 1399 Ρ.
1059 1359 1116 1399 V.

264 1430 511 1471 Confrater
540 1438 698 1471 noster
728 1431 775 1471 Ρ.
802 1431 968 1471 Petrus
1004 1431 1243 1482 Hispanus
1278 1430 1284 1448 ¹
1327 1430 1476 1470 haesit
1514 1430 1603 1470 hac
1639 1436 1819 1471 aestate

195 1501 374 1541 duobus
403 1513 521 1553 pene
559 1502 795 1542 mensibus
835 1502 882 1542 in
921 1502 1124 1542 fontibus
1164 1513 1310 1553 prope
1345 1501 1591 1551 Leodium,
1634 1509 1827 1552 propter

187 1573 414 1624 quasdam
449 1573 660 1624 corporis
695 1573 1003 1613 infirmitates.
1043 1573 1349 1614 Contulerant
1378 1584 1490 1612 vero
1513 1584 1563 1612 se
1594 1584 1647 1612 eo
1685 1584 1825 1624 quae-

187 1643 295 1683 dam
325 1643 527 1683 Ducissa
558 1656 616 1684 ex
638 1646 744 1684 aula
768 1644 1033 1685 Caesareae
1057 1643 1315 1684 Maiestatis
1343 1650 1387 1683 et
1424 1654 1633 1683 summus
1668 1654 1819 1683 secre-

186 1715 335 1754 tarius
371 1714 634 1755 Caesareae
665 1715 927 1755 Maiestatis
945 1727 1050 1756 cum
1068 1715 1173 1755 D.n0
1198 1715 1367 1755 Alexio
1386 1714 1601 1754 Fontana
1625 1713 1638 1732 ²
1656 1721 1701 1754 et
1718 1715 1825 1754 aliis

186 1786 331 1825 uariis
348 1786 594 1826 nobilibus.
613 1786 783 1827 Noster
805 1793 961 1827 autem
995 1787 1146 1826 dictus
1167 1786 1307 1826 Pater
1340 1785 1435 1826 fere
1463 1785 1671 1837 quotidie
1705 1786 1821 1826 cele-

186 1858 339 1897 brauit
366 1858 425 1898 ad
454 1858 663 1909 ipsorum
690 1859 976 1904 instantiam;
1003 1870 1201 1910 cumque
1225 1858 1396 1897 vellent
1416 1856 1604 1897 diuersa
1627 1857 1670 1896 ei
1691 1857 1821 1905 dare,

188 1929 437 1969 recusauit.
461 1929 671 1970 Tandem
693 1930 833 1970 etiam
854 1930 955 1981 ipsa
978 1929 1180 1969 Ducissa
1198 1940 1304 1969 cum
1325 1928 1430 1968 aliis
1451 1927 1695 1968 confessae
1716 1935 1824 1968 sunt

191 2005 236 2039 et
276 2000 742 2041 communicauerunt
783 2001 869 2040 sub
891 2001 1133 2052 praedicto
1170 2000 1309 2040 Patre
1344 2005 1521 2049 nostro;
1552 2005 1595 2039 et
1631 2004 1683 2038 vt
1714 1999 1824 2038 mihi

189 2069 329 2110 etiam
363 2071 519 2111 retulit
553 2070 611 2111 D.
642 2071 854 2122 Alexius,
878 2072 1092 2112 omnibus
1113 2071 1197 2111 fuit
1216 2070 1548 2111 aedificationi.

270 2141 414 2192 Haec,
438 2142 578 2182 Pater
598 2142 700 2183 R.de
717 2175 724 2193 ,
744 2149 852 2183 sunt
869 2143 1139 2194 praecipua,
1159 2154 1280 2194 quae
1297 2142 1344 2181 in
1361 2141 1737 2193 praesentiarum
1756 2152 1832 2180 oc-

192 2220 385 2253 currunt
407 2214 668 2254 scribenda.
689 2213 1086 2255 Commendamus
1109 2225 1192 2254 nos
1214 2219 1467 2264 nostraque
1496 2212 1652 2252 omnia
1682 2212 1831 2263 preci·

192 2283 324 2324 cibus
344 2283 392 2324 P.
417 2283 475 2324 V.
501 2285 799 2336 omniumque
821 2284 1013 2325 Patrum
1029 2296 1084 2325 ac
1108 2285 1321 2334 fratrum,
1345 2294 1462 2334 quos
1485 2294 1649 2323 omnes
1666 2283 1713 2323 in
1737 2282 1832 2323 Do·

194 2354 319 2394 mino
331 2354 440 2407 Jcsu
454 2356 705 2406 plurimum
720 2357 994 2396 salutamus.
1014 2355 1100 2395 His
1117 2356 1273 2395 valeat
1285 2354 1332 2394 in
1350 2353 1556 2394 Domino
1571 2354 1683 2407 Jesu
1699 2352 1748 2394 Ρ.
1767 2353 1828 2394 V.

274 2425 477 2477 Raptim.
501 2427 717 2477 Louanii,
754 2426 802 2467 10
823 2426 1111 2477 Septembris
1133 2437 1256 2466 anno
1283 2425 1401 2465 1555.

489 2497 613 2537 Rsslae
640 2497 689 2538 Ρ.
714 2498 773 2539 V.
797 2509 961 2538 seruus
982 2498 1030 2538 in
1052 2496 1273 2546 Domino,

718 2605 966 2646 ADRIANUS
995 2604 1204 2644 ADRIANI
1235 2616 1295 2644 AB
1325 2603 1616 2644 ANTUERPIA.

282 2780 636 2833 Superscrz'ptio
676 2783 725 2822 in
765 2785 939 2833 quarta
972 2781 1181 2832 pagina:
1219 2745 1332 2821 IITJS.
1358 2780 1459 2821 R.d0
1496 2780 1543 2820 in
1581 2779 1672 2820 X.⁰⁴
1705 2778 1835 2819 Patri

257 2915 268 2935 ¹
307 2915 344 2943 P.
359 2915 482 2944 Petrus
499 2916 614 2952 Spiga.
630 2917 718 2945 Vide
733 2924 850 2951 supra,
866 2921 890 2944 t.
907 2923 942 2950 11,
957 2923 1035 2951 pag.
1051 2916 1115 2950 594,
1131 2920 1249 2943 annot.
1268 2916 1295 2943 2.

256 2963 270 2982 2
308 2962 360 2991 Cf.
377 2963 569 2999 DELPLACE,
583 2964 894 2991 L'etablz'ssement
914 2963 957 2990 de
975 2963 1009 2990 la
1034 2962 1248 2997 Compagnie
1262 2963 1305 2990 de
1324 2963 1433 2998 Je'sus
1454 2962 1546 2989 dans
1565 2962 1618 2989 les
1637 2960 1836 2996 Pays-Bas,

203 3017 283 3045 pag.
297 3010 342 3045 20,
358 3016 477 3038 annot.
494 3013 518 3039 1.
