2028 3328
888 101 971 138 ΑΝ.
1004 101 1094 138 1555
1734 102 1800 139 391

168 199 385 249 pretiosis
407 200 695 239 ornamentis
723 199 901 248 vestiri,
926 199 1020 238 tres
1041 204 1287 249 practerea
1316 199 1590 249 magnificas
1619 199 1799 238 donans

168 270 368 320 casulas,
406 277 505 311 tum
540 270 699 311 varios
733 281 916 321 pannos
944 270 990 309 in
1020 269 1290 309 eorumdem
1319 270 1537 309 altarium
1571 281 1722 309 Vsum:
1757 277 1800 309 et

166 341 304 391 longe
321 342 454 393 plura
473 342 738 392 largiretur,
755 341 794 380 si
806 352 952 392 aeque
965 347 1208 392 promptos
1225 340 1284 380 ad
1301 340 1637 391 recipiendum,
1658 352 1797 391 quam

166 412 264 463 ipsa
288 419 356 452 est
379 412 436 452 ad
459 412 767 463 largiendum,
791 412 1035 452 inueniret.
1061 411 1195 451 Alius
1216 411 1405 462 quidam
1426 422 1695 462 germanus,
1721 423 1795 450 no-

164 483 284 533 bilis,
307 495 480 535 aeques
501 483 660 524 Sancti
683 482 942 535 Sepulchri,
962 483 1039 533 qui
1061 483 1245 522 sincero
1268 494 1354 521 nos
1373 482 1543 522 affectu
1560 483 1796 533 prosequi—

164 561 252 603 tur,
291 566 348 594 ex
384 554 723 606 Hyerosolimis
759 554 987 606 quasdam
1023 565 1183 593 secum
1208 553 1469 604 reportauit
1498 553 1735 604 reliquias,
1775 565 1797 592 e

163 625 328 676 quibus
351 637 516 665 sacrae
538 625 710 666 Christi
732 636 937 665 coronae
964 625 1161 675 spinam,
1186 624 1324 664 theca
1352 624 1557 676 quadam
1578 624 1796 675 preciosa

162 695 353 746 pulchre
381 696 607 737 deaurata
636 696 904 748 repositam,
938 695 1168 746 singulari
1196 695 1444 735 deuotione
1473 695 1690 735 Patribus
1720 706 1792 734 no-

161 767 271 806 stris
292 766 432 815 dedit,
463 779 658 808 aureum
685 768 875 819 insuper
902 778 1110 818 pannum
1136 766 1268 806 varie
1296 772 1590 816 exornatum,
1621 765 1793 806 vexilla

161 838 351 881 bissina.
376 845 419 878 et
454 839 718 879 huiusmodi
752 844 1027 879 ornamenta
1056 838 1178 878 dono
1207 837 1346 878 dedit.
1379 836 1557 888 Quibus
1579 837 1794 877 omnibus

156 908 329 948 chorus
352 910 579 950 ecclesiae
600 916 804 960 nostrae,
829 915 874 949 et
895 909 1174 960 praesertim
1194 909 1525 960 repositorium
1546 908 1604 949 V.
1629 907 1792 948 Sacra-

158 980 316 1030 menti,
340 986 612 1021 nostrorum
633 992 746 1021 cura
769 980 1043 1020 illustratur.
1068 979 1161 1020 Alii
1184 980 1275 1020 alia
1297 979 1499 1019 offerunt
1520 980 1693 1031 templo
1716 978 1793 1018 do-

157 1051 305 1101 naria,
331 1051 411 1091 sed
431 1063 524 1091 non
546 1052 722 1103 passim
743 1051 1047 1103 recipiuntur,
1071 1051 1177 1103 quia
1201 1051 1402 1091 fortasse
1422 1063 1509 1091 nec
1531 1051 1734 1101 expedit.

236 1121 370 1162 Nunc
399 1128 613 1173 superest
639 1130 690 1163 vt
724 1123 924 1174 paucula
961 1123 1017 1163 de
1044 1122 1232 1174 pietatis
1268 1121 1446 1172 officiis,
1477 1127 1573 1162 tam
1595 1121 1790 1161 infirmis

157 1203 297 1243 quam
312 1194 597 1244 pauperibus
615 1193 849 1242 exhibitis,
870 1194 1114 1245 attingam.
1135 1193 1232 1234 Nec
1249 1193 1373 1233 enim
1389 1193 1478 1233 hac
1496 1193 1542 1233 in
1560 1200 1692 1244 parte
1709 1204 1788 1232 no-

155 1269 360 1304 strorum
381 1264 527 1305 defuit
548 1277 691 1316 opera
722 1276 776 1305 ac
805 1263 1064 1316 diligentia;
1093 1265 1364 1317 frequenter
1385 1265 1508 1306 enim
1535 1265 1788 1305 visitarunt

152 1334 376 1385 infirmos,
401 1342 497 1375 tarn
519 1336 566 1375 in
582 1335 801 1387 hospitali
823 1347 963 1387 quam
982 1336 1028 1376 in
1046 1337 1149 1376 aliis
1165 1337 1283 1377 locis
1301 1336 1649 1386 decumbentes,
1669 1347 1787 1387 quos

146 1417 245 1446 ‘non
266 1407 425 1447 verbis
447 1407 585 1446 modo
607 1413 650 1446 et
672 1407 994 1447 instruxerunt
1016 1414 1060 1447 et
1082 1407 1310 1448 consolati
1331 1413 1453 1458 sunt,
1478 1408 1560 1448 sed
1580 1408 1784 1447 maxime

152 1484 378 1518 curarunt
398 1485 464 1529 vt,
488 1480 761 1531 priusquam
791 1491 850 1520 ex
871 1480 959 1519 hac
990 1481 1089 1519 vita
1116 1480 1391 1530 migrarent,
1421 1479 1598 1519 salubri
1618 1478 1782 1519 Sacra-

142 1555 413 1589 *mentorum
448 1550 854 1591 administratione
889 1550 1206 1591 reficerentur.
1243 1551 1368 1591 Inter
1402 1562 1519 1602 quos
1552 1550 1779 1600 nonnulli,

146 1632 241 1660 non
262 1622 414 1661 solum
441 1622 541 1662 sine
569 1622 764 1662 salutari
790 1623 965 1662 viatico
997 1623 1210 1674 corporis
1238 1622 1412 1663 Christi
1433 1628 1513 1662 aut
1541 1628 1781 1662 extremae

146 1692 381 1732 Vnctionis
417 1693 722 1744 munimento,
750 1694 1018 1744 morientes,
1043 1694 1252 1734 destituti
1271 1693 1484 1743 fuissent,
1522 1694 1605 1734 sed
1639 1694 1781 1734 etiam

145 1763 243 1802 sine
265 1770 564 1804 sacramento
588 1765 894 1805 absolutionis
917 1767 1121 1815 omnino,
1146 1765 1266 1805 sicut
1288 1777 1433 1816 equus
1455 1771 1500 1805 et
1527 1766 1695 1815 mulus,
1721 1777 1779 1805 ex

140 1835 232 1874 hac
254 1835 352 1874 vita
384 1836 683 1887 migrassent,
707 1836 797 1876 nisi
817 1842 1086 1877 nostrorum
1108 1837 1349 1888 diligentia
1369 1837 1475 1877 huic
1498 1843 1629 1877 tanto
1655 1837 1777 1877 malo

142 1906 383 1946 obuiatum
405 1913 541 1947 esset.

220 1977 310 2018 Sed
338 1990 395 2018 ne
425 1978 651 2029 epistolae
678 1978 870 2019 modum
899 1979 1141 2030 excedam,
1174 1979 1249 2019 his
1283 1980 1447 2031 paucis
1467 1979 1606 2020 finem
1634 1980 1771 2032 facio,

140 2049 309 2089 obnixe
331 2048 380 2088 P.
412 2049 466 2089 T.
490 2049 761 2101 supplicans
783 2049 935 2090 Deum
961 2061 1046 2101 pro
1076 2050 1210 2090 nobis
1239 2062 1376 2091 orare
1398 2051 1631 2102 dignetur,
1664 2063 1773 2103 qua-

138 2126 272 2160 tenus
294 2126 338 2160 et
366 2120 561 2160 istorum
590 2120 734 2160 corda
761 2121 981 2169 emolliat,
998 2127 1058 2161 ‘et
1085 2121 1219 2161 nobis
1243 2122 1449 2173 gratiam
1480 2133 1536 2162 ac
1556 2123 1772 2174 spiritum

137 2192 394 2242 elargiatur
427 2191 485 2231 ad
518 2197 707 2242 gentem
733 2191 855 2232 hanc
884 2192 1049 2232 melius
1075 2191 1333 2243 juuandam
1363 2201 1408 2233 et
1435 2193 1636 2244 gloriam
1671 2194 1771 2235 eius

132 2263 314 2314 pariter
335 2262 680 2314 possidendam.
700 2262 868 2303 Amen.

215 2333 429 2374 Viennae
452 2333 498 2373 in
519 2333 729 2384 Austria,
753 2335 778 2374 5
799 2334 1031 2376 Calendas
1052 2336 1164 2376 Maii
1195 2336 1310 2376 1555.

378 2404 737 2455 Indignissimus
758 2405 860 2446 Ρ.1ἱὲ
887 2406 1014 2447 Tuae
1037 2418 1215 2457 seruus,

744 2512 968 2553 ERARDUS
991 2513 1314 2564 AUANTIANUS,
1343 2514 1635 2555 LEODIENSIS.

211 2618 334 2658 Loco
362 2617 789 2669 superscriptionis
817 2618 866 2658 in
895 2623 1069 2670 quarta
1094 2620 1303 2671 pagina,
1328 2621 1412 2661 sed
1431 2621 1586 2673 ipsius
1612 2623 1759 2663 Erar-

126 2690 182 2729 αι’
215 2701 378 2729 malm:
412 2689 618 2729 Litterae
656 2696 855 2740 quatuor
892 2692 1123 2731 mensium
1165 2691 1362 2744 Collegii
1398 2693 1680 2735 Viennensis
1714 2695 1761 2735 in

123 2760 334 2800 Austria.

205 2831 317 2871 Alia
339 2843 501 2872 manu:
522 2831 697 2872 Mensis
717 2831 844 2872 Maii.
867 2833 893 2872 5
914 2832 1010 2874 Cal.
1037 2833 1185 2885 Quad.
1210 2835 1439 2877 Viennae.

204 2904 367 2943 Manet
388 2915 494 2944 cera
519 2904 666 2943 rubra
687 2903 858 2954 sigilli.
