2028 3328
836 151 920 187 ΑΝ.
952 151 1043 201 1555
1245 128 1253 133 ’
1698 152 1769 190 585

137 247 243 287 dote
265 248 481 299 quodam,
507 261 564 288 ex
587 260 747 288 corum
767 259 977 298 numero,
1002 248 1079 299 qui
1101 248 1223 299 apud
1246 259 1330 287 nos
1353 249 1668 288 conscientiae
1693 261 1765 288 ca-

135 330 214 358 sus
248 318 457 367 audiunt,
495 319 595 359 uiro
631 319 775 371 probo
805 324 850 359 et
879 319 1076 359 honesto
1110 320 1392 370 loqueretur,
1425 319 1558 370 cique
1587 326 1767 359 certum

135 390 373 440 quoddam
408 391 647 441 negotium
683 390 795 430 dare
830 390 993 440 uellet,
1031 389 1155 441 quod
1190 390 1249 429 ad
1290 390 1499 430 diuinum
1540 391 1767 430 honorem

134 461 395 513 spectabat,
422 473 593 512 magno
614 461 788 513 gaudio
823 462 1097 512 completus,
1130 461 1312 511 gratias
1343 461 1440 512 agit
1472 462 1768 512 praepotenti

136 531 253 582 Deo,
279 532 399 583 quod
421 532 515 572 iam
536 533 714 584 (inquit)
737 545 795 572 ex
815 539 975 572 nostro
998 542 1114 582 agro
1137 544 1242 572 eum
1263 531 1467 572 fructum
1488 533 1705 572 metimus
1722 540 1767 573 et

134 603 435 654 percipimus,
468 604 653 655 iamque
688 615 768 643 eos
803 616 860 644 ex
895 610 1054 643 nostro
1085 604 1245 643 labore
1276 603 1489 643 homines
1525 604 1765 653 habemus,

136 674 302 725 quibus
337 676 586 725 negocium
613 683 708 716 tam
737 675 863 727 pium
897 675 1122 715 mandare
1160 682 1203 714 et
1242 675 1482 726 imponere
1518 675 1767 726 possimus,

135 745 295 797 Itaque
317 757 478 785 eorum
500 747 799 787 sacerdotum
820 747 1072 797 nonnullis,
1096 758 1214 797 quos
1235 746 1524 798 aliquantulo
1546 748 1650 797 plus
1668 757 1768 797 pro·

134 816 303 856 fecisse
326 817 628 868 intelligebat,
654 817 894 867 beneficia,
918 829 1037 869 quae
1059 819 1364 869 appellamus,
1388 817 1565 868 tribuit;
1595 829 1768 869 eosque

133 898 216 937 per
239 900 294 927 ea
316 889 486 939 oppida
508 889 680 939 diuisit,
705 900 823 940 quae
846 889 905 929 ad
926 901 1059 929 suam
1081 888 1331 929 dioecesim
1354 889 1603 939 pertinent,
1623 894 1672 928 ut
1689 900 1768 929 eos

136 958 182 997 in
214 958 586 999 confessionibus
616 960 860 1000 audiendis
889 961 1181 1011 adiuuarent,
1215 961 1293 1012 qui
1324 960 1643 1000 curandorum
1674 960 1767 1000 ani-

134 1041 318 1070 morum
340 1031 569 1071 sustinent
589 1043 772 1072 munus.
796 1031 1112 1083 Quamobrem
1133 1044 1159 1071 a
1189 1031 1291 1072 Deo
1320 1031 1425 1083 Opt.
1458 1032 1584 1072 Max.
1608 1043 1769 1083 preca-

136 1112 254 1151 mur,
287 1113 371 1152 pro
400 1103 531 1142 cuius
565 1114 726 1143 amore
761 1103 878 1143 haec
913 1103 1069 1143 omnia
1101 1103 1368 1144 Cardinalis
1394 1103 1690 1155 perstudiose
1725 1110 1770 1144 et

136 1172 389 1213 liberaliter
410 1174 531 1224 gerit
554 1181 692 1226 atque
714 1175 1025 1223 administrat,
1050 1181 1098 1215 ut
1119 1187 1223 1215 eam
1246 1176 1287 1215 ei
1308 1175 1456 1215 uitam
1477 1181 1521 1215 et
1548 1174 1769 1215 uirtutem

136 1244 381 1295 largiatur,
405 1256 497 1295 qua
519 1245 727 1296 cogitata
748 1245 987 1297 perficere,
1011 1252 1055 1286 et
1076 1246 1288 1286 instituta
1312 1246 1370 1286 ad
1397 1246 1575 1286 exitum
1603 1245 1767 1297 perdu-

136 1326 243 1354 cere
265 1316 435 1366 ualeat,
459 1316 689 1367 siquidem
711 1317 868 1356 omnia
889 1317 948 1357 ad
970 1317 1234 1357 animorum
1262 1319 1461 1357 salutem
1490 1317 1563 1369 pie
1594 1323 1638 1357 et
1665 1329 1769 1357 san-

135 1392 207 1425 cte
228 1385 405 1437 dirigit.

213 1456 338 1497 Nihil
358 1462 604 1509 praeterea
624 1458 759 1498 nobis
780 1458 870 1499 hoc
890 1465 1100 1511 tempore
1117 1459 1176 1499 ad
1193 1467 1253 1510 te,
1272 1459 1411 1500 Pater
1429 1460 1637 1511 colende,
1657 1461 1768 1501 scri-

136 1527 337 1567 bendum
360 1529 580 1580 occurrit,
605 1529 696 1570 nisi
716 1536 766 1570 ut
788 1536 832 1570 te
849 1531 1006 1571 multis
1023 1536 1067 1571 et
1083 1531 1373 1582 supplicibus
1389 1532 1545 1572 uerbis
1562 1543 1766 1583 oremus,

135 1610 209 1650 nc,
233 1610 340 1639 cum
360 1611 525 1651 preces
547 1599 833 1650 adhibueris,
857 1612 963 1641 cum
983 1602 1267 1643 sacrificium
1287 1603 1472 1653 feceris,
1492 1604 1641 1643 nostri
1658 1604 1769 1644 obli-

134 1670 348 1721 uiscaris;
373 1670 454 1711 sed
478 1671 782 1712 obsecramus
804 1680 848 1712 te
871 1680 919 1712 ut
946 1673 1106 1713 ueniat
1131 1673 1216 1713 tibi
1245 1674 1293 1714 in
1320 1681 1522 1715 mentem
1550 1686 1636 1715 nos
1663 1681 1770 1716 tuos

131 1740 252 1781 filios
275 1753 392 1781 esse.

212 1811 367 1852 Pridie
389 1812 547 1853 Galen„
569 1812 869 1865 Septembris.
893 1814 1061 1866 Ebora,
1088 1815 1204 1866 1555.

558 1883 699 1936 Jussu
719 1884 873 1925 Patris
894 1885 1042 1926 Marci
1063 1886 1273 1939 Georgii,

991 2029 1279 2070 FRANCISCUS
1309 2029 1552 2071 MORALEs.

214 2239 568 2291 Superscrz'ptio
589 2240 639 2280 in
660 2245 836 2292 quarta
850 2242 1059 2293 pagina:
1079 2242 1108 2287 †
1128 2242 1188 2283 Al
1218 2255 1330 2295 muy
1359 2243 1460 2283 R.d0
1490 2256 1548 2284 en
1579 2243 1769 2285 Christo

133 2310 285 2351 Padre
306 2312 347 2351 el
368 2310 418 2351 P.
440 2311 648 2352 Maestro
666 2312 872 2364 Ignacio,
891 2312 1135 2365 Preposito
1153 2313 1356 2354 General
1374 2315 1430 2355 de
1448 2315 1492 2355 la
1509 2315 1769 2367 Compaffia

134 2382 190 2422 de
209 2381 347 2435 jesus
369 2394 427 2423 en
446 2381 611 2424 Roma.

213 2453 325 2494 Alia
345 2465 509 2494 manu:
533 2454 648 2495 1555.
673 2455 842 2496 Ebora.
869 2455 1247 2507 Quadrimestres
1268 2457 1316 2497 31
1346 2457 1564 2510 Augusti.
1596 2458 1693 2499 R.ta
1718 2459 1771 2500 20

131 2525 368 2566 Octobris.
