2028 3328
816 155 899 191 AN.
932 154 1021 206 lobs)
1670 154 1740 191 459

104 260 149 293 et
170 254 400 293 rationem
423 260 466 293 et
488 253 687 293 formam
710 257 836 292 recte
858 251 1048 291 uiuendi
1070 251 1220 301 docet,
1245 257 1288 290 et
1309 251 1437 299 leges
1459 258 1502 290 et
1524 251 1737 290 instituta

109 325 297 375 stabilit,
333 325 440 364 dum
464 325 709 364 Vniuersos
737 335 763 362 a
788 322 911 362 vitiis
933 328 977 362 et
999 322 1238 361 erroribus
1261 321 1583 362 concinnando
1606 333 1738 361 reuo-

106 404 197 445 cat,
222 402 265 435 et
286 395 345 434 ad
366 396 492 435 vitae
514 394 799 435 christianae
821 392 964 433 decus
996 392 1284 441 cohortatur,
1315 398 1623 431 sacrosancta
1652 392 1737 431 Eu-

108 467 359 506 charistiae
381 466 606 515 sacraria,
633 466 807 505 cultum
830 471 873 504 et
896 475 1032 504 usum
1054 470 1186 503 curat
1219 469 1263 503 et
1295 464 1508 514 imperat3
1533 462 1642 502 dum
1665 462 1736 501 de-

106 538 244 589 nique
273 538 443 588 templa
474 537 642 586 diruta,
674 535 844 576 vitiosa
875 541 919 575 et
946 534 1186 574 immunda
1223 534 1547 583 instauranda,
1586 533 1738 573 aedifi-

106 608 256 648 canda
278 614 323 647 et
344 607 619 648 illustranda
642 613 775 647 curat
792 614 836 646 et
856 606 995 646 iubet.

185 679 275 719 Vbi
306 679 440 718 rediit
476 691 499 718 e
540 678 767 718 dioecesis
808 677 1105 725 lustratione,
1146 676 1397 716 comitatus
1446 682 1516 716 est
1552 683 1595 715 et
1635 675 1740 726 Epi-

104 761 312 801 scopum,
347 750 424 801 qui
452 757 495 789 et
524 750 622 800 ipse
649 760 798 800 pagos
826 755 869 788 et
897 748 1106 797 castella,
1142 747 1244 787 vrbi
1272 747 1485 797 proxima
1508 754 1552 786 et
1576 747 1622 786 in
1644 747 1739 798 pla-

102 820 215 860 nitie
251 821 524 867 constituta,
559 821 806 860 circumire
837 826 881 859 et
911 820 1160 870 explorare
1194 819 1355 858 uoluit:
1391 819 1437 858 in
1473 818 1561 858 hac
1597 818 1740 857 etiam

103 892 264 942 gregis
285 891 473 931 Domini
495 903 695 931 censura
716 902 817 931 sese
838 890 902 930 illi
924 890 1143 930 comitem
1165 889 1289 929 haud
1322 889 1561 940 ingratum
1590 895 1634 929 et
1664 888 1742 928 ad-

104 962 303 1003 iutorem
336 975 429 1003 non
458 964 676 1014 ignarum
705 962 952 1014 praestitit,
986 963 1033 1002 in
1063 961 1203 1001 rebus
1234 961 1405 1001 diuinis
1438 961 1658 1011 agendis,
1698 965 1742 1000 et

104 1033 258 1084 rebuS,
284 1045 402 1085 quae
424 1040 691 1085 spectarent
714 1040 757 1074 et
779 1034 990 1074 valerent
1014 1033 1073 1073 ad
1097 1033 1363 1073 animarum
1385 1038 1646 1084 quaestum,
1666 1043 1743 1082 ge-

105 1104 276 1145 rendis.
302 1105 499 1155 Etenim,
524 1105 643 1145 inter
665 1105 755 1145 alia
777 1104 943 1154 officia,
967 1104 1170 1144 habebat
1192 1103 1444 1144 conciones
1461 1104 1507 1143 in
1530 1102 1741 1143 Pastoris

103 1183 359 1228 conspectu
380 1177 439 1216 ad
460 1178 704 1228 populum,
728 1176 923 1216 hortans
944 1176 1193 1216 Vniuersos
1218 1175 1276 1215 ad
1298 1176 1616 1226 poenitentiae
1637 1186 1740 1225 por-

103 1254 216 1297 tum,
242 1247 285 1287 id
309 1254 392 1297 est,
426 1248 481 1287 ad
516 1254 920 1288 sacramentorum
953 1247 1245 1298 frequentem
1272 1247 1638 1298 perceptionem,
1662 1245 1740 1285 ad-

110 1330 306 1358 monens
336 1319 438 1359 illos
467 1318 523 1359 de
553 1318 762 1359 Pastoris
792 1318 1070 1368 obedientia,
1100 1317 1156 1357 de
1183 1317 1287 1367 fide,
1323 1317 1378 1357 de
1411 1329 1492 1368 spe
1523 1323 1567 1357 et
1588 1328 1736 1368 regno

108 1390 210 1430 Dei.
235 1390 336 1429 Hae
368 1391 619 1430 conciones
650 1396 746 1430 tam
777 1390 943 1430 doctae
965 1395 1009 1429 et
1029 1395 1195 1440 gratae
1216 1389 1404 1429 fuerunt
1427 1388 1733 1438 auditoribus,

104 1467 154 1501 ut
176 1473 269 1501 non
291 1461 427 1501 modo
445 1461 730 1509 sustinuerit,
755 1461 836 1501 sed
858 1467 902 1501 et
924 1461 1218 1512 superauerit
1240 1472 1386 1512 spem,
1412 1471 1553 1511 quam
1575 1460 1630 1499 de
1662 1459 1739 1498 illo

106 1532 371 1583 Episcopus
391 1538 435 1572 et
458 1532 699 1572 domestici
730 1538 1059 1584 conceperant,
1085 1538 1129 1571 et
1150 1532 1436 1583 efflagitatus
1457 1531 1596 1571 fuerit
1619 1537 1666 1570 ut
1689 1531 1735 1570 in

104 1603 385 1654 quibusdam
407 1604 612 1643 castellis
632 1604 854 1655 populum
871 1603 1077 1643 erudiret
1099 1603 1145 1643 in
1165 1603 1268 1654 lege
1291 1602 1495 1643 Domini.

185 1674 447 1726 Episcopus
468 1686 609 1726 porro
632 1685 805 1725 magna
827 1674 1014 1714 Patrem
1038 1680 1249 1714 nostrum
1270 1673 1598 1714 benevolentia
1621 1684 1743 1713 com-

108 1746 327 1798 plectitur
358 1752 402 1786 et
431 1746 569 1786 Valde
600 1746 745 1786 utitur
783 1745 1096 1796 familiariter,
1129 1752 1228 1785 tum
1257 1752 1450 1797 propter
1485 1745 1740 1795 ingenium,

106 1816 259 1857 studia
282 1828 528 1868 moresque
551 1817 686 1866 illius,
711 1822 810 1857 tum
832 1817 889 1856 ob
913 1816 1175 1856 doctrinam
1203 1824 1247 1856 et
1277 1815 1580 1856 foelicitatem
1601 1815 1645 1855 in
1670 1827 1738 1855 re-

106 1887 193 1928 bus
214 1888 448 1939 gerendis.
474 1888 658 1927 Etenim
685 1887 750 1927 illi
777 1888 1006 1939 imprimis
1031 1899 1189 1927 rerum
1212 1887 1466 1927 arduarum
1488 1894 1531 1927 et
1562 1886 1740 1926 diuina-

107 1970 212 1999 rum
245 1959 565 2010 gubernacula
597 1958 745 1999 credit
772 1959 1073 2010 mandatque,
1097 1958 1318 2009 illumque
1348 1958 1395 1998 in
1417 1957 1664 1998 consilium
1686 1957 1741 1997 de

107 2030 246 2070 rebus
268 2030 462 2070 secretis
489 2029 692 2070 adhibet.

187 2101 315 2141 idern
348 2100 488 2141 Pater
519 2101 828 2141 concionatus
862 2108 932 2141 est
964 2101 1090 2141 feriis
1125 2100 1484 2141 solemnioribus
1516 2100 1563 2140 in
1597 2099 1747 2140 Diuae

107 2172 280 2212 Luciae
316 2172 452 2220 aede,
490 2183 609 2223 quas
640 2172 891 2212 conciones
925 2183 1125 2224 magnus
1148 2183 1333 2224 quoque
1364 2177 1644 2212 consecutus
1679 2177 1748 2211 est

107 2243 302 2283 fructus.
322 2243 373 2283 In
394 2242 759 2294 quadragesima
780 2243 980 2284 instituit
1003 2243 1279 2283 concionem
1309 2243 1356 2282 in
1378 2248 1746 2282 commemorato

105 2315 295 2364 templo,
319 2320 364 2354 et
386 2313 590 2365 quotidie
612 2314 851 2365 virginum
875 2314 1051 2355 Christi
1072 2315 1162 2354 tria
1184 2320 1264 2354 aut
1296 2320 1497 2365 quatuor
1519 2313 1746 2353 coenobia

108 2385 253 2436 adire,
270 2386 465 2437 illasque
483 2385 695 2437 <imperio
711 2385 947 2437 Episcopi)
968 2385 1212 2435 instruere,
1236 2385 1294 2425 ad
1313 2385 1618 2435 obedientiae,
1636 2396 1743 2435 pau-

109 2455 303 2507 pertatis
326 2461 370 2496 et
390 2455 666 2496 humilitatis
693 2456 894 2506 gloriam
916 2457 1115 2505 erudire,
1148 2456 1276 2495 viam
1313 2455 1511 2507 denique
1542 2467 1681 2496 uerae
1703 2463 1747 2495 et

109 2528 321 2577 integrae
354 2527 609 2578 religionis,
645 2538 672 2566 a
706 2538 796 2578 qua
818 2527 1072 2579 plurimum
1093 2527 1328 2578 aberrant,
1353 2527 1537 2568 docere.
1562 2526 1743 2567 Verum

110 2598 352 2637 enimvero
375 2597 422 2637 in
439 2597 541 2649 ipso
565 2603 737 2638 conatu
758 2597 1007 2649 frangitur,
1032 2598 1243 2638 incidens
1266 2599 1313 2638 in
1342 2598 1660 2638 valetudinem
1681 2597 1746 2637 in-

109 2669 307 2719 fi1·mam;
330 2674 374 2709 et
404 2669 494 2709 hac
524 2669 707 2709 ratione
736 2680 763 2708 a
796 2669 1076 2709 concionum
1106 2681 1313 2720 munere,
1337 2675 1746 2710 sacramentorum

110 2739 365 2791 functione,
381 2745 425 2780 et
446 2740 646 2780 caeteris
666 2740 756 2792 piis
777 2746 821 2780 et
843 2740 1081 2792 frugiferis
1103 2740 1265 2781 officiis
1286 2741 1505 2791 cessauit,
1525 2752 1608 2792 per
1631 2739 1748 2780 duos

111 2811 209 2851 fere
244 2822 429 2851 menses
458 2811 669 2862 grauiter
698 2811 934 2852 laborans.
975 2810 1160 2862 Quanta
1192 2812 1240 2852 in
1266 2812 1504 2852 coenobiis
1524 2812 1740 2863 gesserit,

113 2881 393 2923 concionum
413 2887 458 2922 et
479 2882 859 2923 exhortationum
882 2883 1070 2934 auxilio,
1095 2883 1363 2924 testimonio
1380 2888 1489 2924 sunt
1509 2883 1749 2934 virginum

111 2953 287 2994 Christi
308 2959 520 3005 pastores
550 2966 605 2994 ac
633 2954 971 3005 moderatores,
1001 2955 1095 3005 qui,
1128 2953 1257 2995 Patri
1283 2955 1579 3006 gratulantes
1600 2955 1656 2995 de
1686 2956 1750 2994 la-
