2028 3328
216 123 286 160 390
412 114 416 118 ”
724 122 950 160 LnrmzAE
978 133 1337 167 QUADRIMESTRES

213 219 350 259 rauit.
384 218 585 269 Magnus
621 218 706 259 fuit
735 225 845 259 tunc
873 219 1192 258 confitentium
1222 225 1266 258 et
1296 218 1740 259 communicantium
1770 231 1847 259 nu-

215 301 383 339 merus,
408 290 486 341 qui
505 301 668 329 rursus
691 289 748 329 ad
770 289 938 330 festum
960 289 1200 340 paschatis
1221 288 1480 328 confessuri
1509 289 1567 328 ad
1596 301 1680 328 nos
1702 290 1848 329 redie-

214 368 336 411 runt,
362 372 559 412 quorum
580 360 702 400 votis
723 360 860 400 facile
884 360 1176 400 satisfactum
1206 366 1344 409 esset,
1369 359 1457 398 nisi
1476 360 1691 409 paucitas
1711 360 1849 399 obsti-

216 432 347 472 tisset
370 431 682 482 sacerdotum3
707 431 784 471 vbi
807 443 929 471 nunc
951 431 1004 470 R,
1030 430 1127 469 Tua
1151 430 1311 469 videre
1332 435 1484 480 potest
1509 442 1564 469 an
1584 430 1753 470 fratres
1771 442 1848 470 no-

217 503 315 550 stri,
340 503 418 554 qui
438 502 773 542 nudiustertius
795 502 995 552 insignia
1019 500 1279 550 Magisterii
1296 500 1467 539 artium
1489 512 1737 552 suscepere
1756 501 1849 552 (qui

217 573 403 625 quidem
425 579 531 613 sunt
553 572 739 612 diaconi
760 579 803 612 et
821 570 1126 620 subdiaconi),
1153 570 1351 610 debeant
1380 582 1527 622 ocyus
1555 570 1612 610 ad
1634 571 1847 612 sacerdo-

217 645 334 684 tales
361 655 544 695 quoque
576 643 761 683 ordines
793 642 1057 694 promoueri
1093 648 1158 691 vt,
1190 641 1580 692 quemadmodum
1602 654 1726 682 nunc
1747 653 1847 693 ger—

217 715 413 755 manicis
442 714 743 754 concionibus
771 714 994 765 populum
1022 713 1274 759 instruunt,
1304 712 1369 751 ita
1397 719 1441 752 et
1472 713 1518 752 in
1548 712 1849 753 confessioni-

217 787 303 826 bus
324 786 390 826 eis
410 786 639 825 inseruire
660 785 718 825 sit
740 784 899 836 pietati
922 789 1308 833 consentaneum
1333 782 1414 823 sed
1439 783 1484 823 id
1505 783 1563 824 V.
1584 783 1632 823 Ρ.
1653 784 1848 825 arbitrio

218 857 535 908 relinquimus.

298 928 499 979 Magnus
520 927 604 967 fuit
626 927 765 967 etiam
793 932 991 977 Vtroque
1013 932 1223 976 tempore
1246 926 1506 966 alienarum
1526 927 1768 967 nationum
1788 928 1848 967 ad

218 1011 306 1039 nos
328 1010 599 1048 concursus,
618 998 869 1049 praecipue
886 1003 1042 1036 tamen
1058 997 1396 1048 hyspanorum,
1416 1004 1459 1037 et
1478 997 1663 1049 quidem
1679 999 1847 1049 prima-

219 1070 394 1110 riorum
415 1069 623 1109 virorum
651 1081 709 1109 ex
739 1070 845 1108 aula
875 1067 1149 1108 Sereniss.ae
1180 1067 1389 1118 Reginae
1410 1068 1664 1108 Bohemiae
1695 1068 1720 1119 ¹,
1751 1070 1846 1120 qui-

219 1142 304 1181 bus
326 1141 539 1180 omnibus
561 1151 733 1191 magna
756 1151 862 1179 cum
884 1151 1044 1179 eorum
1066 1145 1110 1178 et
1133 1138 1459 1179 aedificatione
1479 1147 1522 1179 et
1540 1139 1694 1179 fructu
1715 1140 1848 1179 satis-

218 1212 391 1252 factum
415 1211 662 1261 credimus,
687 1217 737 1250 vt
760 1211 815 1250 de
837 1210 962 1250 italis
984 1216 1027 1249 et
1049 1210 1187 1260 gallis
1209 1216 1406 1261 taceam,
1433 1211 1597 1261 quibus
1627 1222 1716 1261 ego
1739 1222 1846 1262 quo-

220 1294 307 1333 que
338 1294 422 1334 pro
450 1294 553 1322 mea
581 1282 806 1321 tenuitate
835 1281 877 1320 in
909 1280 998 1320 hac
1027 1287 1161 1332 parte
1191 1280 1303 1320 dare
1335 1293 1526 1332 operam
1549 1281 1707 1332 jussus
1727 1293 1845 1326 sum.

219 1365 327 1393 nam
351 1353 596 1393 audiendis
616 1352 855 1403 germanis
877 1352 990 1391 satis
1019 1352 1371 1403 occupabantur
1401 1351 1454 1392 R.
1487 1352 1535 1392 P.
1566 1352 1782 1393 Canisius
1804 1359 1848 1392 et

221 1425 446 1465 Godanus
467 1424 495 1464 ².
520 1424 644 1464 Inter
662 1423 745 1463 hos
775 1434 936 1462 omnes
952 1422 1140 1462 fuerunt
1167 1434 1260 1462 non
1281 1424 1434 1474 pauci,
1464 1424 1542 1475 qui
1573 1424 1619 1463 in
1646 1424 1776 1473 locis,
1801 1424 1848 1463 in

216 1496 382 1547 quibus
403 1496 591 1546 linguae
613 1494 945 1535 commercium
966 1505 1059 1533 non
1082 1494 1318 1534 habebant
1340 1493 1367 1544 ⁵,
1392 1495 1481 1534 sibi
1502 1494 1717 1534 barbaris
1734 1493 1749 1513 ⁴
1771 1495 1848 1535 diu

216 1567 508 1615 commorati,
532 1578 614 1618 per
636 1567 805 1605 multos
837 1577 984 1605 annos
1015 1565 1323 1605 confessionis
1345 1565 1555 1606 antidoto
1579 1572 1846 1617 caruerant3

216 1638 311 1687 sed,
334 1643 583 1689 postquam
611 1647 805 1687 grauem
833 1637 960 1676 illam
989 1637 1305 1676 conscientiae
1335 1648 1448 1677 suae
1474 1638 1644 1677 molem
1673 1637 1848 1677 salubri

215 1708 508 1748 confessione
530 1708 605 1747 hic
627 1708 956 1759 deposuerunt,
981 1719 1030 1747 se
1053 1708 1237 1747 abunde
1259 1709 1528 1748 consolatos
1549 1720 1604 1748 ac
1621 1710 1770 1748 laetos
1787 1716 1847 1748 te-

215 1780 322 1820 stati
353 1786 474 1819 sunt.
509 1779 746 1830 Quantum
781 1791 895 1819 vero
928 1778 1198 1818 aedificetur
1227 1780 1429 1830 populus
1459 1779 1760 1830 germanicus
1790 1792 1848 1819 ex

215 1844 585 1885 confessionibus
608 1845 731 1895 apud
751 1851 937 1884 nostros
966 1844 1238 1884 sacerdotes
1258 1844 1410 1895 factis,
1435 1844 1574 1885 fidem
1594 1845 1706 1885 facit
1728 1845 1846 1896 ipso-

214 1928 317 1956 rum
339 1916 416 1967 qui
438 1915 714 1955 confitentur
737 1915 1006 1966 admiratio,
1031 1915 1153 1966 quod
1176 1915 1292 1955 adeo
1316 1922 1482 1955 exacte
1504 1916 1844 1965 examinentur,

215 1993 401 2038 praeter
436 1998 614 2026 morem
649 1998 761 2026 suae
796 1987 991 2037 patriae,
1026 1987 1103 2037 qui
1136 1987 1150 2007 ⁵
1185 1998 1308 2026 nunc
1339 1999 1420 2038 per
1455 1987 1847 2027 lutheranismum

214 2059 390 2110 passim
425 2058 619 2098 inoleuit
655 2069 738 2109 per
773 2057 1078 2098 Germaniam
1112 2056 1140 2107 ⁶,
1180 2058 1394 2109 quodque
1423 2058 1489 2098 sic
1517 2057 1776 2098 doceantur
1804 2064 1848 2098 et

215 2131 514 2170 consolentur
536 2129 581 2169 in
603 2129 821 2169 Domino.

294 2200 369 2241 Ad
397 2201 514 2240 haec
542 2201 729 2251 plurimi
756 2200 831 2251 pia
863 2200 1068 2251 quadam
1095 2201 1408 2241 aemulatione
1435 2201 1723 2241 contendunt
1756 2201 1847 2239 cul-

216 2279 314 2311 tum
335 2271 420 2311 Dei
444 2279 487 2311 et
510 2278 727 2311 ornatum
748 2271 976 2311 ecclesiae
997 2278 1186 2312 nostrae
1209 2272 1256 2311 in
1279 2271 1377 2312 dies
1400 2271 1702 2323 amplificare.
1726 2271 1850 2311 Inter

217 2343 302 2382 lios
324 2343 574 2394 praecipue
601 2341 852 2382 Sereniss.a
880 2342 1061 2393 Regina
1091 2342 1358 2393 Bohemsta,
1391 2355 1526 2394 quae,
1555 2344 1750 2382 multum
1772 2341 1850 2382 So-

216 2414 372 2453 cietati
394 2420 585 2453 nostrae
607 2414 792 2464 deuota,
823 2414 1006 2453 curauit
1028 2414 1216 2454 diuersa
1244 2415 1411 2454 altaria
1443 2414 1772 2466 pulcherrimis
1795 2424 1850 2453 ac

274 2550 282 2568 ¹
324 2548 443 2581 Maria,
459 2548 573 2576 Caroli
589 2549 620 2575 V
636 2549 716 2582 filia,
733 2554 766 2576 ct
782 2549 1006 2577 Maximiliani
1022 2548 1064 2583 ΙΙ,
1082 2549 1292 2578 Ferdinandi
1308 2549 1321 2577 1
1337 2550 1397 2577 filii
1412 2550 1644 2584 primogeniti,
1659 2557 1757 2577 uxor.

273 2595 285 2612 ’ἒ
325 2596 359 2622 Ρ.
378 2596 537 2623 Nicolaus
553 2596 592 2623 de
609 2595 729 2627 Floris.
748 2597 970 2624 communiter
993 2597 1028 2624 P.
1053 2596 1226 2632 Godanus,
1245 2597 1431 2625 Goudanus
1451 2598 1508 2624 vel
1524 2597 1709 2625 Gaudanus
1731 2597 1852 2624 dictus.

272 2643 285 2662 ⁵
323 2644 440 2670 Verba
463 2644 548 2670 haec
565 2644 601 2670 z'n
617 2644 745 2677 quibus
759 2644 904 2677 linguae
926 2645 1179 2672 commercium
1202 2653 1269 2672 non
1291 2645 1479 2678 habebant,
1499 2645 1757 2680 perspicuitatis
1777 2652 1853 2678 gra-

221 2692 281 2723 tia,
297 2692 393 2725 signo
409 2696 443 2718 ut
460 2691 515 2718 hic
531 2691 726 2718 inserantur
739 2692 907 2725 apposito,
924 2692 1042 2719 addita
1058 2693 1182 2720 suntin
1197 2693 1351 2727 margine
1367 2700 1387 2720 a
1402 2693 1561 2720 Polanco.

274 2739 287 2758 4
326 2739 441 2765 Verba
464 2739 547 2765 haec
570 2739 640 2765 sibi
660 2739 826 2765 barbaris
850 2740 1044 2766 cancellata
1069 2740 1232 2767 videntur
1251 2748 1271 2768 a
1286 2740 1445 2774 Polanco,
1468 2741 1525 2775 qui
1545 2741 1632 2768 forte
1648 2741 1853 2767 eorumloco

221 2786 380 2813 substitui
396 2786 535 2813 volebat
552 2793 637 2819 quae
652 2786 684 2812 in
700 2787 866 2821 margine,
882 2791 918 2814 ut
934 2788 1156 2814 annotatione
1171 2788 1401 2822 praecedente
1416 2789 1573 2822 diximus,
1588 2788 1743 2822 scripsit.

276 2833 287 2852 3
327 2834 386 2866 qui
401 2833 588 2867 scripserat
601 2832 765 2867 E1·ardus;
781 2834 839 2861 sed
852 2835 1035 2861 emendans
1048 2835 1171 2869 aliquis
1182 2836 1330 2870 scripsit,
1347 2840 1383 2863 ut
1395 2836 1543 2870 videtur,
1556 2843 1736 2870 perperam
1751 2841 1852 2869 quae.

276 2879 290 2899 6
328 2880 414 2907 Vide
430 2887 545 2914 supra,
562 2884 586 2906 t.
601 2886 637 2913 11,
652 2887 729 2914 pag.
749 2881 812 2913 638.
837 2889 965 2909 morem
986 2882 1074 2910 hunc
1100 2883 1309 2917 descriptum
1332 2885 1374 2910 ab
1396 2884 1468 2918 ipso
1489 2882 1635 2917 Erardo;
1657 2887 1690 2910 et
1705 2884 1854 2910 Pomnct

226 2927 434 2961 chronicon,
449 2933 473 2955 t.
487 2934 534 2961 1v,
551 2934 629 2961 pag.
644 2927 706 2961 241,
723 2935 754 2954 n.
768 2929 834 2956 529.
