2028 3328
193 122 261 159 182
705 125 934 163 LITTERAE
952 137 1310 170 QUADRnfflsrREs

272 218 441 259 Sedulo
463 221 603 260 etiam
625 229 694 262 est
711 230 927 263 curatum
943 230 991 263 ut
1009 224 1330 264 huiuscemodi
1346 224 1525 264 belluae
1542 224 1818 264 extermina-

193 296 369 341 rentur,
407 292 453 331 in
481 293 648 343 quibus
676 305 770 333 non
804 300 956 345 potest
985 295 1076 335 dici
1106 295 1243 345 satis,
1280 307 1337 335 ne
1378 295 1581 345 cogitari
1619 294 1820 346 quidem,

193 368 417 412 quantum
445 365 636 404 sceleris
663 371 980 417 quantumque
1006 367 1065 407 sit
1086 367 1230 417 exitii,
1263 366 1430 418 quibus
1458 378 1544 406 nec
1572 366 1619 406 in
1645 366 1822 405 scelere

195 444 280 472 nec
316 434 362 473 in
398 435 565 485 quauis
600 436 853 477 uiolatione
898 437 1011 477 nihil
1051 449 1258 489 unquam
1293 437 1378 477 fuit
1418 436 1570 487 nefas,
1613 448 1829 488 quaeque-

197 505 403 544 omnium
424 505 711 556 flagitiorum
732 518 869 559 seges
889 508 1025 549 facile
1047 509 1247 549 uidetur:
1270 515 1320 548 ut
1341 508 1481 548 etiam
1502 508 1754 547 haereseos
1775 507 1819 546 li-

193 575 264 614 bri
283 574 381 616 sere
402 588 595 617 numero
617 584 803 618 centum
823 580 1223 620 comburerentur:
1247 585 1291 619 et
1315 585 1361 619 ut
1378 585 1543 618 contra
1560 578 1824 618 haereticos

194 646 396 687 edictum
418 648 648 699 ederetur,
681 661 739 689 ne
775 650 879 702 quis
909 662 1002 691 non
1033 651 1210 691 crebris
1237 650 1391 700 modo,
1421 650 1503 690 sed
1530 661 1587 689 ne
1617 649 1824 700 perraris

193 718 378 768 quidem
400 726 647 770 usurparet
664 721 971 772 sermonibus,
996 728 1039 761 et
1062 722 1100 761 si
1120 727 1279 773 posset
1296 721 1410 771 fieri,
1429 732 1579 772 neque
1597 726 1704 760 ante
1718 731 1822 759 ocu-

194 789 264 827 los
298 796 527 840 ponerent
563 789 588 831 ¹.
628 791 754 831 Data
788 791 873 832 fuit
907 792 1047 832 etiam
1082 804 1225 844 opera
1255 798 1304 832 ut
1343 792 1445 843 ipsa
1485 791 1595 831 Dux
1633 790 1826 830 missam

194 860 366 900 audiat.

273 932 387 972 Illud
408 940 654 984 praeterea
674 946 768 975 non
795 936 1045 976 tacendum
1079 935 1278 984 uidetur,
1308 934 1432 985 quod
1460 934 1532 974 his
1561 933 1722 973 diebus
1747 932 1826 971 illa

194 1003 294 1053 ipsa
317 1002 426 1043 Dux
442 1011 487 1044 et
502 1004 624 1045 filiae
640 1011 684 1045 et
701 1005 842 1046 etiam
858 1007 1092 1057 mulieres,
1117 1017 1237 1058 quae
1259 1006 1346 1045 sibi
1362 1005 1569 1057 quotidie
1582 1004 1821 1051 assistunt,

196 1072 321 1113 Patri
341 1080 502 1115 nostro
524 1076 768 1117 confessae
788 1076 989 1128 fuerunt,
1012 1085 1061 1118 ut
1079 1078 1188 1117 dum
1203 1076 1373 1117 festum
1392 1075 1610 1117 Omnium
1631 1074 1823 1115 Sancto-

194 1155 295 1184 rum
319 1146 595 1198 celebratur,
621 1147 744 1188 idem
765 1147 905 1189 Pater
933 1148 1187 1189 celebrauit
1215 1159 1404 1188 sacrum
1432 1147 1479 1187 in
1515 1146 1679 1187 eadem
1701 1146 1823 1194 aula,

196 1221 238 1255 et
265 1217 586 1269 concionatus,
623 1219 799 1259 eisdem
833 1218 1170 1260 Sanctissimae
1205 1218 1531 1259 Eucharistiae
1561 1227 1823 1257 sacramen-

194 1292 292 1326 tum
314 1287 611 1339 ministrauit‚
636 1296 680 1329 et
700 1297 926 1341 quantum
961 1291 1193 1331 coniicere
1222 1296 1434 1342 poteram
1467 1289 1665 1340 (semper
1702 1288 1829 1328 enim

194 1357 412 1410 interfui),
437 1360 642 1400 maxima
664 1373 773 1402 cum
793 1362 1058 1402 deuotione.
1088 1362 1226 1402 Vnde
1248 1361 1357 1412 quid
1382 1360 1529 1412 possit
1551 1359 1732 1411 sperari
1754 1359 1826 1409 (ne

193 1428 364 1469 nimius
385 1430 487 1479 sim)
511 1437 656 1482 tuum,
679 1432 732 1472 R.
757 1433 825 1483 P„
850 1434 908 1473 sit
929 1433 1165 1473 iudicium:
1190 1433 1278 1473 hoc
1308 1439 1463 1472 tamen
1486 1431 1610 1471 scias
1635 1430 1759 1482 quod
1779 1430 1826 1469 in

194 1499 292 1540 dies
313 1502 412 1541 eius
435 1510 632 1554 augetur
653 1504 769 1544 fides
789 1511 833 1544 et
850 1505 897 1544 in
913 1504 1085 1545 diuinis
1101 1505 1239 1544 rebus
1260 1504 1493 1544 maximus
1510 1502 1714 1542 cernitur
1736 1501 1826 1541 sru-

194 1575 311 1611 ctus:
336 1572 435 1613 eius
454 1572 576 1614 filiae
598 1586 690 1615 una
711 1586 871 1615 secum
887 1576 1047 1627 legunt
1069 1575 1273 1627 quotidie
1300 1579 1552 1626 praecepta
1586 1573 1828 1613 doctrinae

197 1641 497 1695 christianae,
512 1645 559 1685 in
576 1646 715 1686 rebus
732 1647 882 1687 sacris
895 1647 1201 1687 instituuntur
1217 1646 1359 1687 etiam
1374 1645 1587 1695 ancillae,
1603 1652 1648 1684 et
1666 1655 1827 1684 omnes

195 1713 393 1766 denique
412 1716 646 1767 mulieres,
671 1729 789 1769 quae
811 1729 971 1758 secum
993 1718 1219 1758 habitant.
1252 1716 1372 1757 Rodus
1392 1722 1552 1756 noster
1580 1715 1721 1756 Pater
1741 1714 1828 1755 sin-

194 1786 316 1836 gulis
346 1787 507 1827 diebus
529 1788 588 1828 ad
609 1800 714 1829 eam
733 1800 784 1829 se
805 1789 999 1839 confert,
1023 1789 1079 1829 de
1100 1790 1239 1829 rebus
1269 1787 1329 1828 ad
1349 1799 1511 1828 ueram
1531 1787 1668 1827 fidem
1689 1785 1825 1838 perti·

196 1857 412 1897 nentibus
434 1869 592 1899 secum
616 1866 822 1910 acturus;
846 1866 890 1900 et
920 1860 993 1900 his
1020 1859 1299 1911 praesertim
1326 1859 1490 1899 diebus
1516 1858 1562 1898 in
1590 1857 1689 1897 eius
1719 1857 1827 1897 aula

196 1928 473 1968 concionem
519 1930 752 1981 (priuatas
794 1931 1156 1982 praetermitto),
1203 1942 1294 1970 non
1340 1930 1501 1981 paucis
1547 1928 1823 1977 astantibus,

195 1998 250 2038 de
280 1999 357 2039 illo
387 2001 584 2041 articulo
605 2001 712 2041 fidei
745 2001 854 2041 inde
880 2002 1034 2042 ueniet
1059 2001 1288 2051 indicare,
1317 2007 1422 2051 etc.‚
1454 1999 1722 2041 doctissime
1749 1999 1828 2038 ha-

194 2070 305 2110 buit.
342 2071 413 2111 De
447 2072 534 2122 his,
572 2072 659 2113 etsi
692 2084 786 2112 non
821 2080 869 2113 ut
905 2085 979 2112 res
1015 2073 1144 2124 ipsae
1179 2072 1483 2123 requirerent,
1521 2071 1639 2111 haec
1669 2077 1833 2110 tamen

195 2143 370 2184 dixisse
396 2143 606 2194 sufficiet,
632 2156 686 2184 eo
718 2144 871 2195 magis
902 2144 1024 2195 quod
1045 2144 1266 2184 nonnulla
1290 2156 1317 2183 a
1337 2142 1439 2183 R.d0
1453 2142 1503 2182 P.
1534 2142 1733 2183 Rectore
1755 2153 1829 2181 ac-

198 2226 407 2266 ceperas.

275 2286 537 2327 Instituitur
553 2286 802 2327 Ferrarien
811 2287 874 2326 sis
891 2286 1108 2327 iuventus
1126 2293 1170 2326 et
1186 2286 1232 2326 in
1250 2286 1418 2326 litteris
1434 2292 1479 2326 et
1500 2285 1546 2325 in
1562 2285 1827 2334 uirtutibus,

200 2358 258 2397 ad
279 2369 395 2409 quas
417 2358 626 2409 quotidie
654 2370 747 2398 non
781 2369 948 2409 parum
976 2357 1324 2410 progressionis
1360 2356 1553 2397 faciunt.
1585 2355 1759 2396 Omnes
1786 2361 1833 2394 et

198 2429 362 2468 Patres
382 2434 427 2468 et
447 2428 620 2468 fratres
641 2430 816 2480 valent,
842 2440 1039 2481 quorum
1056 2429 1252 2480 quisque
1270 2428 1316 2467 in
1333 2427 1405 2467 his
1421 2439 1470 2467 se
1488 2433 1691 2476 exercet,
1710 2437 1831 2477 quae

198 2499 255 2538 ab
277 2499 540 2539 obedientia
563 2500 649 2539 sibi
670 2500 986 2552 imponuntur.

280 2569 505 2621 Cupimus
528 2576 572 2610 te
596 2582 781 2622 quoque
803 2582 895 2611 una
917 2582 1023 2611 cum
1045 2571 1150 2611 aliis
1179 2572 1352 2620 ualere,
1385 2580 1582 2622 quorum
1609 2568 1831 2608 orationi-

199 2642 284 2681 bus
305 2652 391 2682 nos
408 2641 760 2681 commendatos
780 2643 1009 2692 uolumus;
1036 2653 1126 2693 quo
1150 2642 1368 2693 dignetur
1384 2640 1611 2680 Dominus
1627 2638 1831 2690 gratiam

202 2723 338 2752 suam
354 2711 452 2752 eius
469 2712 620 2752 seruis
636 2713 969 2762 transmittere,
988 2719 1037 2752 ut
1055 2712 1293 2753 ardentius
1311 2718 1355 2752 et
1370 2710 1659 2762 frequentius
1679 2709 1833 2760 parati

259 2896 269 2916 ἱ
310 2895 371 2923 che
387 2896 507 2928 niuno,
523 2903 590 2923 non
602 2896 800 2924 solamente
815 2897 1061 2931 nonparlasse
1075 2897 1113 2924 di
1126 2896 1281 2928 heresia,
1297 2903 1354 2923 ma
1370 2897 1421 2930 (se
1435 2895 1516 2929 sare
1531 2895 1564 2921 si
1575 2894 1749 2929 puotessz)
1766 2901 1836 2921 non

203 2945 239 2972 si
250 2948 437 2980 pensasse.
455 2943 508 2971 Ita
524 2944 676 2971 italicum
693 2945 884 2978 exemplum
900 2944 988 2972 infra
1004 2944 1240 2972 exhibendum.
