2028 3328
851 120 931 158 AN.
963 120 1054 157 1555
1708 122 1776 158 401

750 570 1160 626 GOOLXXXV

212 807 486 846 Fructuosus
508 807 674 853 Andre,

274 873 340 910 Ex
359 874 681 910 commissione
704 872 846 910 Patris
868 872 1005 910 Marci
1024 871 1224 919 Georgii,

310 940 431 977 Patri
449 939 620 986 Ignatio
639 939 692 976 de
717 938 902 986 Loyola.

357 1004 517 1048 Ebora,
538 1004 560 1041 2
578 1004 682 1052 Maji
703 1003 794 1040 1555
813 1003 838 1038 ¹.

899 1152 1025 1245 Jhffus.

540 1351 808 1391 Admodum
828 1348 930 1390 Rssle
955 1350 1002 1390 in
1021 1348 1207 1390 Christo
1231 1348 1384 1389 Pater.

219 1423 384 1465 Gratia
407 1429 451 1463 et
472 1433 604 1462 amor
626 1421 814 1462 Domini
835 1420 985 1461 nostri
1004 1419 1115 1473 Jesu
1137 1419 1310 1460 Christi
1328 1419 1387 1459 sit
1403 1430 1588 1470 semper
1617 1419 1665 1459 in
1687 1431 1786 1459 ani-

145 1496 233 1536 mis
254 1495 446 1535 nostris.
469 1493 636 1534 Amen.

218 1566 353 1617 Quod
373 1565 574 1617 primum
596 1563 654 1604 ad
676 1570 720 1603 te
741 1563 959 1614 scribam,
983 1562 1083 1603 ΗΜ
1110 1562 1177 1613 P„
1201 1562 1313 1602 illud
1335 1563 1436 1613 erit,
1462 1573 1580 1614 quos
1609 1562 1655 1601 in
1694 1562 1786 1613 spi-

145 1638 237 1677 ritu
257 1643 508 1688 patresque
530 1647 585 1675 ac
607 1635 778 1675 fratres
812 1634 1007 1674 fecerint
1043 1644 1339 1685 progressus.
1378 1633 1571 1674 Utinam
1612 1633 1784 1673 scirem

141 1707 471 1760 quoquomodo
488 1706 752 1758 exprimere
775 1704 1008 1756 ardorem,
1039 1705 1334 1756 charitatem,
1366 1705 1589 1756 propriae
1624 1704 1787 1744 uolun-

142 1780 253 1819 tatis
274 1777 651 1829 abnegationem,
676 1788 794 1828 quae
816 1776 863 1816 in
884 1776 1099 1816 omnibus
1128 1781 1399 1826 cernuntur,
1431 1787 1525 1816 una
1556 1786 1662 1815 cum
1693 1780 1786 1815 stu-

144 1850 219 1891 dio
249 1850 452 1901 quodam
492 1855 630 1900 atque
668 1847 824 1888 animo
865 1847 1117 1898 seruienffl,
1156 1858 1212 1887 ac
1248 1847 1422 1887 multos
1462 1846 1663 1896 labores,
1697 1845 1788 1886 Dei

143 1920 383 1962 Creatoris
418 1919 566 1960 nostri
584 1930 742 1969 causa,
780 1918 1028 1968 tolerandi,
1070 1924 1209 1969 atque
1245 1917 1361 1957 adeo
1399 1917 1711 1957 obedientiam
1741 1923 1785 1956 et

142 1991 499 2033 submissionem
521 1989 678 2039 animi,
702 2001 807 2041 qua,
832 1994 1024 2040 propter
1054 1988 1269 2029 eumdem
1300 1988 1568 2037 Dominum,
1600 1998 1686 2027 nos
1708 1998 1784 2027 su-

144 2064 354 2116 periores
376 2063 535 2102 colunt
557 2066 601 2101 et
623 2061 889 2110 obseruant,
923 2060 1094 2110 omnia,
1128 2058 1230 2100 Deo
1252 2059 1423 2110 gratia,
1454 2064 1715 2110 augescunt
1739 2058 1786 2098 in

143 2135 242 2175 dies
263 2133 415 2184 magis
438 2138 576 2184 atque
598 2132 766 2182 magis,
790 2142 1008 2183 nouaque
1038 2131 1234 2171 subinde
1262 2129 1572 2182 promouendi
1609 2129 1787 2170 deside-

144 2206 216 2246 ria
238 2203 574 2254 accenduntur3
598 2202 819 2254 quoniam
835 2201 965 2242 Deus
983 2201 1191 2242 omnium
1207 2206 1374 2241 auctor
1391 2207 1474 2251 est,
1496 2201 1534 2240 is
1553 2212 1675 2241 unus
1691 2200 1784 2240 lau-

148 2277 296 2317 detur.

223 2345 295 2386 De
317 2345 516 2397 spiritali
536 2345 704 2393 fructu,
730 2354 868 2395 quem
888 2342 1116 2383 Dominus
1138 2343 1458 2395 superioribus
1485 2341 1510 2381 4
1541 2342 1780 2382 mensibus

145 2416 374 2469 proximis
391 2427 473 2467 per
490 2414 628 2455 huius
649 2413 844 2465 Collegii
866 2414 1108 2465 operarios
1130 2419 1372 2465 praestare
1390 2413 1550 2463 uoluit,
1576 2419 1626 2453 ut
1646 2414 1788 2465 parti-

147 2488 339 2528 culatim
361 2486 420 2527 ad
441 2492 502 2537 te,
527 2485 630 2526 Rssle
654 2485 720 2535 P„
745 2485 1103 2537 perscriberem,
1128 2485 1450 2525 necessarium
1471 2483 1628 2537 ess[et]
1651 2486 1790 2537 plane

146 2559 357 2611 pluribus
379 2558 515 2598 solito
538 2568 694 2608 agere.
722 2555 811 2596 Tot
833 2555 1061 2596 beneficia
1097 2555 1225 2596 Deus
1261 2554 1495 2596 Dominus
1530 2562 1689 2597 noster
1711 2556 1791 2597 dat

146 2630 319 2677 multiS,
344 2635 393 2669 ut
415 2628 557 2669 scribi
579 2640 606 2668 a
627 2639 700 2668 me
718 2633 799 2668 aut
822 2627 914 2667 dici
930 2627 1011 2667 uix
1029 2628 1122 2667 ullo
1141 2626 1277 2667 modo
1291 2628 1487 2679 possint.
1507 2627 1636 2668 Deus
1652 2627 1788 2668 bone!

146 2713 285 2753 quam
308 2700 441 2740 muiti
461 2700 601 2739 aliam
623 2699 748 2738 vitae
770 2698 1004 2738 rationem
1026 2698 1275 2738 instituunt
1299 2698 1357 2738 ab
1381 2699 1457 2738 illa
1489 2699 1790 2751 negligentis-

146 2773 266 2813 sima
301 2783 356 2811 ac
391 2770 691 2819 solutissima‚
729 2781 870 2821 quam
908 2776 1045 2809 antea
1076 2777 1324 2821 sequentes
1362 2770 1428 2809 sic
1461 2770 1660 2811 daemon
1695 2771 1793 2811 suis

206 2932 216 2952 ί
255 2930 505 2966 Autographae
524 2929 650 2964 duplici
666 2929 756 2963 solio,
778 2937 831 2956 nn.
847 2928 900 2956 626
915 2933 948 2957 et
963 2929 1024 2955 627.
