2028 3328
863 104 942 140 AN.
976 104 1065 141 1554
1710 106 1778 142 137

788 589 1140 643 CCCXXIH

218 850 264 886 P.
298 850 551 888 Bernardus
580 851 801 890 Oliverius

268 916 389 953 Patri
409 916 580 964 Ignatio
601 917 654 955 de
670 917 853 965 Loyola.

309 980 526 1028 Tomaco,
551 982 594 1020 10
612 982 883 1030 Septembris
906 984 998 1020 1554
1018 984 1042 1019 ¹.

957 1174 977 1207 †

923 1210 1020 1251 IHS

227 1403 394 1445 Gratia
429 1411 473 1445 et
509 1418 602 1457 pax
637 1405 825 1447 Domini
859 1408 1007 1448 nostri
1027 1407 1137 1460 Jesu
1169 1407 1344 1447 Christi
1378 1407 1437 1447 sit
1469 1419 1653 1458 semper
1681 1419 1791 1448 curn

148 1476 363 1516 omnibus
386 1477 534 1517 nobis.
556 1476 723 1517 Amen.

223 1547 494 1588 Admodum
516 1548 615 1588 R.de
639 1549 686 1589 in
717 1548 903 1590 Christo
935 1550 1089 1590 Pater.
1116 1549 1314 1601 Quando
1348 1549 1412 1590 ita
1430 1550 1556 1590 iubet
1579 1549 1633 1590 T.
1659 1549 1713 1589 R.
1735 1549 1787 1589 P.

147 1624 195 1658 vt
216 1619 445 1659 rationem
467 1620 665 1660 reddant
686 1620 766 1661 filii
786 1621 859 1661 sui
879 1627 1047 1673 quarto
1070 1632 1255 1673 quoque
1278 1633 1436 1661 mense
1458 1620 1514 1661 de
1535 1621 1789 1670 fructibuS,

146 1702 264 1742 quos
285 1691 470 1731 bonitas
491 1691 578 1731 Dei
602 1691 795 1743 dignata
817 1699 886 1733 est
922 1704 1006 1744 per
1038 1705 1118 1733 eos
1153 1693 1361 1745 operari,
1399 1693 1508 1733 licet
1541 1692 1675 1733 nobis
1697 1693 1787 1732 hoc

147 1762 480 1813 quadrimestri
503 1775 667 1814 parum
688 1763 848 1804 datum
870 1765 929 1804 sit
950 1770 1139 1815 metere,
1165 1776 1272 1805 cum
1288 1770 1333 1804 et
1350 1764 1505 1816 ipsum
1526 1776 1682 1804 serere
1704 1776 1787 1804 no-

148 1833 216 1873 bis
238 1833 715 1884 fue1·itinhibitum,vt
737 1841 894 1876 tamen
916 1836 1209 1876 obedientiae
1225 1835 1458 1876 faciamus
1475 1835 1605 1886 satis,
1625 1836 1790 1887 paucis

148 1905 519 1956 perstringemus
541 1917 659 1956 quae
682 1913 949 1947 occurrunt.

229 1975 279 2016 In
307 1976 484 2027 primis,
509 1977 644 2017 nobis
672 1983 921 2030 Vtcumque
955 1979 1138 2019 reddita
1173 1979 1375 2019 sanitate
1408 1978 1618 2030 (propter
1647 1990 1788 2030 quam

148 2049 521 2099 recuperandam
557 2048 648 2088 huc
679 2049 862 2089 remissi
896 2049 1068 2089 suimus
1100 2049 1146 2100 2),
1171 2049 1411 2101 coepimus
1446 2049 1721 2101 praedicare
1742 2049 1789 2088 in-

149 2118 349 2158 diuersis
366 2119 502 2170 pagis
519 2126 562 2158 et
581 2119 708 2170 locis,
729 2131 819 2171 quo
837 2127 1177 2161 concurrerunt
1194 2132 1288 2160 non
1303 2120 1443 2172 pauci
1460 2120 1603 2160 etiam
1616 2120 1790 2160 distan-

148 2196 218 2230 tes
238 2201 321 2230 sex
344 2191 416 2230 vel
438 2196 616 2241 septem
637 2190 913 2232 milliaribus
941 2204 967 2232 a
995 2193 1097 2232 loco
1120 2192 1198 2232 vbi
1226 2191 1639 2232 concionabamur.
1668 2191 1791 2231 Hinc

149 2261 328 2301 sactum
350 2269 419 2302 cst
458 2270 503 2301 vt
538 2262 724 2313 plurimi
752 2263 797 2302 in
826 2263 1054 2315 proximis
1081 2263 1213 2303 festis
1243 2262 1594 2313 penthecostes,
1625 2262 1789 2303 Sacra-

148 2333 293 2373 menti
310 2332 338 2381 ⁵,
361 2341 404 2373 et
423 2332 774 2384 Assumptionis
795 2334 946 2375 Diuae
964 2335 1159 2383 Mariae,
1176 2335 1642 2385 communicauerint,
1660 2346 1793 2386 prae-

148 2411 219 2444 ter
239 2404 330 2444 loci
352 2411 395 2444 et
418 2404 680 2444 incolarum
700 2416 891 2456 morem,
916 2412 960 2446 et
977 2406 1121 2446 multo
1145 2407 1302 2457 plures
1324 2405 1669 2446 confitebantur
1697 2417 1790 2445 non

148 2475 373 2515 audentes
396 2475 547 2515 adhuc
566 2476 928 2527 communicare,
953 2483 1203 2529 propterea
1224 2477 1350 2528 quod
1377 2482 1479 2517 erat
1505 2476 1643 2517 nimis
1668 2476 1791 2516 inso-

148 2546 296 2596 litum,
321 2553 365 2586 et
387 2546 446 2585 ab
469 2546 572 2586 aliis
593 2546 878 2587 haberentur
899 2547 1028 2587 risui.
1051 2547 1103 2587 In
1124 2547 1180 2588 iis
1201 2559 1386 2599 quoque
1407 2547 1523 2588 locis
1549 2547 1689 2587 finem
1711 2547 1794 2586 im-

148 2617 389 2668 posuimus
425 2616 648 2667 (Domino
674 2618 978 2668 cooperante)
1013 2619 1266 2659 multorum
1301 2619 1418 2659 rixis
1453 2627 1497 2659 et
1527 2618 1793 2667 discordiis,

204 2826 213 2846 ¹
256 2826 504 2860 Autographac
522 2824 555 2852 in
570 2825 697 2859 duplici
713 2825 802 2857 solio,
819 2832 871 2853 nn.
885 2825 937 2852 263
951 2829 983 2852 et
999 2825 1062 2852 264.

203 2872 217 2891 Ξ
261 2873 344 2901 Vide
359 2874 510 2900 POLANCI
527 2873 733 2905 Cltrom'con,
749 2877 771 2900 t.
788 2880 837 2906 111,
854 2880 932 2907 pag.
949 2873 1010 2905 215,
1025 2881 1055 2901 n.
1070 2873 1132 2901 466.

203 2919 217 2939 ³
254 2920 320 2948 Seu
336 2919 501 2955 Corporis
517 2920 660 2947 Christi.
