<?xml version="1.0" encoding="UTF-8"?>
<!DOCTYPE html PUBLIC "-//W3C//DTD XHTML 1.0 Transitional//EN"
    "http://www.w3.org/TR/xhtml1/DTD/xhtml1-transitional.dtd">
<html xmlns="http://www.w3.org/1999/xhtml" xml:lang="en" lang="en">
 <head>
  <title>
</title>
<meta http-equiv="Content-Type" content="text/html;charset=utf-8" />
  <meta name='ocr-system' content='tesseract 3.04.00' />
  <meta name='ocr-capabilities' content='ocr_page ocr_carea ocr_par ocr_line ocrx_word'/>
</head>
<body>
  <div class='ocr_page' id='page_1' title='image "./litteraequadrime1503lain_0043.png"; bbox 0 0 2028 3328; ppageno 0'>
   <div class='ocr_carea' id='block_1_1' title="bbox 796 95 1722 136">
    <p class='ocr_par' dir='ltr' id='par_1_1' title="bbox 796 95 1722 136">
     <span class='ocr_line' id='line_1_1' title="bbox 796 95 1722 136; baseline 0.004 -5"><span class='ocrx_word' id='word_1_1' title='bbox 796 95 879 132; x_wconf 57' lang='lat' dir='ltr'>fo.</span> <span class='ocrx_word' id='word_1_2' title='bbox 911 95 1002 132; x_wconf 53' lang='lat'>1551</span> <span class='ocrx_word' id='word_1_3' title='bbox 1678 102 1722 136; x_wconf 56' lang='lat'>37</span> 
     </span>
    </p>
   </div>
   <div class='ocr_carea' id='block_1_2' title="bbox 38 190 1722 2095">
    <p class='ocr_par' dir='ltr' id='par_1_2' title="bbox 75 190 1722 1085">
     <span class='ocr_line' id='line_1_2' title="bbox 85 190 1722 246; baseline 0.002 -14"><span class='ocrx_word' id='word_1_4' title='bbox 85 193 221 242; x_wconf 82' lang='lat' dir='ltr'>logus</span> <span class='ocrx_word' id='word_1_5' title='bbox 246 191 565 243; x_wconf 88' lang='lat' dir='ltr'>superioribus</span> <span class='ocrx_word' id='word_1_6' title='bbox 593 190 721 231; x_wconf 87' lang='lat' dir='ltr'>hisce</span> <span class='ocrx_word' id='word_1_7' title='bbox 757 190 920 230; x_wconf 89' lang='lat' dir='ltr'>diebus</span> <span class='ocrx_word' id='word_1_8' title='bbox 947 192 994 230; x_wconf 92' lang='lat' dir='ltr'>in</span> <span class='ocrx_word' id='word_1_9' title='bbox 1027 193 1200 242; x_wconf 90' lang='lat' dir='ltr'>templo</span> <span class='ocrx_word' id='word_1_10' title='bbox 1233 199 1393 233; x_wconf 90' lang='lat' dir='ltr'>nostro</span> <span class='ocrx_word' id='word_1_11' title='bbox 1422 206 1447 233; x_wconf 87' lang='lat' dir='ltr'>a</span> <span class='ocrx_word' id='word_1_12' title='bbox 1483 195 1722 246; x_wconf 68' lang='lat' dir='ltr'>discipulis</span> 
     </span>
     <span class='ocr_line' id='line_1_3' title="bbox 86 262 1722 316; baseline 0.002 -14"><span class='ocrx_word' id='word_1_13' title='bbox 86 263 327 313; x_wconf 90' lang='lat' dir='ltr'>recitatus,</span> <span class='ocrx_word' id='word_1_14' title='bbox 352 274 447 302; x_wconf 91' lang='lat' dir='ltr'>non</span> <span class='ocrx_word' id='word_1_15' title='bbox 468 262 567 302; x_wconf 91' lang='lat' dir='ltr'>sine</span> <span class='ocrx_word' id='word_1_16' title='bbox 594 262 737 302; x_wconf 86' lang='lat' dir='ltr'>totius</span> <span class='ocrx_word' id='word_1_17' title='bbox 772 262 900 302; x_wconf 87' lang='lat' dir='ltr'>urbis</span> <span class='ocrx_word' id='word_1_18' title='bbox 936 262 1261 313; x_wconf 78' lang='lat' dir='ltr'>admiratione,</span> <span class='ocrx_word' id='word_1_19' title='bbox 1293 270 1389 304; x_wconf 90' lang='lat' dir='ltr'>tum</span> <span class='ocrx_word' id='word_1_20' title='bbox 1419 266 1475 303; x_wconf 91' lang='lat' dir='ltr'>ob</span> <span class='ocrx_word' id='word_1_21' title='bbox 1493 266 1722 316; x_wconf 70' lang='lat' dir='ltr'>insignem</span> 
     </span>
     <span class='ocr_line' id='line_1_4' title="bbox 86 333 1721 382; baseline 0.002 -9"><span class='ocrx_word' id='word_1_22' title='bbox 86 346 141 378; x_wconf 81' lang='lat' dir='ltr'>ac</span> <span class='ocrx_word' id='word_1_23' title='bbox 180 334 349 373; x_wconf 88' lang='lat' dir='ltr'>miram</span> <span class='ocrx_word' id='word_1_24' title='bbox 388 334 574 374; x_wconf 89' lang='lat' dir='ltr'>illorum</span> <span class='ocrx_word' id='word_1_25' title='bbox 611 333 909 382; x_wconf 80' lang='lat' dir='ltr'>memoriam,</span> <span class='ocrx_word' id='word_1_26' title='bbox 964 340 1060 373; x_wconf 88' lang='lat' dir='ltr'>tum</span> <span class='ocrx_word' id='word_1_27' title='bbox 1102 334 1243 374; x_wconf 91' lang='lat' dir='ltr'>etiam</span> <span class='ocrx_word' id='word_1_28' title='bbox 1291 335 1347 373; x_wconf 91' lang='lat' dir='ltr'>ob</span> <span class='ocrx_word' id='word_1_29' title='bbox 1389 336 1619 375; x_wconf 81' lang='lat' dir='ltr'>actionem</span> <span class='ocrx_word' id='word_1_30' title='bbox 1661 339 1721 376; x_wconf 58' lang='lat' dir='ltr'>in&lt;</span> 
     </span>
     <span class='ocr_line' id='line_1_5' title="bbox 84 404 1719 455; baseline 0.002 -11"><span class='ocrx_word' id='word_1_31' title='bbox 84 405 262 444; x_wconf 87' lang='lat' dir='ltr'>fantula</span> <span class='ocrx_word' id='word_1_32' title='bbox 302 411 455 445; x_wconf 86' lang='lat' dir='ltr'>aetate</span> <span class='ocrx_word' id='word_1_33' title='bbox 496 404 700 445; x_wconf 81' lang='lat' dir='ltr'>maxime</span> <span class='ocrx_word' id='word_1_34' title='bbox 748 405 1111 455; x_wconf 75' lang='lat' dir='ltr'>suspiciendam.</span> <span class='ocrx_word' id='word_1_35' title='bbox 1144 404 1261 445; x_wconf 84' lang='lat' dir='ltr'>Sunt</span> <span class='ocrx_word' id='word_1_36' title='bbox 1292 412 1335 445; x_wconf 91' lang='lat' dir='ltr'>et</span> <span class='ocrx_word' id='word_1_37' title='bbox 1364 406 1535 446; x_wconf 90' lang='lat' dir='ltr'>ciuium</span> <span class='ocrx_word' id='word_1_38' title='bbox 1564 408 1719 455; x_wconf 84' lang='lat' dir='ltr'>animi,</span> 
     </span>
     <span class='ocr_line' id='line_1_6' title="bbox 83 475 1721 529; baseline 0.001 -14"><span class='ocrx_word' id='word_1_39' title='bbox 83 475 296 523; x_wconf 80' lang='lat' dir='ltr'>fratrum,</span> <span class='ocrx_word' id='word_1_40' title='bbox 321 476 398 526; x_wconf 91' lang='lat' dir='ltr'>qui</span> <span class='ocrx_word' id='word_1_41' title='bbox 419 487 566 527; x_wconf 88' lang='lat' dir='ltr'>nuper</span> <span class='ocrx_word' id='word_1_42' title='bbox 587 475 675 515; x_wconf 87' lang='lat' dir='ltr'>hac</span> <span class='ocrx_word' id='word_1_43' title='bbox 697 475 783 515; x_wconf 87' lang='lat' dir='ltr'>iter</span> <span class='ocrx_word' id='word_1_44' title='bbox 802 475 1022 522; x_wconf 88' lang='lat' dir='ltr'>habuere,</span> <span class='ocrx_word' id='word_1_45' title='bbox 1043 475 1352 526; x_wconf 86' lang='lat' dir='ltr'>multitudine,</span> <span class='ocrx_word' id='word_1_46' title='bbox 1372 477 1593 524; x_wconf 81' lang='lat' dir='ltr'>moribus,</span> <span class='ocrx_word' id='word_1_47' title='bbox 1619 490 1721 529; x_wconf 83' lang='lat' dir='ltr'>pru-</span> 
     </span>
     <span class='ocr_line' id='line_1_7' title="bbox 83 546 1721 597; baseline 0.002 -12"><span class='ocrx_word' id='word_1_48' title='bbox 83 546 254 596; x_wconf 84' lang='lat' dir='ltr'>dentia,</span> <span class='ocrx_word' id='word_1_49' title='bbox 280 547 517 597; x_wconf 89' lang='lat' dir='ltr'>commoti,</span> <span class='ocrx_word' id='word_1_50' title='bbox 541 546 779 597; x_wconf 87' lang='lat' dir='ltr'>multique,</span> <span class='ocrx_word' id='word_1_51' title='bbox 812 546 891 597; x_wconf 88' lang='lat' dir='ltr'>qui</span> <span class='ocrx_word' id='word_1_52' title='bbox 921 546 1051 597; x_wconf 90' lang='lat' dir='ltr'>prius</span> <span class='ocrx_word' id='word_1_53' title='bbox 1080 559 1105 586; x_wconf 93' lang='lat' dir='ltr'>a</span> <span class='ocrx_word' id='word_1_54' title='bbox 1136 547 1270 586; x_wconf 89' lang='lat' dir='ltr'>nobis</span> <span class='ocrx_word' id='word_1_55' title='bbox 1301 547 1575 587; x_wconf 81' lang='lat' dir='ltr'>alienissimi</span> <span class='ocrx_word' id='word_1_56' title='bbox 1598 549 1721 588; x_wconf 83' lang='lat' dir='ltr'>vidc-</span> 
     </span>
     <span class='ocr_line' id='line_1_8' title="bbox 81 616 1721 670; baseline 0.001 -13"><span class='ocrx_word' id='word_1_57' title='bbox 81 617 268 667; x_wconf 85' lang='lat' dir='ltr'>bantur,</span> <span class='ocrx_word' id='word_1_58' title='bbox 298 630 355 657; x_wconf 84' lang='lat' dir='ltr'>eX</span> <span class='ocrx_word' id='word_1_59' title='bbox 378 629 550 668; x_wconf 83' lang='lat' dir='ltr'>magna</span> <span class='ocrx_word' id='word_1_60' title='bbox 572 623 704 670; x_wconf 88' lang='lat' dir='ltr'>parte</span> <span class='ocrx_word' id='word_1_61' title='bbox 726 618 979 658; x_wconf 85' lang='lat' dir='ltr'>conciliati.</span> <span class='ocrx_word' id='word_1_62' title='bbox 1005 616 1205 657; x_wconf 84' lang='lat' dir='ltr'>Senatus</span> <span class='ocrx_word' id='word_1_63' title='bbox 1228 624 1383 658; x_wconf 86' lang='lat' dir='ltr'>autem</span> <span class='ocrx_word' id='word_1_64' title='bbox 1406 619 1473 659; x_wconf 91' lang='lat' dir='ltr'>sic</span> <span class='ocrx_word' id='word_1_65' title='bbox 1495 626 1564 659; x_wconf 89' lang='lat' dir='ltr'>est</span> <span class='ocrx_word' id='word_1_66' title='bbox 1588 620 1721 659; x_wconf 68' lang='lat' dir='ltr'>nobis</span> 
     </span>
     <span class='ocr_line' id='line_1_9' title="bbox 75 688 1717 741; baseline 0.002 -13"><span class='ocrx_word' id='word_1_67' title='bbox 75 688 291 738; x_wconf 83' lang='lat' dir='ltr'>affectus,</span> <span class='ocrx_word' id='word_1_68' title='bbox 316 695 367 728; x_wconf 84' lang='lat' dir='ltr'>vt</span> <span class='ocrx_word' id='word_1_69' title='bbox 388 690 425 729; x_wconf 89' lang='lat' dir='ltr'>si</span> <span class='ocrx_word' id='word_1_70' title='bbox 448 701 539 741; x_wconf 83' lang='lat' dir='ltr'>qua</span> <span class='ocrx_word' id='word_1_71' title='bbox 560 689 651 730; x_wconf 88' lang='lat' dir='ltr'>dici</span> <span class='ocrx_word' id='word_1_72' title='bbox 671 688 833 729; x_wconf 84' lang='lat' dir='ltr'>forsan</span> <span class='ocrx_word' id='word_1_73' title='bbox 858 690 903 728; x_wconf 92' lang='lat' dir='ltr'>in</span> <span class='ocrx_word' id='word_1_74' title='bbox 925 701 1010 729; x_wconf 91' lang='lat' dir='ltr'>nos</span> <span class='ocrx_word' id='word_1_75' title='bbox 1031 689 1208 739; x_wconf 88' lang='lat' dir='ltr'>audiat,</span> <span class='ocrx_word' id='word_1_76' title='bbox 1234 701 1289 729; x_wconf 93' lang='lat' dir='ltr'>ea</span> <span class='ocrx_word' id='word_1_77' title='bbox 1311 691 1385 730; x_wconf 88' lang='lat' dir='ltr'>vel</span> <span class='ocrx_word' id='word_1_78' title='bbox 1407 690 1717 741; x_wconf 79' lang='lat' dir='ltr'>ignorantiae,</span> 
     </span>
     <span class='ocr_line' id='line_1_10' title="bbox 81 759 1722 801; baseline 0.001 -2"><span class='ocrx_word' id='word_1_79' title='bbox 81 759 156 800; x_wconf 84' lang='lat' dir='ltr'>vel</span> <span class='ocrx_word' id='word_1_80' title='bbox 194 759 379 800; x_wconf 90' lang='lat' dir='ltr'>illorum</span> <span class='ocrx_word' id='word_1_81' title='bbox 415 760 620 800; x_wconf 90' lang='lat' dir='ltr'>inuidiae</span> <span class='ocrx_word' id='word_1_82' title='bbox 655 760 877 800; x_wconf 83' lang='lat' dir='ltr'>ascribat:</span> <span class='ocrx_word' id='word_1_83' title='bbox 917 760 1040 800; x_wconf 90' lang='lat' dir='ltr'>idem</span> <span class='ocrx_word' id='word_1_84' title='bbox 1071 761 1278 801; x_wconf 91' lang='lat' dir='ltr'>ciuitatis</span> <span class='ocrx_word' id='word_1_85' title='bbox 1312 761 1499 801; x_wconf 89' lang='lat' dir='ltr'>nomine</span> <span class='ocrx_word' id='word_1_86' title='bbox 1530 774 1722 801; x_wconf 88' lang='lat' dir='ltr'>causam</span> 
     </span>
     <span class='ocr_line' id='line_1_11' title="bbox 80 831 1721 882; baseline 0.001 -12"><span class='ocrx_word' id='word_1_87' title='bbox 80 836 292 871; x_wconf 89' lang='lat' dir='ltr'>nostram</span> <span class='ocrx_word' id='word_1_88' title='bbox 328 832 451 882; x_wconf 88' lang='lat' dir='ltr'>apud</span> <span class='ocrx_word' id='word_1_89' title='bbox 472 831 623 872; x_wconf 72' lang='lat' dir='ltr'>Rmum</span> <span class='ocrx_word' id='word_1_90' title='bbox 645 837 689 871; x_wconf 93' lang='lat' dir='ltr'>et</span> <span class='ocrx_word' id='word_1_91' title='bbox 709 831 1081 871; x_wconf 88' lang='lat' dir='ltr'>Illustrissimum</span> <span class='ocrx_word' id='word_1_92' title='bbox 1115 831 1416 872; x_wconf 88' lang='lat' dir='ltr'>Cardinalem</span> <span class='ocrx_word' id='word_1_93' title='bbox 1446 832 1721 873; x_wconf 88' lang='lat' dir='ltr'>Perusinum</span> 
     </span>
     <span class='ocr_line' id='line_1_12' title="bbox 82 901 1722 954; baseline 0.002 -13"><span class='ocrx_word' id='word_1_94' title='bbox 82 901 194 952; x_wconf 81' lang='lat' dir='ltr'>agit,</span> <span class='ocrx_word' id='word_1_95' title='bbox 225 913 281 941; x_wconf 93' lang='lat' dir='ltr'>ac</span> <span class='ocrx_word' id='word_1_96' title='bbox 312 902 368 941; x_wconf 95' lang='lat' dir='ltr'>de</span> <span class='ocrx_word' id='word_1_97' title='bbox 395 902 633 942; x_wconf 86' lang='lat' dir='ltr'>fundando</span> <span class='ocrx_word' id='word_1_98' title='bbox 655 902 865 953; x_wconf 83' lang='lat' dir='ltr'>Collegio</span> <span class='ocrx_word' id='word_1_99' title='bbox 898 903 1133 942; x_wconf 88' lang='lat' dir='ltr'>sollicitat.</span> <span class='ocrx_word' id='word_1_100' title='bbox 1158 902 1273 943; x_wconf 84' lang='lat' dir='ltr'>Sunt</span> <span class='ocrx_word' id='word_1_101' title='bbox 1305 909 1349 943; x_wconf 88' lang='lat' dir='ltr'>et</span> <span class='ocrx_word' id='word_1_102' title='bbox 1377 915 1525 954; x_wconf 86' lang='lat' dir='ltr'>nuper</span> <span class='ocrx_word' id='word_1_103' title='bbox 1547 904 1722 944; x_wconf 79' lang='lat' dir='ltr'>reditus</span> 
     </span>
     <span class='ocr_line' id='line_1_13' title="bbox 75 971 1721 1024; baseline 0.001 -12"><span class='ocrx_word' id='word_1_104' title='bbox 75 973 224 1012; x_wconf 25' lang='lat' dir='ltr'>&#39;annui</span> <span class='ocrx_word' id='word_1_105' title='bbox 244 971 469 1013; x_wconf 85' lang='lat' dir='ltr'>Societati</span> <span class='ocrx_word' id='word_1_106' title='bbox 490 973 770 1024; x_wconf 86' lang='lat' dir='ltr'>consignati.</span> <span class='ocrx_word' id='word_1_107' title='bbox 794 973 1012 1014; x_wconf 86' lang='lat' dir='ltr'>Nonnulli</span> <span class='ocrx_word' id='word_1_108' title='bbox 1037 985 1149 1014; x_wconf 90' lang='lat' dir='ltr'>suos</span> <span class='ocrx_word' id='word_1_109' title='bbox 1170 974 1304 1014; x_wconf 89' lang='lat' dir='ltr'>nobis</span> <span class='ocrx_word' id='word_1_110' title='bbox 1327 974 1444 1014; x_wconf 88' lang='lat' dir='ltr'>filios</span> <span class='ocrx_word' id='word_1_111' title='bbox 1468 974 1721 1015; x_wconf 83' lang='lat' dir='ltr'>informan-</span> 
     </span>
     <span class='ocr_line' id='line_1_14' title="bbox 83 1043 537 1085; baseline -0.002 -2"><span class='ocrx_word' id='word_1_112' title='bbox 83 1043 171 1083; x_wconf 85' lang='lat' dir='ltr'>dos</span> <span class='ocrx_word' id='word_1_113' title='bbox 188 1044 537 1085; x_wconf 88' lang='lat' dir='ltr'>commiserunt.</span> 
     </span>
    </p>

    <p class='ocr_par' dir='ltr' id='par_1_3' title="bbox 38 1115 1722 1439">
     <span class='ocr_line' id='line_1_15' title="bbox 159 1115 1718 1168; baseline 0.001 -13"><span class='ocrx_word' id='word_1_114' title='bbox 159 1115 231 1155; x_wconf 81' lang='lat' dir='ltr'>Ex</span> <span class='ocrx_word' id='word_1_115' title='bbox 264 1115 337 1155; x_wconf 90' lang='lat' dir='ltr'>his</span> <span class='ocrx_word' id='word_1_116' title='bbox 372 1121 416 1155; x_wconf 88' lang='lat' dir='ltr'>et</span> <span class='ocrx_word' id='word_1_117' title='bbox 449 1117 590 1166; x_wconf 83' lang='lat' dir='ltr'>longe</span> <span class='ocrx_word' id='word_1_118' title='bbox 624 1116 834 1167; x_wconf 84' lang='lat' dir='ltr'>pluribus</span> <span class='ocrx_word' id='word_1_119' title='bbox 869 1116 984 1156; x_wconf 91' lang='lat' dir='ltr'>satis</span> <span class='ocrx_word' id='word_1_120' title='bbox 1015 1128 1248 1168; x_wconf 87' lang='lat' dir='ltr'>superque</span> <span class='ocrx_word' id='word_1_121' title='bbox 1277 1117 1590 1167; x_wconf 83' lang='lat' dir='ltr'>cognouimus</span> <span class='ocrx_word' id='word_1_122' title='bbox 1626 1129 1718 1158; x_wconf 89' lang='lat' dir='ltr'>non</span> 
     </span>
     <span class='ocr_line' id='line_1_16' title="bbox 78 1186 1720 1239; baseline 0.002 -14"><span class='ocrx_word' id='word_1_123' title='bbox 78 1197 218 1236; x_wconf 90' lang='lat' dir='ltr'>posse</span> <span class='ocrx_word' id='word_1_124' title='bbox 254 1186 340 1226; x_wconf 92' lang='lat' dir='ltr'>sub</span> <span class='ocrx_word' id='word_1_125' title='bbox 371 1187 527 1227; x_wconf 91' lang='lat' dir='ltr'>modio</span> <span class='ocrx_word' id='word_1_126' title='bbox 562 1188 803 1227; x_wconf 87' lang='lat' dir='ltr'>lucernam</span> <span class='ocrx_word' id='word_1_127' title='bbox 835 1186 1125 1237; x_wconf 81' lang='lat' dir='ltr'>delitescere,</span> <span class='ocrx_word' id='word_1_128' title='bbox 1162 1199 1302 1239; x_wconf 88' lang='lat' dir='ltr'>quam</span> <span class='ocrx_word' id='word_1_129' title='bbox 1338 1199 1478 1239; x_wconf 89' lang='lat' dir='ltr'>super</span> <span class='ocrx_word' id='word_1_130' title='bbox 1506 1189 1720 1228; x_wconf 87' lang='lat' dir='ltr'>candela-</span> 
     </span>
     <span class='ocr_line' id='line_1_17' title="bbox 76 1256 1720 1310; baseline 0.002 -15"><span class='ocrx_word' id='word_1_131' title='bbox 76 1256 228 1306; x_wconf 85' lang='lat' dir='ltr'>brum,</span> <span class='ocrx_word' id='word_1_132' title='bbox 259 1263 308 1297; x_wconf 86' lang='lat' dir='ltr'>vt</span> <span class='ocrx_word' id='word_1_133' title='bbox 338 1258 552 1298; x_wconf 88' lang='lat' dir='ltr'>omnibus</span> <span class='ocrx_word' id='word_1_134' title='bbox 586 1259 753 1309; x_wconf 90' lang='lat' dir='ltr'>luceat,</span> <span class='ocrx_word' id='word_1_135' title='bbox 784 1258 999 1299; x_wconf 85' lang='lat' dir='ltr'>Christus</span> <span class='ocrx_word' id='word_1_136' title='bbox 1031 1270 1134 1298; x_wconf 90' lang='lat' dir='ltr'>esse</span> <span class='ocrx_word' id='word_1_137' title='bbox 1162 1259 1326 1307; x_wconf 84' lang='lat' dir='ltr'>Voluit,</span> <span class='ocrx_word' id='word_1_138' title='bbox 1365 1259 1720 1310; x_wconf 83' lang='lat' dir='ltr'>oppugnariquc</span> 
     </span>
     <span class='ocr_line' id='line_1_18' title="bbox 77 1327 1722 1381; baseline 0.002 -14"><span class='ocrx_word' id='word_1_139' title='bbox 77 1327 157 1368; x_wconf 86' lang='lat' dir='ltr'>diu</span> <span class='ocrx_word' id='word_1_140' title='bbox 187 1339 323 1379; x_wconf 90' lang='lat' dir='ltr'>posse</span> <span class='ocrx_word' id='word_1_141' title='bbox 345 1329 611 1378; x_wconf 87' lang='lat' dir='ltr'>veritatem,</span> <span class='ocrx_word' id='word_1_142' title='bbox 648 1329 749 1370; x_wconf 84' lang='lat' dir='ltr'>sore</span> <span class='ocrx_word' id='word_1_143' title='bbox 785 1336 944 1370; x_wconf 87' lang='lat' dir='ltr'>tamen</span> <span class='ocrx_word' id='word_1_144' title='bbox 979 1330 1169 1370; x_wconf 87' lang='lat' dir='ltr'>tandem</span> <span class='ocrx_word' id='word_1_145' title='bbox 1204 1330 1456 1381; x_wconf 81' lang='lat' dir='ltr'>aliquando</span> <span class='ocrx_word' id='word_1_146' title='bbox 1493 1341 1598 1370; x_wconf 89' lang='lat' dir='ltr'>cum</span> <span class='ocrx_word' id='word_1_147' title='bbox 1633 1331 1722 1370; x_wconf 91' lang='lat' dir='ltr'>elu-</span> 
     </span>
     <span class='ocr_line' id='line_1_19' title="bbox 38 1402 253 1439; baseline 0.005 -1"><span class='ocrx_word' id='word_1_148' title='bbox 38 1402 41 1405; x_wconf 69' lang='grc'><em>“</em></span> <span class='ocrx_word' id='word_1_149' title='bbox 77 1405 253 1439; x_wconf 86' lang='lat' dir='ltr'>cescat.</span> 
     </span>
    </p>

    <p class='ocr_par' dir='ltr' id='par_1_4' title="bbox 73 1469 1721 1666">
     <span class='ocr_line' id='line_1_20' title="bbox 157 1469 1721 1523; baseline 0.002 -14"><span class='ocrx_word' id='word_1_150' title='bbox 157 1469 218 1510; x_wconf 90' lang='lat' dir='ltr'>Hi</span> <span class='ocrx_word' id='word_1_151' title='bbox 239 1478 346 1511; x_wconf 89' lang='lat' dir='ltr'>sunt</span> <span class='ocrx_word' id='word_1_152' title='bbox 368 1471 526 1522; x_wconf 81' lang='lat' dir='ltr'>igitur,</span> <span class='ocrx_word' id='word_1_153' title='bbox 550 1471 656 1512; x_wconf 74' lang='lat' dir='ltr'>R.de</span> <span class='ocrx_word' id='word_1_154' title='bbox 674 1473 719 1512; x_wconf 87' lang='lat' dir='ltr'>in</span> <span class='ocrx_word' id='word_1_155' title='bbox 741 1472 882 1513; x_wconf 86' lang='lat' dir='ltr'>Chro.</span> <span class='ocrx_word' id='word_1_156' title='bbox 908 1472 1002 1523; x_wconf 81' lang='lat' dir='ltr'>P.¹·,</span> <span class='ocrx_word' id='word_1_157' title='bbox 1027 1484 1144 1523; x_wconf 88' lang='lat' dir='ltr'>quos</span> <span class='ocrx_word' id='word_1_158' title='bbox 1172 1484 1231 1512; x_wconf 82' lang='lat' dir='ltr'>ex</span> <span class='ocrx_word' id='word_1_159' title='bbox 1254 1473 1342 1512; x_wconf 84' lang='lat' dir='ltr'>hac</span> <span class='ocrx_word' id='word_1_160' title='bbox 1370 1472 1507 1512; x_wconf 88' lang='lat' dir='ltr'>vinea</span> <span class='ocrx_word' id='word_1_161' title='bbox 1540 1472 1721 1512; x_wconf 86' lang='lat' dir='ltr'>fructus</span> 
     </span>
     <span class='ocr_line' id='line_1_21' title="bbox 73 1542 1717 1595; baseline 0.001 -14"><span class='ocrx_word' id='word_1_162' title='bbox 73 1552 290 1581; x_wconf 85' lang='lat' dir='ltr'>summus</span> <span class='ocrx_word' id='word_1_163' title='bbox 307 1542 381 1582; x_wconf 92' lang='lat' dir='ltr'>ille</span> <span class='ocrx_word' id='word_1_164' title='bbox 404 1554 459 1582; x_wconf 87' lang='lat' dir='ltr'>ac</span> <span class='ocrx_word' id='word_1_165' title='bbox 476 1543 664 1595; x_wconf 89' lang='lat' dir='ltr'>sapiens</span> <span class='ocrx_word' id='word_1_166' title='bbox 684 1544 896 1595; x_wconf 86' lang='lat' dir='ltr'>agricola</span> <span class='ocrx_word' id='word_1_167' title='bbox 917 1544 1074 1593; x_wconf 87' lang='lat' dir='ltr'>refert,</span> <span class='ocrx_word' id='word_1_168' title='bbox 1103 1545 1261 1595; x_wconf 90' lang='lat' dir='ltr'>plures</span> <span class='ocrx_word' id='word_1_169' title='bbox 1283 1543 1448 1595; x_wconf 91' lang='lat' dir='ltr'>opinor</span> <span class='ocrx_word' id='word_1_170' title='bbox 1470 1545 1717 1595; x_wconf 78' lang='lat' dir='ltr'>relaturuS,</span> 
     </span>
     <span class='ocr_line' id='line_1_22' title="bbox 75 1612 860 1666; baseline 0.003 -15"><span class='ocrx_word' id='word_1_171' title='bbox 75 1612 291 1664; x_wconf 15' lang='lat' dir='ltr'>sivplures</span> <span class='ocrx_word' id='word_1_172' title='bbox 314 1613 390 1653; x_wconf 89' lang='lat' dir='ltr'>hic</span> <span class='ocrx_word' id='word_1_173' title='bbox 411 1625 619 1655; x_wconf 90' lang='lat' dir='ltr'>essemus</span> <span class='ocrx_word' id='word_1_174' title='bbox 641 1615 860 1666; x_wconf 88' lang='lat' dir='ltr'>operarii.</span> 
     </span>
    </p>

    <p class='ocr_par' dir='ltr' id='par_1_5' title="bbox 68 1683 1717 2025">
     <span class='ocr_line' id='line_1_23' title="bbox 157 1683 1717 1737; baseline 0.001 -13"><span class='ocrx_word' id='word_1_175' title='bbox 157 1683 249 1724; x_wconf 87' lang='lat' dir='ltr'>Sed</span> <span class='ocrx_word' id='word_1_176' title='bbox 270 1684 387 1725; x_wconf 90' lang='lat' dir='ltr'>haec</span> <span class='ocrx_word' id='word_1_177' title='bbox 408 1685 539 1725; x_wconf 88' lang='lat' dir='ltr'>satis.</span> <span class='ocrx_word' id='word_1_178' title='bbox 561 1685 673 1726; x_wconf 91' lang='lat' dir='ltr'>Tuis</span> <span class='ocrx_word' id='word_1_179' title='bbox 693 1697 780 1727; x_wconf 89' lang='lat' dir='ltr'>nos</span> <span class='ocrx_word' id='word_1_180' title='bbox 800 1686 988 1727; x_wconf 88' lang='lat' dir='ltr'>interim</span> <span class='ocrx_word' id='word_1_181' title='bbox 1010 1687 1228 1737; x_wconf 87' lang='lat' dir='ltr'>precibus</span> <span class='ocrx_word' id='word_1_182' title='bbox 1244 1686 1304 1726; x_wconf 88' lang='lat' dir='ltr'>ad</span> <span class='ocrx_word' id='word_1_183' title='bbox 1321 1685 1591 1736; x_wconf 89' lang='lat' dir='ltr'>Dominum,</span> <span class='ocrx_word' id='word_1_184' title='bbox 1617 1698 1717 1726; x_wconf 59' lang='lat' dir='ltr'>cae&lt;</span> 
     </span>
     <span class='ocr_line' id='line_1_24' title="bbox 73 1755 1716 1807; baseline 0.001 -13"><span class='ocrx_word' id='word_1_185' title='bbox 73 1761 377 1807; x_wconf 75' lang='lat' dir='ltr'>tei-orumque</span> <span class='ocrx_word' id='word_1_186' title='bbox 400 1756 592 1797; x_wconf 84' lang='lat' dir='ltr'>Patrum</span> <span class='ocrx_word' id='word_1_187' title='bbox 624 1769 680 1798; x_wconf 90' lang='lat' dir='ltr'>ac</span> <span class='ocrx_word' id='word_1_188' title='bbox 707 1757 908 1798; x_wconf 85' lang='lat' dir='ltr'>fratrum</span> <span class='ocrx_word' id='word_1_189' title='bbox 929 1757 1098 1798; x_wconf 80' lang='lat' dir='ltr'>obnixe</span> <span class='ocrx_word' id='word_1_190' title='bbox 1129 1757 1527 1798; x_wconf 85' lang='lat' dir='ltr'>commendamus.</span> <span class='ocrx_word' id='word_1_191' title='bbox 1552 1755 1716 1807; x_wconf 85' lang='lat' dir='ltr'>Spera-</span> 
     </span>
     <span class='ocr_line' id='line_1_25' title="bbox 76 1827 1716 1880; baseline 0.001 -14"><span class='ocrx_word' id='word_1_192' title='bbox 76 1837 178 1866; x_wconf 89' lang='lat' dir='ltr'>mus</span> <span class='ocrx_word' id='word_1_193' title='bbox 195 1827 318 1867; x_wconf 87' lang='lat' dir='ltr'>enim</span> <span class='ocrx_word' id='word_1_194' title='bbox 334 1827 434 1868; x_wconf 86' lang='lat' dir='ltr'>fore</span> <span class='ocrx_word' id='word_1_195' title='bbox 452 1834 502 1868; x_wconf 89' lang='lat' dir='ltr'>vt</span> <span class='ocrx_word' id='word_1_196' title='bbox 519 1829 609 1868; x_wconf 87' lang='lat' dir='ltr'>illis</span> <span class='ocrx_word' id='word_1_197' title='bbox 628 1829 884 1869; x_wconf 88' lang='lat' dir='ltr'>alacriores</span> <span class='ocrx_word' id='word_1_198' title='bbox 901 1836 946 1869; x_wconf 89' lang='lat' dir='ltr'>et</span> <span class='ocrx_word' id='word_1_199' title='bbox 963 1828 1022 1869; x_wconf 89' lang='lat' dir='ltr'>ad</span> <span class='ocrx_word' id='word_1_200' title='bbox 1040 1829 1198 1869; x_wconf 90' lang='lat' dir='ltr'>diuina</span> <span class='ocrx_word' id='word_1_201' title='bbox 1212 1829 1401 1880; x_wconf 86' lang='lat' dir='ltr'>pietatis</span> <span class='ocrx_word' id='word_1_202' title='bbox 1419 1827 1570 1868; x_wconf 88' lang='lat' dir='ltr'>officia</span> <span class='ocrx_word' id='word_1_203' title='bbox 1589 1840 1716 1868; x_wconf 81' lang='lat' dir='ltr'>exer-</span> 
     </span>
     <span class='ocr_line' id='line_1_26' title="bbox 68 1897 1715 1951; baseline 0.001 -14"><span class='ocrx_word' id='word_1_204' title='bbox 68 1897 223 1938; x_wconf 84' lang='lat' dir='ltr'>cenda</span> <span class='ocrx_word' id='word_1_205' title='bbox 243 1898 463 1939; x_wconf 85' lang='lat' dir='ltr'>fortiores</span> <span class='ocrx_word' id='word_1_206' title='bbox 484 1899 650 1946; x_wconf 77' lang='lat' dir='ltr'>effecti.</span> <span class='ocrx_word' id='word_1_207' title='bbox 675 1906 862 1951; x_wconf 81' lang='lat' dir='ltr'>gratum</span> <span class='ocrx_word' id='word_1_208' title='bbox 884 1900 1088 1940; x_wconf 91' lang='lat' dir='ltr'>Domino</span> <span class='ocrx_word' id='word_1_209' title='bbox 1111 1906 1404 1951; x_wconf 88' lang='lat' dir='ltr'>praestemus</span> <span class='ocrx_word' id='word_1_210' title='bbox 1427 1900 1715 1950; x_wconf 83' lang='lat' dir='ltr'>obsequium.</span> 
     </span>
     <span class='ocr_line' id='line_1_27' title="bbox 73 1968 931 2025; baseline 0.002 -16"><span class='ocrx_word' id='word_1_211' title='bbox 73 1968 310 2021; x_wconf 88' lang='lat' dir='ltr'>Perusiae,</span> <span class='ocrx_word' id='word_1_212' title='bbox 332 1970 358 2010; x_wconf 78' lang='lat'>8</span> <span class='ocrx_word' id='word_1_213' title='bbox 379 1970 612 2012; x_wconf 88' lang='lat' dir='ltr'>Calendas</span> <span class='ocrx_word' id='word_1_214' title='bbox 634 1971 759 2025; x_wconf 88' lang='lat' dir='ltr'>Junii</span> <span class='ocrx_word' id='word_1_215' title='bbox 777 1972 788 1991; x_wconf 90' lang='lat'>¹</span> <span class='ocrx_word' id='word_1_216' title='bbox 815 1972 931 2012; x_wconf 73' lang='lat'>1554.</span> 
     </span>
    </p>

    <p class='ocr_par' dir='ltr' id='par_1_6' title="bbox 153 2041 1179 2095">
     <span class='ocr_line' id='line_1_28' title="bbox 153 2041 1179 2095; baseline 0.003 -14"><span class='ocrx_word' id='word_1_217' title='bbox 153 2041 283 2082; x_wconf 88' lang='lat' dir='ltr'>Tuus</span> <span class='ocrx_word' id='word_1_218' title='bbox 304 2042 350 2082; x_wconf 89' lang='lat' dir='ltr'>in</span> <span class='ocrx_word' id='word_1_219' title='bbox 372 2042 512 2083; x_wconf 87' lang='lat' dir='ltr'>Chro.</span> <span class='ocrx_word' id='word_1_220' title='bbox 538 2055 702 2085; x_wconf 88' lang='lat' dir='ltr'>seruus</span> <span class='ocrx_word' id='word_1_221' title='bbox 723 2056 779 2085; x_wconf 91' lang='lat' dir='ltr'>ac</span> <span class='ocrx_word' id='word_1_222' title='bbox 801 2045 923 2085; x_wconf 86' lang='lat' dir='ltr'>filius</span> <span class='ocrx_word' id='word_1_223' title='bbox 944 2045 1179 2095; x_wconf 84' lang='lat' dir='ltr'>indignus,</span> 
     </span>
    </p>
   </div>
   <div class='ocr_carea' id='block_1_3' title="bbox 985 2186 1497 2227">
    <p class='ocr_par' dir='ltr' id='par_1_7' title="bbox 985 2186 1497 2227">
     <span class='ocr_line' id='line_1_29' title="bbox 985 2186 1497 2227; baseline -0.004 -1"><span class='ocrx_word' id='word_1_224' title='bbox 985 2187 1209 2227; x_wconf 79' lang='lat' dir='ltr'><strong>EMUNDUS</strong></span> <span class='ocrx_word' id='word_1_225' title='bbox 1240 2186 1497 2226; x_wconf 78' lang='lat' dir='ltr'>AUGERlus.</span> 
     </span>
    </p>
   </div>
   <div class='ocr_carea' id='block_1_4' title="bbox 68 2391 1712 2520">
    <p class='ocr_par' dir='ltr' id='par_1_8' title="bbox 68 2391 1712 2520">
     <span class='ocr_line' id='line_1_30' title="bbox 129 2391 1712 2431; baseline 0.001 -12"><span class='ocrx_word' id='word_1_226' title='bbox 129 2392 138 2411; x_wconf 93' lang='lat'>¹</span> <span class='ocrx_word' id='word_1_227' title='bbox 178 2391 231 2420; x_wconf 86' lang='lat' dir='ltr'>Sic</span> <span class='ocrx_word' id='word_1_228' title='bbox 248 2394 374 2427; x_wconf 75' lang='lat' dir='ltr'>legitur</span> <span class='ocrx_word' id='word_1_229' title='bbox 390 2394 422 2421; x_wconf 87' lang='lat' dir='ltr'>in</span> <span class='ocrx_word' id='word_1_230' title='bbox 438 2395 659 2429; x_wconf 76' lang='lat' dir='ltr'>apographis;</span> <span class='ocrx_word' id='word_1_231' title='bbox 678 2399 713 2422; x_wconf 85' lang='lat' dir='ltr'>at</span> <span class='ocrx_word' id='word_1_232' title='bbox 729 2396 850 2423; x_wconf 82' lang='lat' dir='ltr'>melius</span> <span class='ocrx_word' id='word_1_233' title='bbox 873 2396 1019 2423; x_wconf 71' lang='lat' dir='ltr'>sortasse</span> <span class='ocrx_word' id='word_1_234' title='bbox 1042 2397 1062 2423; x_wconf 79' lang='lat' dir='ltr'><em>S</em></span> <span class='ocrx_word' id='word_1_235' title='bbox 1086 2396 1255 2423; x_wconf 74' lang='lat' dir='ltr'>calendas</span> <span class='ocrx_word' id='word_1_236' title='bbox 1271 2395 1375 2431; x_wconf 74' lang='lat' dir='ltr'>sulti,</span> <span class='ocrx_word' id='word_1_237' title='bbox 1391 2401 1425 2423; x_wconf 84' lang='lat' dir='ltr'>ut</span> <span class='ocrx_word' id='word_1_238' title='bbox 1441 2399 1536 2430; x_wconf 78' lang='lat' dir='ltr'>patet</span> <span class='ocrx_word' id='word_1_239' title='bbox 1559 2403 1599 2421; x_wconf 74' lang='lat' dir='ltr'>cx</span> <span class='ocrx_word' id='word_1_240' title='bbox 1615 2398 1712 2421; x_wconf 72' lang='lat' dir='ltr'>aum-</span> 
     </span>
     <span class='ocr_line' id='line_1_31' title="bbox 68 2440 1710 2478; baseline 0.001 -11"><span class='ocrx_word' id='word_1_241' title='bbox 68 2440 206 2474; x_wconf 79' lang='lat' dir='ltr'>grapho</span> <span class='ocrx_word' id='word_1_242' title='bbox 221 2441 452 2475; x_wconf 82' lang='lat' dir='ltr'>praecedenti,</span> <span class='ocrx_word' id='word_1_243' title='bbox 470 2442 524 2469; x_wconf 84' lang='lat' dir='ltr'>ubi</span> <span class='ocrx_word' id='word_1_244' title='bbox 541 2442 687 2476; x_wconf 79' lang='lat' dir='ltr'>epistola</span> <span class='ocrx_word' id='word_1_245' title='bbox 703 2442 832 2477; x_wconf 77' lang='lat' dir='ltr'>scripta</span> <span class='ocrx_word' id='word_1_246' title='bbox 844 2444 970 2471; x_wconf 75' lang='lat' dir='ltr'>dicitur</span> <span class='ocrx_word' id='word_1_247' title='bbox 986 2444 1037 2471; x_wconf 83' lang='lat' dir='ltr'>die</span> <span class='ocrx_word' id='word_1_248' title='bbox 1048 2444 1082 2470; x_wconf 72' lang='lat'>⁴23</span> <span class='ocrx_word' id='word_1_249' title='bbox 1095 2443 1211 2478; x_wconf 78' lang='lat' dir='ltr'>sumi.</span> <span class='ocrx_word' id='word_1_250' title='bbox 1225 2443 1319 2476; x_wconf 83' lang='lat' dir='ltr'>Quod</span> <span class='ocrx_word' id='word_1_251' title='bbox 1334 2444 1463 2470; x_wconf 79' lang='lat' dir='ltr'>sirecte</span> <span class='ocrx_word' id='word_1_252' title='bbox 1477 2444 1531 2470; x_wconf 70' lang='lat' dir='ltr'>hic</span> <span class='ocrx_word' id='word_1_253' title='bbox 1547 2442 1710 2476; x_wconf 67' lang='lat' dir='ltr'>scriptum</span> 
     </span>
     <span class='ocr_line' id='line_1_32' title="bbox 68 2488 691 2520; baseline 0.003 -6"><span class='ocrx_word' id='word_1_254' title='bbox 68 2491 125 2514; x_wconf 75' lang='lat' dir='ltr'>cst</span> <span class='ocrx_word' id='word_1_255' title='bbox 142 2488 174 2520; x_wconf 76' lang='lat'>8,</span> <span class='ocrx_word' id='word_1_256' title='bbox 188 2488 268 2515; x_wconf 82' lang='lat' dir='ltr'>tunc</span> <span class='ocrx_word' id='word_1_257' title='bbox 286 2489 454 2516; x_wconf 79' lang='lat' dir='ltr'>versionis</span> <span class='ocrx_word' id='word_1_258' title='bbox 470 2489 540 2516; x_wconf 83' lang='lat' dir='ltr'>dies</span> <span class='ocrx_word' id='word_1_259' title='bbox 553 2490 618 2517; x_wconf 83' lang='lat' dir='ltr'>erit</span> <span class='ocrx_word' id='word_1_260' title='bbox 636 2490 691 2517; x_wconf 64' lang='lat'>24.</span> 
     </span>
    </p>
   </div>
  </div>
 </body>
</html>
