2028 3328
243 224 313 260 708
747 224 975 261 LITTERAE
1003 234 1366 268 QUADmMEsTREs

241 321 336 371 piet
358 321 499 360 etiam
521 326 564 360 et
587 321 767 371 domus,
791 321 897 361 licet
926 321 1112 372 exigua,
1138 332 1219 372 per
1248 331 1457 360 amorem
1478 320 1699 371 eiusdem,
1735 333 1875 374 quem

241 404 346 432 cum
369 392 487 431 coeli
510 403 677 443 capere
700 404 792 432 non
813 398 1020 443 possent,
1044 392 1193 443 potuit
1212 398 1368 431 tamen
1389 392 1528 431 Vnius
1545 391 1756 443 Virginis
1774 399 1868 433 vte-

241 474 320 503 rus
338 463 567 514 accipere.

321 533 598 575 Scholastici
620 533 716 574 fere
738 533 924 574 ducenti
947 540 1053 573 sunt
1070 544 1280 581 numero,
1302 545 1438 584 quem
1460 533 1506 573 in
1523 534 1622 574 dies
1644 535 1795 585 magis
1818 546 1873 575 ac

239 605 391 655 magis
426 605 632 656 quotidie
673 605 997 656 pullulantium
1038 603 1390 644 adolescentum
1429 605 1674 645 multitudo
1711 613 1871 657 auget,

240 676 404 716 messis
426 676 612 727 quidem
633 682 828 727 apparet
848 677 1007 724 multa,
1033 675 1236 725 operarii
1258 681 1413 715 autem
1434 675 1586 726 pauci3
1616 676 1698 716 sed
1720 688 1871 728 neque

239 747 394 787 omnia
425 758 673 798 possumus
702 758 862 786 omnes
895 757 1044 797 neque
1074 751 1244 785 cuncta
1273 746 1535 797 expetenda
1566 753 1672 787 sunt
1705 747 1763 787 ad
1796 760 1874 788 no-

239 826 387 858 strum
408 824 582 858 votum.
607 817 762 857 Verus
784 816 1127 856 Paterfamilias
1149 816 1363 857 Christus
1384 816 1520 869 Jesus
1542 818 1695 858 mittat
1716 830 1873 870 quam-

238 889 462 941 plurimos
486 889 727 940 operarios
750 889 796 928 in
817 888 1006 927 vineam
1028 898 1169 938 quam
1190 887 1421 938 plantauit
1443 887 1638 928 dextera
1661 900 1763 930 sua.

318 960 556 1001 Exercitia
578 959 785 1000 literaria
809 959 1049 999 crebriora
1076 965 1183 998 sunt
1204 959 1251 998 in
1273 958 1386 1009 dies,
1418 959 1633 1010 publicae
1663 960 1871 1012 aliquan-

239 1032 297 1071 do
319 1032 547 1071 habentur
570 1030 820 1080 orationes,
852 1029 1036 1070 interim
1067 1029 1266 1081 dialogis
1297 1030 1453 1070 latinis
1483 1042 1509 1070 a
1535 1031 1709 1071 nostris
1740 1031 1871 1071 disci-

238 1103 359 1154 pulis
380 1101 666 1152 compositis‚
691 1101 765 1141 vel
788 1113 813 1140 a
835 1100 1221 1152 praeceptoribus
1242 1101 1497 1151 translatis,
1522 1101 1702 1142 animos
1724 1102 1872 1143 refici-

238 1185 355 1214 mus.
385 1172 435 1213 In
462 1173 658 1223 singulis
688 1172 896 1212 sabbatis
924 1171 1209 1212 assertiones
1229 1172 1495 1212 rhetoricae
1522 1172 1792 1224 fulciuntur,
1825 1174 1872 1214 in

239 1245 342 1285 aliis
364 1245 504 1284 etiam
526 1244 754 1283 classibus
774 1255 858 1283 suo
881 1242 1068 1283 modulo
1090 1243 1361 1283 scholastici
1385 1244 1578 1283 alternis
1598 1244 1781 1285 vicibus
1807 1244 1869 1285 in-

238 1321 481 1366 terrogant
498 1321 541 1354 et
564 1314 864 1366 respondent:
889 1314 1055 1366 quibus
1072 1314 1201 1354 hisce
1219 1314 1434 1354 omnibus
1452 1314 1568 1355 adeo
1586 1315 1872 1356 studentium

238 1387 422 1427 animus
455 1386 730 1436 deuincitur,
763 1391 814 1425 vt
840 1385 1002 1425 nullibi
1034 1386 1127 1425 iam
1158 1392 1350 1436 possent
1383 1386 1615 1426 lubentius
1647 1387 1873 1428 lectiones

238 1457 400 1498 audire
423 1469 562 1509 quam
585 1456 708 1508 apud
730 1463 981 1496 nostrates.

317 1528 433 1570 Sunt
454 1535 497 1568 et
520 1528 611 1568 alia
632 1527 823 1568 maioris
845 1527 1037 1576 ordinis,
1062 1528 1108 1568 in
1130 1527 1298 1579 quibus
1320 1527 1478 1567 diuina
1499 1528 1756 1570 liberalitas
1778 1529 1872 1570 the·

237 1611 403 1640 sauros
424 1599 776 1639 misericordiae
797 1610 910 1639 suae
931 1598 1269 1650 benignissime
1291 1599 1466 1649 pandit.
1486 1599 1605 1640 Nam
1623 1606 1666 1640 et
1684 1600 1871 1652 aliquae

237 1671 553 1711 nobilissimae
583 1670 833 1721 foeminae,
866 1682 984 1722 quae
1013 1676 1225 1712 nostrum
1260 1672 1433 1712 adeunt
1463 1672 1701 1722 sacellum,
1732 1679 1871 1713 antea

236 1743 400 1783 solitae
422 1748 465 1782 et
488 1754 603 1782 auro
626 1747 670 1782 et
690 1741 890 1793 gemmis
912 1747 956 1782 et
978 1742 1195 1792 pretiosis
1212 1742 1462 1783 monilibus
1485 1743 1720 1794 exornari,
1746 1743 1871 1784 omni

235 1814 329 1854 iam
350 1813 585 1853 mundano
607 1813 730 1853 fastu
752 1813 982 1864 deposito,
1016 1813 1358 1854 moderatiores
1385 1814 1620 1865 incedunt,
1645 1821 1689 1855 et
1718 1815 1871 1866 placet

235 1886 329 1925 iam
351 1885 406 1925 de
428 1885 567 1925 rebus
591 1884 762 1924 diuinis
783 1884 982 1924 miscere
1006 1896 1262 1925 sermones:
1288 1885 1407 1925 aliae
1428 1897 1542 1925 vero
1570 1885 1770 1926 orationi
1790 1898 1870 1926 va-

237 1962 359 2006 cant,
385 1962 428 1996 et
449 1956 588 1996 rebus
610 1956 931 2007 spiritualibus
954 1967 1147 2007 operam
1169 1955 1282 1996 dare
1303 1962 1540 2007 satagunt,
1566 1963 1665 1997 tum
1687 1957 1747 1997 ad
1763 1969 1869 1998 con-

234 2027 485 2068 fessionem
507 2034 550 2067 et
571 2038 758 2067 sacram
785 2026 1133 2067 Eucharistiam
1161 2027 1431 2068 adueniunt.
1456 2028 1682 2068 Virorum
1713 2034 1871 2069 autem

234 2099 450 2150 quamuis
471 2110 563 2138 non
586 2098 700 2138 adeo
728 2109 931 2149 magnus
958 2104 1027 2138 est
1056 2109 1294 2148 numerUS,
1323 2098 1387 2138 illi
1408 2104 1580 2149 tamen,
1605 2099 1683 2150 qui
1706 2099 1765 2139 ad
1783 2112 1870 2140 nos

236 2170 444 2219 veniunt,
475 2170 701 2221 probatae
728 2175 836 2209 sunt
863 2168 985 2218 fidei,
1019 2174 1065 2209 et
1092 2169 1383 2209 incessanter
1411 2177 1731 2221 perseuerant.
1763 2170 1869 2211 Non

236 2248 304 2281 est
335 2241 519 2281 silentio
549 2240 932 2292 supprimendum
963 2239 988 2290 ¹,
1018 2239 1143 2291 quod
1178 2251 1273 2280 non
1307 2240 1464 2280 multis
1499 2241 1670 2281 abhinc
1706 2242 1868 2282 diebus

236 2312 364 2352 Deus
390 2318 549 2353 noster
575 2323 659 2363 pro
687 2323 773 2351 sua
800 2311 973 2363 pietate
1001 2311 1187 2362 operari
1209 2310 1430 2362 dignatus
1452 2317 1543 2362 est;
1574 2324 1685 2352 nam
1705 2319 1751 2353 et
1772 2314 1867 2364 qui-

235 2383 364 2433 dam,
399 2383 472 2423 cui
506 2383 681 2434 absque
708 2382 1023 2434 poenitentiae
1051 2388 1349 2422 sacramento
1379 2382 1548 2433 Viginti
1586 2389 1631 2423 et
1666 2390 1868 2435 quatuor

234 2454 382 2506 elapsi
402 2454 585 2494 fuerant
606 2453 731 2503 anni,
754 2453 1013 2493 mutatione
1035 2452 1256 2493 dexterae
1274 2452 1461 2493 Excelsi
1478 2453 1537 2493 ad
1553 2453 1725 2494 bonam
1741 2466 1866 2494 men·

234 2532 329 2565 tem
348 2532 614 2575 reuocatUS,
638 2536 799 2565 omnes
820 2523 1137 2564 conscientiae
1157 2523 1286 2564 sinus
1308 2525 1504 2576 aperuit,
1529 2532 1573 2565 et
1595 2536 1700 2565 cum
1721 2526 1866 2566 maxi·

235 2596 322 2636 mis
356 2596 504 2646 signis
537 2607 679 2636 verae
712 2595 1027 2647 poenitentiae
1057 2594 1302 2635 confessus
1337 2600 1420 2636 est.
1450 2595 1558 2636 Fuit
1589 2602 1633 2636 et
1660 2595 1867 2637 foemina

235 2666 479 2718 quaedam,
513 2678 648 2718 quae,
672 2666 920 2706 duodecim
950 2677 1098 2705 annos
1126 2672 1320 2717 peccato
1348 2667 1536 2707 mortali
1563 2668 1867 2719 pertinaciter

235 2737 510 2788 adhaerens,
531 2744 574 2777 et
586 2737 896 2777 confitebatur
911 2742 955 2777 et
968 2736 1027 2776 ad
1044 2737 1392 2777 sanctissimum
1409 2749 1579 2789 corpus
1598 2738 1773 2779 Christi
1788 2751 1866 2791 pu-

234 2808 352 2848 blice
372 2820 466 2848 non
485 2807 769 2848 formidabat
796 2806 1042 2858 accedere;
1075 2818 1181 2847 cum
1201 2812 1358 2847 tamen
1378 2808 1426 2848 in
1447 2808 1660 2848 omnibus
1689 2809 1867 2849 confes-

235 2878 443 2918 sionibus
460 2879 613 2918 sciens
630 2884 674 2918 et
689 2879 854 2918 volens
871 2889 1016 2918 vnum
1033 2878 1186 2918 celare
1203 2884 1450 2929 peccatum
1464 2880 1705 2931 voluisset3
1725 2891 1867 2931 quam

290 3036 300 3056 ¹
340 3035 395 3062 Sic
407 3037 440 3064 in
455 3038 565 3065 altero
580 3038 796 3071 autographo
811 3038 976 3072 exemplo;
987 3035 1135 3071 primum
1149 3035 1253 3064 habet
1269 3038 1534 3068 involvendum.
