2028 3328
836 79 918 115 ΑΝ.
950 79 1041 123 1554
1680 80 1746 117 211

201 179 290 218 Sed
309 178 444 218 venio
476 177 534 217 ad
555 176 739 229 pietatis
761 175 909 216 officia
932 188 958 215 a
989 175 1164 215 nostris
1187 175 1366 214 maiora
1387 186 1528 226 quam
1550 177 1748 216 antehac

120 249 358 299 germanis
380 249 619 299 praestita.
643 246 760 288 Nam
783 258 888 286 cum
914 247 959 285 in
995 246 1092 285 dies
1120 245 1271 295 magis
1293 257 1348 285 ac
1370 246 1520 296 magis
1543 245 1749 286 Societa-

120 320 178 360 tis
200 326 388 360 nostrae
410 319 613 370 cognitio
635 324 831 366 crescat,
856 317 904 357 fit
927 324 974 357 vt
996 317 1137 356 etiam
1157 318 1313 367 plures
1335 317 1549 366 germani
1569 323 1747 357 nostro-

119 403 223 430 rum
245 402 438 442 operam
459 391 518 430 ad
539 402 646 430 suos
668 388 873 429 infirmos
898 388 1156 427 visitandos
1192 387 1446 438 requirant,
1479 388 1643 439 quibus
1664 400 1750 439 pro

118 462 242 502 virili
263 462 536 502 satisfacere
557 461 832 510 studuimus3
857 471 966 499 nam
998 458 1210 510 plurimis
1237 469 1403 498 sacrae
1429 459 1657 499 ecclesiae
1678 471 1748 499 sa-

119 539 360 573 cramenta
394 533 580 573 fuerunt
614 531 939 572 administrata
974 542 1147 580 magno
1185 542 1290 570 cum
1325 530 1491 580 fructu,
1523 537 1573 570 vt
1608 531 1750 570 etiam

117 615 359 654 speremus
380 616 473 653 eos,
498 604 574 654 qui
596 602 932 644 conualuerunt
953 613 1166 652 corpore,
1190 601 1311 641 hanc
1333 601 1588 642 salutarem
1609 601 1748 641 medi-

118 676 274 715 cinam
295 675 483 715 sauciae
504 674 647 714 menti
663 673 950 725 frequentius
971 673 1276 712 adhibituros.

191 746 260 785 De
275 746 376 785 aliis
394 758 576 797 quoque
585 745 882 796 grauioribus
898 744 1037 784 rebus
1055 755 1195 795 saepe
1208 744 1514 784 consuluntur
1526 743 1610 784 PF.
1631 743 1750 792 NN.;

118 829 228 857 nam
249 816 306 857 D.
331 817 508 858 Canisii
535 828 676 868 opera
699 815 853 856 multis
881 815 927 855 in
960 815 1185 865 negociis,
1219 815 1462 866 religionis
1490 815 1751 855 catholicae

119 889 441 929 reformationi
462 888 816 940 pertinentibUS,
839 887 984 927 vtitur
1019 885 1168 937 Regia
1196 886 1436 936 Maiestas,
1468 886 1599 926 cuius
1622 887 1752 926 iussu

117 959 397 1000 adornatum
416 959 739 1011 compendium
757 958 996 999 doctrinae
1014 957 1298 997 christianae
1316 958 1409 998 iarn
1425 958 1550 1009 typis
1567 958 1754 997 deman-

119 1032 256 1071 datur
288 1031 313 1069 ¹.
348 1031 598 1071 Praeterea
625 1043 683 1071 ex
710 1029 1027 1070 contuberniis
1061 1029 1392 1080 studiosorum,
1433 1041 1551 1080 quae
1586 1029 1754 1069 bursas

118 1108 307 1150 vocant,
335 1103 560 1154 paulatim
595 1102 892 1142 eliminantur
919 1101 1213 1151 corruptelae
1241 1106 1285 1140 et
1314 1100 1501 1148 abusuS,
1539 1112 1594 1140 ac
1632 1101 1754 1140 bona

118 1174 429 1214 introducitur
451 1174 711 1225 disciplina.
735 1173 786 1213 In
806 1179 962 1213 monte
983 1172 1169 1223 quidem
1187 1178 1321 1211 aurto
1343 1170 1370 1222 2,
1395 1178 1446 1211 vt
1462 1178 1650 1222 vocant,
1675 1172 1756 1212 vbi

121 1245 371 1296 aliquando
394 1246 550 1297 plures
570 1250 676 1284 sunt
697 1256 837 1296 quarn
861 1243 936 1283 100
964 1255 1210 1295 pauperes,
1242 1243 1433 1294 exponit
1454 1242 1503 1283 P.
1529 1242 1756 1283 Godanus

121 1316 366 1356 dominicis
379 1316 540 1356 diebus
561 1328 587 1355 a
604 1316 800 1367 prandio
818 1315 1079 1355 doctrinam
1101 1314 1423 1365 christianam,
1447 1315 1615 1366 quibus
1637 1321 1680 1354 et
1699 1315 1756 1354 de

120 1388 332 1428 vestibus
353 1387 642 1439 prouidetur,
667 1387 871 1427 corrasis
891 1387 998 1426 hinc
1019 1386 1126 1426 inde
1148 1385 1271 1437 apud
1307 1386 1422 1425 istos
1444 1386 1678 1437 principes
1700 1398 1756 1426 ac

122 1458 298 1499 nobiles
320 1459 627 1499 eleemosinis.

202 1530 331 1570 Haec
355 1536 476 1578 sunt,
500 1529 550 1570 P.
573 1529 644 1578 R„
671 1541 789 1581 quae
810 1528 1057 1569 scribenda
1087 1540 1137 1569 se
1159 1528 1431 1579 offerebant,
1456 1540 1589 1580 quae,
1616 1529 1654 1568 si
1675 1529 1754 1569 mi-

120 1614 208 1641 nus
230 1607 336 1642 tuae
359 1598 673 1653 expectationi
694 1600 870 1641 faciunt
903 1600 1033 1651 satis,
1070 1612 1126 1640 eo
1155 1600 1387 1651 libentius,
1411 1606 1623 1640 nostram
1645 1600 1754 1640 fate-

122 1684 226 1713 mur
252 1673 602 1725 negligentiam,
627 1684 716 1724 quo
752 1684 837 1712 nos
866 1672 976 1712 hinc
1006 1671 1189 1712 facilius
1225 1683 1468 1723 speramus
1492 1672 1550 1711 V.
1583 1671 1632 1712 Ρ.
1656 1683 1758 1723 pre-

121 1756 228 1785 cum
261 1744 491 1784 iuuandos
526 1744 746 1788 subsidio,
775 1750 826 1783 vt
852 1755 1036 1795 semper
1063 1743 1404 1795 beneplacitam
1435 1742 1523 1783 Dei
1545 1744 1757 1783 volunta-

121 1823 215 1856 tem
235 1822 280 1855 et
302 1816 561 1866 intelligere
583 1822 626 1855 et
648 1815 902 1866 adimplere
924 1827 1164 1866 queamus.

202 1886 415 1927 Viennae
437 1887 483 1926 in
506 1887 713 1935 Austria,
737 1886 763 1926 4
785 1886 1015 1927 Calendas
1030 1886 1244 1939 januarii
1268 1886 1382 1925 1555.

202 1958 331 1999 Tuae
352 1958 652 1998 Paternitatis
674 1957 1026 2009 indignissimus
1048 1959 1262 1998 seruulus
1279 1965 1323 1997 et
1346 1958 1392 1997 in
1413 1956 1518 1997 D.¹¹0
1540 1957 1675 2008 filius,

710 2099 932 2139 ERARous
963 2099 1271 2140 AUANTIANUS
1302 2099 1594 2140 LEODIENSIS.

204 2312 558 2365 Superscrzptm
585 2313 635 2352 in
662 2315 836 2363 quarta
860 2313 1067 2364 pagina.
1104 2277 1215 2354 Hng.
1248 2313 1435 2354 Literae
1470 2314 1495 2353 4
1531 2315 1760 2355 mensium

122 2384 321 2436 Collegii
342 2384 397 2425 de
415 2383 650 2424 Societate
670 2384 780 2435 jesu
802 2383 924 2435 apud
948 2384 1183 2424 Viennam
1204 2384 1441 2425 Austriae.

203 2455 315 2496 Alia
336 2467 495 2496 mana.
524 2455 638 2494 1555.
661 2454 860 2494 Vienna.
886 2454 1265 2506 Quadrimestres
1285 2456 1338 2496 29
1358 2455 1650 2498 Decembris.

203 2527 361 2567 Extat
382 2525 643 2577 vestigium
660 2536 791 2565 cerae
808 2529 852 2565 et
872 2525 1042 2576 sigilli.

179 2663 189 2683 ¹
228 2663 348 2690 Sermo
364 2666 416 2690 est
432 2663 471 2689 de
492 2662 636 2689 Summa
663 2661 845 2688 doctrinae
869 2661 1103 2694 christianae,
1127 2662 1166 2689 de
1194 2670 1260 2697 qua
1277 2663 1354 2690 vide
1378 2663 1663 2698 BRAUNSBERGER,
1678 2665 1764 2693 Ent-

124 2710 276 2744 steltung
291 2711 365 2738 und
380 2712 473 2737 erste
488 2709 733 2743 Enth‘cklung
746 2709 809 2736 der
822 2708 1066 2736 Catechismen
1080 2710 1142 2737 des
1153 2710 1288 2744 selz'gen
1301 2711 1432 2738 Petrus
1444 2711 1621 2745 Canz'sz'uS,
1632 2718 1666 2741 et
1678 2714 1764 2749 ejus-

127 2758 202 2786 dem
218 2758 491 2786 BRAUNSBERGER
509 2757 644 2784 Canisii
658 2757 847 2791 Epistulae
860 2759 892 2784 et
905 2758 1042 2790 Acta,t.
1062 2765 1084 2792 1,
1100 2759 1304 2792 praesertim
1319 2766 1398 2794 pag.
1413 2760 1475 2788 522.

180 2805 194 2824 2
230 2806 366 2834 Attrita
381 2809 432 2833 est
448 2805 502 2832 hic
517 2805 640 2832 charta
654 2812 715 2832 nee
732 2805 870 2838 proinde
886 2806 971 2833 certi
983 2813 1097 2833 sumus
1113 2805 1191 2840 quid
1204 2807 1248 2833 sit
1263 2807 1440 2841 scriptum.
1456 2807 1632 2836 Ponmcus
1647 2812 1761 2836 autem

126 2853 161 2880 in
177 2852 354 2885 Chronico,
367 2853 389 2880 1.
405 2860 446 2885 c..
461 2852 697 2880 difficultatem
718 2853 829 2884 elusit.
852 2852 901 2880 ita
922 2853 1082 2880 scribens:
1099 2852 1156 2880 “ln
1181 2854 1328 2888 quadam
1354 2859 1470 2882 autem
1493 2857 1762 2890 congregatione

127 2906 326 2934 pauperum,
342 2899 397 2926 ubi
413 2904 548 2926 centum
563 2904 595 2926 et
611 2899 757 2933 amplius
772 2904 880 2932 erant,
897 2901 1087 2934 exponebat
1104 2900 1138 2928 Ρ.
1156 2900 1341 2928 Gaudanus
1347 2921 1416 2929 ......
1421 2923 1436 2937 „
