2028 3328
190 127 261 163 440
705 133 931 169 LITTERAE
959 144 1317 176 QUADRIMESTRES

192 235 331 274 quam
366 225 578 275 profecta
607 233 690 267 est.
722 227 839 268 Cum
867 228 1022 280 itaque
1054 229 1272 269 maritum
1301 229 1435 268 huius
1464 229 1653 280 quidam
1684 229 1822 272 Pater

193 294 387 341 audiret.
413 308 552 348 quam
574 297 673 337 eius
693 299 962 350 periculosa
983 300 1079 340 uita
1102 306 1224 339 esset
1254 300 1295 339 ei
1327 300 1648 349 demostrauit,
1679 308 1723 341 et
1747 302 1824 342 ad-

194 367 371 407 monuit
393 379 527 408 suam
548 375 597 408 ut
617 370 860 410 mulierem
885 371 1154 422 inquireret,
1180 369 1302 421 quod
1320 377 1363 410 et
1385 371 1482 421 ipse
1504 370 1627 411 fecit.

272 437 507 478 Mercator
534 440 722 490 quidam
750 441 795 480 in
823 440 1083 491 Collegium
1113 447 1325 480 nostrum
1359 442 1485 481 uenit
1516 454 1600 482 sua
1628 451 1824 493 peccata

193 508 590 559 manifestaturus,
616 518 659 550 et
681 511 800 551 inter
823 512 928 560 alia,
955 523 1073 562 quae
1101 511 1142 550 ei
1165 511 1482 552 confessarius
1509 513 1723 563 iniunxit,
1748 514 1823 553 ad-

193 580 372 620 monuit
402 581 544 629 illum‚
583 588 632 621 ut
659 582 906 633 quaedam,
932 594 1051 633 quae
1082 594 1174 621 non
1201 582 1317 622 bene
1353 594 1730 634 comparauerat,
1756 597 1825 625 re-

193 651 420 702 stitueret;
453 658 497 692 et
527 664 631 692 cum
663 653 723 693 20
755 653 905 693 eidem
935 653 1063 692 Patri
1093 653 1407 704 confiteretur,
1440 666 1589 706 neque
1621 666 1670 695 se
1699 667 1725 694 a
1747 667 1825 706 pa-

193 722 279 761 ctis
301 723 579 773 quibusdam
608 724 780 764 illicitis
810 724 1128 774 abstinuisset,
1160 736 1279 776 quae
1306 731 1444 765 antea
1473 726 1624 766 fuerat
1645 726 1821 766 confes--

193 804 286 843 sus,
310 793 447 833 Pater
468 795 514 833 in
537 804 710 845 quanto
732 796 938 846 periculo
962 795 1057 834 uita
1080 795 1178 836 eius
1200 803 1470 836 uersaretur
1492 797 1661 836 iterum
1690 804 1829 848 atque

193 865 361 904 iterum
382 864 696 914 denunciauit,
721 865 843 916 quod
865 865 1232 916 perterrefactus
1248 866 1456 915 audiens,
1478 868 1668 908 vivendi
1686 869 1826 908 ratio-

193 947 299 975 nem
321 936 456 976 simul
479 943 522 976 et
544 948 699 976 mores
721 943 1013 977 commutare
1044 937 1266 989 decreuit,
1301 946 1344 978 et
1366 939 1472 978 licet
1502 939 1595 979 iam
1619 952 1644 979 a
1666 940 1822 980 multis

194 1007 328 1046 annis
351 1007 397 1046 in
418 1019 472 1047 eo
494 1008 619 1047 uitae
641 1008 852 1048 instituto
881 1016 1245 1060 perseuerasset,
1269 1009 1392 1049 unde
1423 1010 1610 1050 diuitias
1639 1011 1823 1051 abunde

195 1078 309 1117 satis
327 1072 700 1129 comparauefflt,
727 1079 851 1119 omni
869 1085 1025 1119 tamen
1047 1079 1342 1120 incommodo
1362 1088 1646 1132 contempt0‚
1668 1081 1830 1121 maluit

195 1148 381 1189 Christo
403 1150 538 1189 nouis
569 1150 746 1190 uiribus
775 1151 979 1191 militari.
1006 1150 1141 1201 Quod
1162 1151 1259 1191 fere
1280 1152 1403 1191 idem
1425 1153 1574 1203 alteri,
1609 1153 1685 1204 qui
1707 1153 1828 1192 simi-

195 1220 313 1259 libus
334 1220 511 1271 laqueis
534 1221 762 1260 auaritiae
780 1228 946 1273 captus
967 1230 1082 1272 erat,
1108 1223 1320 1273 contigit.

275 1291 381 1331 Fuit
401 1292 521 1331 alius
537 1291 693 1340 homo,
719 1293 794 1344 qui
813 1293 1057 1333 mulierem
1077 1305 1226 1342 suam,
1250 1294 1321 1333 ira
1342 1294 1542 1345 quadam
1568 1300 1826 1345 correptus,

197 1362 382 1402 uolebat
399 1362 674 1414 interficere,
700 1370 950 1415 propterea
975 1364 1097 1416 quod
1118 1365 1174 1413 ei,
1206 1365 1364 1405 nescio
1386 1365 1634 1416 quomodo,
1665 1365 1830 1405 mulier

196 1434 455 1473 membrum
494 1435 729 1485 quoddam
769 1436 1160 1485 obtruncauerat;
1202 1436 1325 1476 hunc
1367 1436 1602 1476 hominem
1641 1436 1830 1487 quidam

195 1504 334 1544 Pater
356 1506 599 1556 allocutus,
624 1518 730 1546 cum
752 1507 793 1546 ei
815 1508 960 1547 multa
978 1507 1187 1557 dixisset,
1207 1507 1349 1547 animi
1367 1507 1467 1547 eius
1488 1506 1830 1547 excandescen-

196 1575 308 1615 tiam
338 1576 447 1616 fecit
478 1577 666 1617 omnino
698 1577 959 1629 deseruere,
990 1584 1033 1618 et
1064 1578 1243 1627 mulier,
1269 1579 1401 1618 cuius
1429 1578 1525 1618 uita
1550 1578 1595 1618 in
1624 1579 1831 1630 periculo

205 1646 293 1686 sita
315 1654 429 1698 erat,
453 1653 552 1688 tuta
576 1649 765 1689 omnino
789 1649 953 1689 effecta
975 1656 1059 1690 est.

276 1717 411 1758 Alius
431 1719 590 1770 homo,
615 1720 693 1772 qui
714 1732 796 1771 per
818 1720 915 1761 dies
943 1721 1114 1760 multos
1142 1720 1450 1760 confessionis
1471 1728 1515 1760 et
1547 1720 1831 1760 communio-

199 1788 271 1828 nis
306 1799 602 1830 sacramenta
631 1791 1035 1843 frequentauerat,
1064 1791 1150 1832 fuit
1179 1792 1252 1832 die
1279 1791 1481 1843 quodam
1512 1802 1686 1841 magna
1723 1803 1832 1842 qua-

198 1860 323 1910 piam
355 1860 526 1901 iniuria
559 1863 827 1913 lacessitus,
859 1863 978 1903 alius
1006 1875 1207 1915 namque
1236 1863 1419 1914 publice
1450 1873 1555 1902 eum
1583 1863 1710 1913 ligno
1730 1874 1839 1913 per-⁷

199 1937 425 1982 eusserat;
449 1939 493 1972 et
515 1945 619 1973 cum
638 1934 714 1973 diu
737 1934 996 1985 ambigeret
1017 1934 1127 1985 quid
1147 1934 1233 1974 sibi
1248 1933 1515 1973 faciendum
1536 1940 1659 1973 esset
1681 1933 1728 1972 in
1743 1933 1833 1972 hac

198 2014 263 2053 re,
285 2003 413 2042 venit
435 2004 494 2043 ad
520 2016 625 2044 eum
646 2003 848 2056 Patrem,
881 2006 955 2045 cui
991 2005 1330 2045 conscientiam
1361 2004 1544 2056 aperire
1580 2015 1832 2044 consueue-

198 2079 290 2124 rat,
320 2080 368 2114 ut
396 2075 453 2114 ab
485 2076 648 2115 eodem
684 2076 929 2116 consilium
961 2082 1164 2128 caperet:
1199 2075 1413 2127 quamuis
1441 2076 1535 2115 iam
1564 2075 1725 2115 diebus
1756 2075 1837 2114 ali-

200 2151 311 2195 quot
349 2157 483 2186 suam
517 2147 825 2197 ignominiam
861 2147 1125 2188 aduersarii
1159 2153 1308 2187 morte
1345 2158 1651 2198 compensare
1687 2146 1842 2198 requi-⁷

199 2215 386 2256 siuerat.
405 2216 543 2257 Pater
564 2218 683 2258 iram
704 2219 803 2258 eius
823 2219 1021 2269 sedauit,
1045 2225 1090 2258 et
1110 2218 1158 2258 in
1179 2229 1322 2258 causa
1341 2217 1425 2257 fuit
1446 2223 1495 2257 ut
1511 2217 1718 2268 inimiCO,
1741 2217 1841 2257 iam

201 2286 363 2327 effecto
385 2288 551 2339 amico,
575 2289 697 2330 hanc
719 2290 937 2330 iniuriam
958 2290 1230 2330 remitteret.

280 2357 414 2398 Alius
434 2359 572 2399 homo
595 2360 838 2401 consessus
859 2368 944 2411 est,
968 2361 1045 2412 qui
1079 2360 1314 2400 hominem
1345 2360 1485 2400 alium
1508 2359 1585 2399 diu
1608 2360 1832 2400 obserua-

203 2434 336 2468 verat
357 2435 405 2469 ut
428 2442 531 2470 eum
553 2431 861 2482 interimeret3
901 2443 1098 2483 cumque
1127 2443 1366 2482 nunquam
1396 2431 1694 2471 commodum
1721 2436 1833 2470 tem-

202 2510 288 2549 pus
313 2506 478 2540 nactus
508 2508 645 2552 esset,
672 2513 755 2541 suo
787 2503 990 2554 pessimo
1019 2502 1268 2553 desyderio
1297 2502 1508 2553 nequiuit
1537 2500 1829 2541 satisfacere:

202 2569 248 2609 id
268 2576 400 2610 tanta
423 2572 665 2622 diligentia
686 2580 1054 2624 procurauerats
1066 2580 1315 2625 propterea
1337 2572 1461 2624 quod
1482 2573 1671 2623 alapam
1691 2572 1734 2611 ei
1756 2571 1832 2612 ad-

205 2641 443 2681 uersarius
470 2642 746 2694 impegerat;
777 2655 928 2695 neque
955 2656 1013 2684 ex
1043 2644 1132 2684 hac
1154 2650 1287 2695 parte
1307 2643 1459 2683 solum
1479 2643 1576 2683 uita
1599 2643 1736 2683 huius
1759 2643 1835 2683 ho-

205 2710 341 2750 minis
362 2712 731 2764 periclitabatur,
754 2726 863 2754 nam
884 2715 1127 2755 mulierem
1149 2714 1402 2766 quamdam
1436 2725 1596 2754 secum
1618 2713 1841 2764 habebat,

207 2791 311 2820 cum
346 2793 437 2832 qua
465 2784 612 2823 multa
640 2785 942 2835 perpetrabat
972 2786 1063 2826 alia
1093 2791 1312 2838 peccata:
1345 2785 1612 2825 admonitus
1633 2783 1672 2824 is
1692 2790 1761 2824 est
1792 2784 1840 2824 in

206 2851 499 2893 confessione
520 2860 570 2893 ut
591 2861 800 2896 veterem
830 2855 1067 2897 hominem
1093 2863 1286 2897 exueret
1320 2863 1364 2896 et
1401 2857 1612 2897 indueret
1646 2867 1834 2895 nouum.

289 2921 423 2962 Alius
445 2924 687 2964 confessus
708 2932 776 2965 est
798 2927 890 2977 qui,
911 2938 1017 2967 cum
1037 2927 1154 2967 duas
1170 2928 1308 2967 simul
1328 2938 1503 2967 vxores
1524 2927 1731 2978 haberet,
1753 2937 1844 2978 per
