2028 3328
897 81 981 118 AN.
1001 80 1104 117 4555
1743 77 1810 113 231

178 185 337 229 tatem,
362 180 483 220 idem
499 181 746 220 voluerunt
778 178 950 229 facere3
987 188 1153 218 verum
1174 176 1302 216 deest
1332 175 1465 215 nobis
1488 175 1813 226 opportunitas

179 250 500 290 satisfaciendi
520 251 725 291 omnium
746 250 883 290 votis.

260 320 334 361 Ab
356 322 445 361 alio
466 322 750 362 monasterio
772 321 949 361 ordinis
970 320 1145 361 Christi
1167 319 1259 371 (ubi
1282 331 1374 359 non
1395 318 1443 358 fit
1465 317 1708 369 professiO,
1729 317 1809 356 sed

182 393 429 443 promissio
453 393 758 444 obedientiae,
781 392 1072 445 paupertatis
1094 397 1138 431 et
1166 390 1412 439 castitatis,
1440 389 1660 441 quamdiu
1688 388 1735 428 in
1756 400 1811 428 co

181 463 367 514 uiuitur,
393 465 440 504 in
461 476 551 516 quo
573 470 680 505 sunt
701 465 873 504 multae
902 464 1096 513 nobiles,
1130 463 1297 514 quibus
1318 467 1505 513 praeest
1537 459 1815 510 consangui-

182 546 269 574 nea
290 535 433 585 regis,
459 548 592 576 soror
614 535 761 576 Ducis
782 535 946 575 Aueiri
978 532 1004 584 ¹)
1027 534 1314 584 postulatum
1334 538 1403 573 est
1427 538 1475 572 vt
1497 531 1556 571 ad
1577 543 1625 571 se
1651 531 1812 571 iretur:

183 605 275 645 adii
312 617 367 645 eo
404 607 672 658 aliquoties:
714 619 807 647 non
842 617 1009 658 parum
1047 605 1306 657 profectum
1345 610 1414 644 est
1449 603 1537 643 Dei
1572 602 1813 643 beneficio.

182 675 238 715 R.
260 675 309 716 P.
334 676 486 717 Miron
507 678 773 730 frequenter
795 677 1052 717 accersitur
1075 689 1101 716 a
1122 676 1320 727 Regina,
1344 676 1424 715 vbi
1443 686 1617 725 magna
1636 674 1685 714 fit
1712 686 1816 725 pro-

181 748 382 798 gressio,
408 749 524 788 adeo
548 756 595 789 ut
617 749 771 800 potius
792 748 956 800 religio
985 748 1261 800 piorumque
1292 747 1554 797 Collegium
1581 745 1814 796 videatur,

183 829 323 868 quam
340 819 487 869 regia.
504 819 591 860 Die
604 820 791 860 veneris
808 820 871 860 ibi
888 819 1092 871 explicat
1109 818 1157 859 P.
1181 818 1420 859 Gonzalus
1432 817 1535 857 Vaz
1553 817 1817 857 doctrinam

184 889 504 941 christianam,
537 903 627 943 quo
655 892 728 932 die
760 891 954 943 aliisque
988 891 1088 942 ipse
1123 896 1168 930 et
1202 890 1361 930 socius
1396 888 1718 929 confessiones
1741 899 1818 927 au·

185 960 329 1000 diunt.
353 959 584 1011 Agendae
600 969 707 1003 sunt
728 962 939 1015 profecto
961 962 1196 1002 maximae
1216 961 1400 1012 gratiae
1427 959 1544 1010 Deo,
1576 958 1699 1011 quod
1721 965 1820 999 tarn

184 1030 485 1073 admirabiles
506 1034 731 1075 virtutum
758 1045 943 1074 amores
971 1033 1158 1083 excitet,
1195 1033 1272 1073 ubi
1303 1031 1504 1072 mundus
1539 1037 1636 1071 tam
1657 1036 1820 1082 aperte

184 1109 366 1154 regnat.

263 1174 368 1216 Duo
391 1177 712 1218 catechumeni
732 1178 908 1218 tamdiu
930 1177 1053 1229 apud
1073 1189 1158 1218 nos
1180 1184 1286 1217 sunt
1307 1176 1539 1226 instructi,
1564 1175 1713 1215 donec
1739 1175 1817 1214 ba-

146 1298 151 1300 *
185 1247 346 1298 ptizati
366 1247 552 1298 suerint,
576 1261 773 1300 quorum
791 1251 907 1289 alter
923 1249 1075 1289 fuerat
1095 1249 1306 1299 iudaeus;
1324 1248 1362 1288 is
1379 1254 1504 1288 terra
1521 1247 1650 1286 venit
1669 1258 1727 1286 ex
1749 1246 1818 1286 In-

183 1318 260 1359 dia
280 1330 425 1370 usque
442 1331 548 1360 cum
564 1320 797 1361 mandatis
814 1321 1005 1361 maximi
1022 1321 1260 1370 momenti,
1280 1332 1417 1371 quem
1434 1319 1568 1359 nobis
1584 1318 1685 1358 Rex
1699 1329 1821 1358 com-

187 1390 327 1441 misit;
352 1391 463 1442 ipse,
487 1392 566 1431 Vbi
587 1392 702 1432 bene
726 1392 979 1432 instructus
999 1391 1099 1443 fuit,
1133 1403 1223 1443 quo
1246 1392 1319 1432 die
1354 1398 1456 1431 erat
1491 1388 1818 1442 baptizandus,

188 1462 438 1503 comitatus
460 1464 616 1503 multis
638 1464 868 1504 nobilibus
899 1470 943 1504 et
964 1463 1143 1504 Comite
1166 1464 1223 1504 de
1243 1462 1468 1503 Redondo
1495 1461 1524 1513 ⁹²,
1560 1462 1692 1502 cuius
1714 1460 1727 1478 ³
1749 1466 1822 1500 est

188 1534 401 1585 patrinus
422 1534 488 1585 <vt
508 1535 713 1586 vocant),
743 1535 853 1575 hinc
875 1535 1101 1576 deductus
1129 1542 1198 1576 est
1225 1547 1367 1576 causa
1390 1535 1582 1575 maioris
1605 1533 1818 1574 aedifica-

189 1605 345 1656 tionis,
371 1617 477 1646 cum
494 1606 604 1646 alibi
624 1607 870 1647 habitaret.
891 1607 1004 1647 Eius
1024 1607 1226 1647 matrina
1243 1614 1313 1647 est
1328 1618 1449 1646 uxor
1470 1604 1485 1624 4
1513 1606 1681 1657 Legati
1702 1605 1823 1656 regii

191 1677 250 1717 ad
270 1676 449 1717 Indiam
469 1677 669 1729 profecti
700 1676 728 1729 5;
762 1678 1066 1718 concionatus
1087 1684 1156 1718 est
1178 1679 1225 1718 in
1246 1678 1410 1718 eodem
1430 1679 1603 1729 templo
1624 1677 1672 1717 P.
1697 1676 1819 1717 Gon-

188 1749 317 1788 zalus
339 1748 456 1789 Vaz:
481 1749 745 1800 baptizatus
767 1749 825 1788 ad
845 1761 931 1789 nos
948 1749 1169 1789 reductus
1190 1755 1274 1800 est,
1299 1761 1417 1801 quae
1435 1761 1511 1789 res
1527 1760 1729 1800 magnae
1747 1759 1821 1788 ae-

190 1819 443 1860 dificationi
463 1820 548 1860 fuit
569 1820 615 1859 in
636 1821 836 1871 gloriam
853 1820 955 1860 Dei.
975 1820 1108 1860 Alter
1129 1820 1228 1860 afer
1246 1828 1336 1871 est;
1356 1821 1394 1860 is
1410 1820 1563 1861 fuerat
1585 1820 1822 1861 Mahume-

189 1898 342 1941 tanus,
367 1891 459 1942 qui,
484 1898 734 1943 postquam
761 1891 1016 1932 instructus
1037 1898 1126 1942 est,
1160 1892 1424 1943 baptizatus
1451 1898 1521 1932 est
1548 1903 1721 1942 magno
1756 1891 1823 1932 in—

190 1968 372 2002 structu
394 1968 654 2014 ornatuque
677 1963 940 2004 comitatus:
964 1968 1159 2015 uterque
1182 1963 1305 2015 apud
1326 1975 1411 2003 nos
1433 1963 1693 2003 confitetur.

269 2033 417 2074 Extra
453 2034 641 2074 domum
676 2034 907 2075 interdum
940 2035 1172 2075 habentur
1205 2035 1458 2075 conciones
1493 2041 1538 2074 et
1559 2034 1826 2086 explicatur

189 2104 404 2144 doctrina
434 2105 704 2145 christiana.
743 2106 843 2156 Ego
872 2106 920 2146 in
955 2106 1158 2158 quadam
1191 2106 1411 2157 paroecia
1445 2105 1583 2145 huius
1616 2105 1826 2146 ciuitatis

192 2187 332 2227 saepe
352 2176 399 2216 in
420 2175 714 2216 hebdomada
736 2176 1043 2217 christianam
1064 2177 1329 2217 doctrinam
1358 2177 1591 2228 explicaui
1619 2183 1669 2217 vt
1699 2188 1823 2218 com-

190 2247 366 2297 plerem
388 2258 493 2287 eum
514 2259 774 2297 numerum,
798 2248 877 2299 qui
898 2248 1189 2288 obedientiae
1210 2248 1583 2299 professionique
1611 2248 1824 2299 debetur,

190 2318 324 2357 cuius
356 2317 433 2357 hic
466 2318 643 2369 primus
677 2318 763 2358 fuit
785 2330 936 2359 annus
969 2317 1006 2359 ⁰:
1045 2318 1371 2359 confluxerunt
1405 2319 1694 2370 benignitate
1734 2319 1827 2360 Dei

249 2526 258 2546 ¹
298 2525 416 2553 Sermo
432 2530 483 2552 est
498 2526 537 2552 de
555 2525 678 2552 Ordine
694 2525 837 2553 militari
852 2526 895 2553 de
913 2525 1048 2553 Christo
1061 2531 1266 2561 nuncupat0‚
1282 2527 1321 2553 de
1339 2535 1404 2561 quo
1420 2527 1498 2555 vide
1512 2527 1594 2555 Lulz
1611 2527 1772 2556 CAETANO
1783 2535 1830 2555 DE

191 2573 293 2607 Lim,
312 2573 535 2607 Geograplzia
551 2573 733 2605 historica,
748 2577 770 2601 t.
784 2580 805 2607 1,
822 2581 901 2608 pag.
916 2573 969 2601 530
983 2577 1101 2608 etseq.

245 2622 259 2640 ⁶2
295 2620 499 2648 Franciseus
516 2620 693 2654 Continho,
708 2620 755 2647 111
771 2620 891 2648 Comes
903 2621 944 2649 do
960 2621 1131 2650 Redondo.
1148 2623 1307 2649 Aususro
1320 2621 1450 2650 SOARES
1463 2631 1505 2650 DE
1519 2624 1684 2652 AzEvEDo
1698 2624 1833 2652 BARsso·

192 2678 207 2695 s
221 2678 232 2695 l
248 2675 291 2696 DE
313 2669 421 2696 Pmuo
437 2668 545 2703 REAL,
561 2669 733 2702 Portugal
749 2669 870 2703 antz'go
885 2677 902 2696 e
919 2671 1103 2702 modern&
1116 2671 1222 2697 verbo
1245 2670 1423 2699 Redondo.

246 2716 261 2735 5
298 2716 450 2750 Rectius,
466 2720 502 2744 ut
518 2716 666 2748 videtur,
681 2717 741 2750 qui
753 2717 842 2751 ejus,
855 2717 940 2752 scih,
954 2717 1212 2750 catechumeni,
1227 2719 1288 2753 qui
1300 2718 1455 2752 judaeus
1467 2719 1612 2754 suerat.

245 2763 260 2782 ⁴
297 2764 468 2791 Eleonora
484 2764 523 2791 de
538 2763 794 2791 Mascarenhas.

247 2810 260 2831 3
298 2810 393 2839 Petri
407 2811 448 2838 de
463 2810 719 2838 Mascarenhas.

245 2859 259 2877 ¹⁵
299 2858 550 2886 professionem
564 2860 726 2886 emiserat
743 2859 779 2886 Ρ.
795 2859 1029 2887 Gundisalvus
1044 2860 1083 2887 de
1101 2860 1249 2888 Silveira
1265 2861 1316 2888 dic
1334 2863 1444 2896 prima
1466 2863 1625 2891 Octobris
1649 2871 1736 2891 anno
1756 2869 1835 2896 pro-

192 2905 283 2932 xime
299 2906 489 2939 praeterito
506 2905 584 2932 1553.
600 2905 688 2932 Vide
705 2905 853 2933 Pormcx
870 2905 1075 2939 Clvont'con,
1089 2912 1111 2934 t.
1128 2914 1176 2939 1x·,
1191 2915 1270 2942 pag.
1282 2910 1309 2941 0,
1326 2915 1443 2937 annot.
1457 2910 1484 2938 3.
