2028 3328
227 112 297 147 40¹2
747 111 972 148 LITTERAE
991 119 1347 153 QUADRlMESTRES

225 207 495 259 praestigiis
531 207 751 258 deceptos
786 206 1057 258 turpissima
1086 204 1288 256 quadam
1316 204 1451 255 quasi
1477 205 1701 245 ebrietate
1729 217 1854 257 sepe—

226 279 407 327 liuerat,
432 284 479 318 ut
502 279 548 318 in
569 278 635 318 eis
657 278 816 318 diuina
838 279 1055 317 uoluntas
1077 287 1217 327 quam
1238 275 1477 314 rarissime
1499 274 1587 315 fine
1606 276 1851 326 potiretur.

227 349 357 389 Haec
400 362 427 389 a
465 361 537 389 me
577 349 793 389 dicuntur
832 355 1020 399 propter
1059 347 1183 386 illam
1224 345 1463 385 hominum
1498 346 1857 398 multitudinem,

229 432 346 472 quae
368 432 394 460 a
416 420 615 461 Domino
645 420 746 460 Deo
774 426 935 459 nostro
966 430 1047 470 per
1083 417 1367 457 christianae
1401 417 1642 457 doctrinae
1676 420 1857 469 exposi-

226 493 413 543 tionem,
433 503 573 543 quam
589 491 726 531 Pater
743 490 1018 531 Emmanuel
1033 487 1357 528 Ferdinandus
1386 489 1450 535 (ut
1474 488 1568 527 iam
1598 488 1657 528 ad
1673 494 1717 528 te
1748 489 1858 528 scri—

227 563 312 615 psi)
330 564 479 603 fuerat
494 563 540 602 in
557 563 645 602 hac
662 562 774 602 urbe
792 570 1060 612 aggressUS,
1081 558 1139 598 ad
1157 570 1343 598 sacram
1360 564 1662 609 peccatorum
1680 560 1856 599 confes-

227 635 405 674 sionem
422 639 657 685 pertracta
675 632 773 681 fuit,
793 638 930 682 atque
946 631 1086 669 etiam
1102 635 1293 681 propter
1310 640 1509 680 magnos
1525 630 1719 680 fructus,
1742 642 1858 681 quos

227 705 496 746 scholastici
518 706 736 752 tulerunt,
762 703 817 742 de
842 702 1008 753 quibus
1031 700 1153 740 infra
1176 700 1480 751 perscribam.

303 776 564 828 Exponitur
586 775 660 815 hic
681 773 895 813 doctrina
918 772 1175 812 christiana
1198 772 1243 811 in
1261 772 1367 811 aula
1389 772 1591 822 quadam
1625 772 1741 812 satis
1764 784 1858 812 am-

226 849 317 899 pla,
340 848 449 899 quia
470 858 562 886 non
583 852 651 885 est
685 845 855 895 templo
891 849 1101 883 extrema
1133 854 1299 882 manus
1322 843 1559 894 imposita:
1585 843 1775 883 confluit
1799 843 1858 884 ad

227 930 331 959 eam
370 917 649 958 audiendam
686 926 935 955 numerosa
972 913 1239 962 multitudo,
1274 919 1546 965 tantumque
1573 926 1631 954 ex
1662 914 1740 954 illa
1768 914 1858 954 fru-

229 997 330 1030 ctus
366 989 578 1040 capiunt,
617 992 754 1038 atque
776 986 838 1025 ita
875 991 1228 1026 commonentur
1263 984 1444 1035 animis,
1482 990 1531 1025 ut
1552 985 1682 1025 multi
1716 985 1856 1035 uitae,

226 1068 387 1101 sancte
409 1059 673 1108 admodum,
698 1058 904 1097 rationes
927 1061 1108 1096 mutare
1139 1062 1386 1107 cogantur;
1407 1056 1485 1096 alii
1506 1068 1532 1095 a
1555 1056 1856 1097 iureiurando

228 1132 474 1181 abstinent;
506 1130 583 1169 alii
611 1129 809 1168 alienam
842 1128 1015 1167 famam
1043 1126 1312 1178 depeculari
1347 1133 1548 1176 cessant;
1587 1127 1665 1167 alii
1695 1139 1721 1166 a
1754 1139 1858 1178 pec-

228 1203 345 1243 catis
381 1202 484 1241 aliis
520 1199 870 1246 abstrahuntur,
911 1198 1077 1250 quibus
1113 1198 1251 1238 rebus
1286 1198 1456 1238 mirum
1496 1205 1722 1250 quantum
1756 1198 1857 1238 Deo

228 1274 475 1314 seruiatur.
501 1271 758 1312 Confitetur
780 1270 835 1310 de
856 1270 1064 1321 peccatis
1085 1269 1208 1309 bona
1230 1281 1340 1321 pars
1367 1270 1504 1310 huius
1531 1269 1859 1320 multitudinis,

228 1345 445 1396 ampliuS,
470 1349 518 1383 ut
540 1343 739 1391 videtur,
761 1341 950 1381 ducenti
964 1341 1191 1389 homines,
1211 1341 1449 1381 mensibus
1468 1341 1664 1392 singulis
1683 1341 1738 1380 de
1760 1341 1856 1392 qui-

227 1417 313 1456 bus
333 1415 464 1456 multi
486 1414 531 1454 id
551 1414 729 1454 faciunt
757 1419 924 1453 octauo
955 1424 1137 1464 quoque
1169 1412 1256 1452 die.
1281 1412 1436 1464 Atque
1472 1412 1518 1452 in
1540 1412 1612 1452 his
1643 1412 1860 1452 omnibus

227 1487 489 1540 proficiunt,
513 1491 561 1525 ut
597 1497 668 1525 me
708 1496 848 1536 saepe
883 1484 973 1524 mei
994 1484 1168 1535 pudeat
1203 1495 1308 1523 curn
1342 1483 1527 1523 uideam
1562 1494 1652 1534 quo
1689 1483 1858 1523 ardore

229 1558 370 1598 animi
391 1568 528 1598 sacra
549 1556 843 1607 frequentent
865 1561 1177 1605 sacramenta,
1203 1555 1410 1606 aliosque
1433 1554 1491 1594 ad
1513 1554 1857 1594 confessionem

228 1628 516 1682 pertrahant,
553 1639 729 1678 nosque
760 1625 885 1666 haud
912 1638 1021 1666 raro
1044 1625 1307 1675 sollicitent,
1347 1632 1395 1666 ut
1429 1631 1560 1665 extra
1583 1625 1859 1676 Collegium,

228 1711 403 1750 eorum,
427 1699 504 1751 qui
526 1698 700 1738 morbis
727 1697 1026 1748 afflictantur,
1052 1696 1373 1736 confessiones
1403 1696 1665 1747 audiamus,
1696 1708 1750 1736 ac
1773 1696 1859 1736 dis-

227 1772 392 1812 cordes
413 1771 532 1810 inter
561 1769 767 1820 gratiam
790 1779 1145 1819 componamus.
1170 1766 1377 1819 Dignam
1400 1768 1535 1819 plane
1558 1779 1670 1818 rem,
1695 1767 1750 1807 de
1769 1779 1860 1819 qua

226 1843 327 1883 Deo
349 1842 530 1893 gratias
552 1851 764 1891 agamus.
789 1839 925 1890 Nam,
949 1845 997 1879 ut
1020 1838 1141 1890 apud
1174 1838 1341 1878 Patres
1368 1845 1559 1878 nostros
1588 1838 1702 1878 fassi
1736 1844 1860 1889 sunt,

224 1914 270 1953 in
287 1913 501 1953 omnibus
518 1912 669 1952 subito
689 1922 819 1951 amor
837 1910 1025 1962 quidam
1043 1921 1157 1960 erga
1174 1909 1327 1949 Deum
1345 1909 1632 1958 accenditur,
1650 1921 1704 1950 ac
1722 1909 1863 1949 simul

227 1983 431 2025 studium
451 1982 687 2034 profectus
710 1982 972 2022 animorum
989 1992 1181 2021 suorum
1202 1981 1616 2032 proximorumque
1634 1992 1740 2020 cum
1756 1992 1859 2032 pro-

226 2057 355 2107 priae
375 2054 630 2095 uoluntatis
653 2053 980 2104 abnegatione,
1005 2058 1054 2092 ut
1075 2057 1119 2092 et
1146 2052 1337 2091 honoris
1371 2051 1691 2102 despicientia,
1729 2051 1861 2091 cuius

227 2132 363 2166 antea
384 2125 535 2166 studio
558 2125 837 2175 flagrabant.
863 2124 1023 2175 [taque
1044 2123 1091 2162 in
1113 2122 1328 2162 omnibus
1350 2122 1487 2162 rebus
1510 2134 1611 2162 sese
1632 2133 1726 2162 non
1757 2123 1860 2162 sub-

227 2197 412 2237 mittunt
433 2195 569 2236 modo
591 2207 731 2247 quam
752 2194 1108 2244 modestissime,
1133 2205 1299 2233 verum
1321 2193 1462 2233 etiam
1480 2193 1718 2244 abiiciunt3
1738 2205 1860 2245 quae

227 2279 302 2308 res
323 2279 470 2319 paruo
493 2273 631 2318 atque
652 2266 884 2306 imbecillo
921 2265 1076 2305 animo
1112 2264 1304 2316 quosuis
1334 2264 1562 2314 homines,
1593 2265 1755 2315 quales
1775 2276 1862 2304 nos

229 2350 402 2389 sumus,
421 2338 720 2378 uehementer
743 2338 953 2377 animare
974 2341 1141 2387 potest,
1166 2341 1214 2375 ut
1236 2334 1282 2375 in
1303 2335 1392 2375 hac
1414 2335 1602 2375 Domini
1624 2335 1762 2375 uinea
1784 2347 1860 2375 ex-

228 2409 424 2449 colenda
446 2420 686 2460 nunquam
707 2414 785 2447 aut
813 2407 1131 2458 defatigentur
1164 2411 1243 2446 aut
1264 2405 1487 2446 diffidant.

305 2480 373 2520 Eo
396 2492 470 2520 res
491 2479 702 2530 procedit
718 2485 782 2529 ut,
802 2484 1133 2530 praeterquam
1150 2476 1273 2528 quod
1291 2477 1437 2517 multa
1453 2476 1698 2517 charitatis
1716 2488 1860 2527 opera

228 2551 489 2591 hominibus
512 2550 747 2601 oppressis
770 2555 979 2600 egestate
1001 2554 1140 2600 atque
1160 2548 1335 2588 morbis
1362 2548 1562 2597 faciunt,
1593 2547 1759 2599 quibus
1781 2547 1859 2586 alii

227 2632 512 2672 magnopere
540 2620 599 2660 ad
628 2620 887 2660 honestatis
914 2619 1120 2659 studium
1147 2618 1422 2669 incitantur,
1441 2618 1677 2670 publicam
1708 2624 1861 2658 custo-

227 2691 350 2731 diam
372 2692 555 2741 adeant,
576 2702 631 2730 ac
651 2691 877 2741 nonnulli,
900 2702 996 2730 non
1030 2689 1238 2730 contenti
1270 2689 1427 2729 multis
1461 2687 1713 2739 beneficiis,
1739 2700 1859 2740 quae

228 2762 316 2801 illis
337 2762 596 2812 conferunt,
621 2761 698 2812 qui
720 2761 980 2801 retinentur
1001 2761 1048 2801 in
1072 2760 1286 2810 uinculis,
1321 2760 1381 2800 ad
1414 2761 1587 2800 fontem
1619 2759 1856 2811 publicum

228 2843 376 2883 aquae
397 2831 634 2872 baiulandi
656 2843 812 2881 causa,
837 2843 886 2871 se
909 2831 1171 2882 conferunt,
1196 2830 1318 2882 quod
1346 2831 1435 2882 ipsi
1465 2842 1704 2882 nunquam
1722 2841 1771 2869 se
1793 2830 1857 2870 fa-

228 2907 386 2941 cturos
408 2902 515 2941 dum
538 2902 748 2940 uiuerent
769 2907 1030 2952 sperarunt.
1052 2901 1266 2941 Christus
1285 2901 1513 2942 Dominus
1529 2907 1704 2949 noster,
1726 2901 1859 2940 cuius
