2028 3328
841 145 925 183 AN.
949 144 1046 200 Ι1555
1696 146 1767 184 457

128 243 238 292 gelii
260 243 487 283 inseruire
508 255 599 283 non
617 243 774 283 vultis.
807 242 986 282 Pudeat
1007 253 1108 291 vos,
1135 243 1231 281 sole
1254 242 1457 282 iustitiae
1488 242 1758 293 illustratos,

129 313 297 364 quique
318 325 488 354 nomen
509 313 785 365 Imperatori
806 312 993 353 Christo
1015 311 1221 362 dedistis,
1246 323 1340 352 non
1362 324 1553 352 seruare
1583 313 1763 352 isthaec

129 390 325 424 naturae
364 391 629 436 praecepta,
672 396 766 424 non
805 389 1047 435 praestare
1087 383 1148 433 id,
1187 382 1310 434 quod
1345 383 1681 434 praestiterunt
1716 383 1763 422 hi

130 455 316 504 ethnici,
340 456 519 505 gloriae
542 462 752 495 amantes
783 461 827 494 et
856 454 1130 507 turpissima
1164 454 1324 494 mundi
1346 453 1621 505 mancipia„
1647 453 1762 493 Con-

130 534 217 574 tra,
245 526 284 565 si
304 526 466 566 incidit
488 527 618 566 locus
640 526 859 576 lubricus,
893 525 939 565 in
961 537 1100 576 quem
1121 525 1281 565 delusa
1314 525 1569 576 antiquitas
1598 524 1763 575 pedem

130 597 432 647 impingebat,
467 598 732 637 declaratur
763 608 818 636 ac
849 597 1107 636 illustratur
1138 595 1353 636 doctrina
1382 595 1674 645 euangelica,
1706 606 1764 634 ne

131 667 365 718 simplices
386 674 566 707 mentes
587 667 824 708 erroribus
842 674 887 707 et
913 666 1211 718 opinionibus
1238 666 1448 717 gentium
1477 666 1761 705 imbuantur.

130 738 178 777 Si
199 749 312 778 vero
334 738 596 778 obscoenus
618 745 837 779 occurrat
865 738 1012 788 locus,
1037 743 1117 777 aut
1139 737 1326 777 omnino
1351 737 1530 777 deletur
1560 743 1604 776 et
1632 747 1762 787 prae—

131 808 423 859 termittitur,
450 816 548 858 aut,
574 809 773 850 occlusis
803 809 1015 859 auribus,
1046 808 1179 859 quasi
1207 808 1413 847 sirenum
1441 814 1607 847 cantus
1636 807 1764 846 illum

130 879 466 920 transeundum
487 892 745 930 monemus,
771 886 815 920 et
835 886 945 920 tunc
966 879 1223 919 latissimus
1244 885 1373 931 patet
1396 890 1590 930 campus
1612 878 1660 918 in
1681 878 1759 918 hu-

130 951 330 991 iusmodi
351 951 452 991 vitii
472 951 899 1003 reprehensionem.
919 951 1257 1002 praeceptores
1275 950 1577 990 confecerunt
1598 950 1764 989 breues

130 1021 357 1073 quasdam
375 1023 766 1073 precatiunculas,
787 1021 1122 1073 edideruntque
1138 1021 1340 1073 hymnos
1356 1021 1584 1073 quosdam
1603 1021 1663 1060 ad
1680 1019 1765 1059 Pa—

132 1102 264 1144 trem,
304 1093 493 1144 Filium,
532 1092 757 1145 Spiritum
786 1092 1032 1143 Sanctum,
1075 1093 1348 1144 Virginem,
1392 1104 1508 1144 quas
1540 1099 1766 1143 tanquam

133 1170 369 1205 amentata
388 1165 556 1216 iacula,
580 1171 832 1216 antequam
854 1170 932 1204 aut
952 1164 1176 1204 lectiones
1196 1164 1494 1215 incipiantur,
1521 1169 1600 1203 aut
1618 1162 1767 1202 dimit-

132 1243 290 1276 tantur
312 1236 541 1287 discipuli,
561 1237 710 1277 solent
728 1236 788 1276 ad
804 1236 956 1276 Deum
972 1235 1307 1286 transmittere,
1328 1235 1496 1275 mentis
1514 1235 1766 1275 sanitatem

132 1313 176 1347 et
197 1308 478 1359 sapientiam
505 1308 783 1359 postulando
813 1308 872 1347 ad
899 1307 1022 1347 illius
1050 1307 1253 1358 gloriam
1274 1313 1318 1346 et
1345 1306 1614 1346 mortalium
1648 1307 1768 1345 salu-

131 1387 237 1418 tem.
263 1377 397 1430 Quod
419 1379 606 1430 quidem
635 1378 725 1419 hoc
757 1379 950 1419 consilio
981 1378 1196 1418 effectum
1227 1384 1311 1428 est,
1346 1389 1436 1429 quo
1458 1377 1590 1429 pueri
1622 1377 1768 1417 diuini

133 1450 336 1490 numinis
358 1450 567 1502 auspicio
588 1450 799 1490 foelicius
816 1450 1126 1490 informentur
1142 1449 1202 1490 ad
1218 1456 1428 1489 veterem
1444 1449 1684 1489 Ecclesiae
1703 1448 1768 1488 di-

130 1521 392 1572 sciplinam,
416 1527 819 1573 consuescantque
841 1534 867 1561 a
885 1521 1058 1561 teneris
1079 1521 1215 1561 annis
1232 1532 1334 1561 sese
1351 1528 1664 1571 prosternere,
1686 1531 1766 1570 pa-

132 1598 312 1632 rentem
339 1592 492 1633 Deum
520 1593 692 1644 alloqui
718 1599 763 1633 et
794 1593 975 1633 animos
997 1592 1057 1632 ad
1078 1593 1259 1632 coelum
1287 1598 1331 1632 et
1364 1591 1596 1642 originem
1631 1602 1768 1631 suum

131 1665 356 1704 attollere.
395 1663 737 1714 Praeleguntur
773 1664 934 1704 diebus
969 1664 1154 1704 sabbati
1188 1669 1441 1715 praecepta
1476 1662 1682 1712 Domini,
1722 1668 1767 1701 et

130 1735 394 1786 symbolum
416 1735 768 1786 Apostolorum,
792 1741 837 1775 et
858 1735 934 1774 illa
953 1736 1191 1785 vniuersa,
1214 1746 1333 1786 quae
1354 1734 1588 1785 pertinent
1611 1733 1668 1773 ad
1691 1745 1768 1772 ve-

131 1817 233 1846 ram
254 1812 299 1846 et
316 1806 622 1846 christianam
639 1806 893 1846 liberorum
909 1806 1264 1856 institutionem;
1283 1805 1498 1846 omnibus
1516 1816 1656 1856 porro
1675 1804 1765 1844 die·

130 1877 216 1917 bus
238 1877 425 1929 quidam
448 1889 505 1917 ex
526 1877 911 1928 praeceptoribus
931 1876 1096 1917 eadem
1117 1878 1322 1917 inculcat
1342 1876 1545 1925 breuius,
1570 1882 1614 1915 et
1636 1886 1766 1926 prae-

131 1947 243 1998 legit
263 1948 473 1999 parvulis
495 1955 541 1988 et
562 1948 830 1988 rudioribus
852 1949 1086 1999 integrum
1107 1948 1312 1988 libellum
1335 1948 1391 1987 de
1413 1947 1627 1987 doctrina
1649 1945 1769 1986 chri-

130 2019 298 2066 stiana,
324 2020 397 2059 cui
420 2019 609 2059 lectioni
626 2020 856 2059 intersunt
872 2018 969 2059 fere
989 2029 1162 2068 omnes;
1184 2019 1356 2058 etenim
1374 2018 1412 2058 si
1430 2018 1573 2058 semel
1591 2017 1637 2057 in
1659 2017 1766 2057 heb-

131 2090 331 2130 domada
364 2091 437 2130 ille
465 2090 647 2130 libellus
676 2091 1042 2141 praelegeretur,
1073 2101 1166 2129 non
1195 2090 1310 2129 satis
1342 2088 1586 2129 commode
1614 2089 1764 2139 pueri-

130 2161 195 2200 tia
222 2162 559 2211 institueretur,
591 2172 698 2200 cum
726 2167 770 2200 et
800 2160 1006 2201 breuiter
1035 2167 1079 2200 et
1113 2161 1381 2212 frequenter
1410 2160 1487 2200 illa
1509 2166 1764 2210 praecepta

131 2233 196 2272 illi
218 2232 310 2272 sint
331 2232 562 2272 tradenda
584 2232 971 2283 inculcandaque.

211 2303 442 2354 Discipuli
464 2303 725 2343 studiorum
745 2303 1084 2343 instauratione
1106 2303 1371 2343 habuerunt
1389 2301 1641 2352 orationes,
1662 2313 1769 2353 ege-

132 2381 240 2415 runt
262 2375 614 2425 recitaruntque
636 2373 887 2425 quamdam
918 2375 1146 2425 eclogam.
1177 2373 1229 2413 In
1256 2372 1448 2413 Domini
1467 2372 1578 2425 Jesu
1603 2373 1770 2412 natali-

133 2446 219 2485 bus
239 2445 399 2485 habita
421 2445 506 2487 fuit
528 2445 678 2485 oratio
701 2445 756 2484 de
777 2456 924 2496 puero
945 2445 1072 2498 Jesv:
1096 2450 1202 2485 acta
1223 2450 1268 2484 et
1288 2444 1373 2484 fuit
1394 2445 1559 2495 ecloga
1578 2443 1634 2483 de
1652 2444 1770 2483 eius-

135 2517 240 2557 dem
262 2517 523 2557 natiuitate.
546 2516 676 2556 Haec
700 2517 857 2556 omnia
879 2515 996 2556 adeo
1018 2516 1310 2567 placuerunt,
1334 2521 1383 2555 ut
1404 2515 1702 2566 grauissimis
1722 2521 1768 2555 et

134 2587 321 2639 optimis
354 2587 469 2627 viris
504 2587 798 2627 excusserint
835 2587 1122 2638 lachrymas,
1158 2598 1214 2626 ac
1248 2586 1382 2626 nobis
1416 2587 1772 2637 gratularentur

135 2659 259 2711 quod
280 2669 487 2698 essemus
510 2658 756 2698 christiani
778 2663 822 2697 et
844 2662 1011 2708 po'e'tae
1034 2664 1078 2697 et
1095 2665 1323 2708 oratores,
1348 2658 1517 2708 quique
1538 2657 1771 2697 humanas

135 2735 261 2769 artes
296 2736 341 2769 et
374 2729 646 2781 disciplinas
676 2734 1059 2769 conuerteremus
1086 2729 1146 2768 ad
1174 2729 1430 2769 liberorum
1457 2729 1770 2779 ingenuorum

134 2801 358 2841 virtutem
370 2806 414 2840 et
430 2799 778 2841 conseruatoris
791 2798 966 2840 Christi
982 2799 1184 2850 gloriam
1203 2811 1257 2839 ac
1269 2799 1469 2840 laudem.
1485 2799 1667 2840 Etenim
1684 2799 1769 2839 Re-

135 2877 237 2911 ctor
264 2872 363 2911 uult
397 2883 453 2911 ac
480 2871 605 2911 iubet
632 2870 920 2911 iuuentutem
946 2870 1019 2911 his
1050 2870 1216 2911 studiis
1238 2877 1282 2911 et
1304 2871 1570 2911 actionibus
1598 2871 1771 2911 diuinis

136 2941 362 2992 exerceri,
386 2942 693 2993 impedirique
713 2947 762 2981 ut
783 2952 1036 2993 puerorum
1053 2941 1213 2993 animi,
1235 2953 1478 2982 musarum
1499 2942 1772 2982 muneribus
