2028 3328
184 122 256 160 398
701 123 923 160 LITTERAE
950 135 1312 167 QUADRIMESTREs

179 226 277 259 tum
297 231 442 271 usque
461 219 519 260 ad
540 227 699 271 portas
721 221 925 261 ciuitatis
946 221 1176 271 portabat.
1206 221 1257 261 In
1281 222 1368 260 hac
1389 221 1691 271 processione
1722 223 1819 262 duo-

181 291 406 330 haeretici
426 303 528 331 sese
551 292 867 341 ostenderunt,
887 293 965 344 qui
984 300 1145 343 postea
1164 292 1288 342 capti
1306 299 1412 331 sunt
1431 298 1535 342 post
1557 293 1814 333 secundum

179 361 379 401 reditum
397 374 550 402 meum
565 374 591 402 a
613 362 1068 413 Nouiomagensibus
1089 362 1113 401 '.
1133 362 1278 402 Multa
1300 362 1425 401 sensi
1440 362 1561 402 bona
1580 363 1813 403 desideria

180 433 350 473 iterum
371 434 637 473 reuertendi
658 433 1002 485 Nouiomagum
1020 433 1077 472 ad
1096 432 1441 472 informandum
1459 433 1658 484 amplius
1680 445 1817 485 supe-

178 504 328 544 riores
349 505 577 545 ciuitatis:
601 512 815 556 putarem
836 517 915 544 eos
946 504 1288 544 tractabiliores
1322 503 1420 543 fore
1443 510 1692 555 postquam
1727 505 1815 556 pri·

181 587 284 615 mus
305 576 379 615 ille
408 576 606 627 impetus
640 576 880 627 mitigatus
914 576 1066 615 fuerit.
1105 574 1305 625 Quidam
1341 575 1521 614 amicus
1543 582 1588 615 et
1616 575 1813 615 Canoni-

181 658 263 687 cus
282 646 675 697 Nouiomagensis
706 648 771 686 sic
808 647 925 686 inter
947 654 1136 686 caetera
1169 646 1353 686 scribit:
1390 645 1457 685 “A
1486 645 1697 685 discessu
1720 651 1813 695 tuo,

180 717 455 757 charissime
478 717 696 767 Domine,
727 717 1011 757 horrendum
1033 723 1077 756 et
1105 716 1365 756 inauditum
1382 718 1534 756 scelus
1558 723 1696 767 atque
1718 717 1816 768 pia-

180 789 334 829 culum
352 795 420 828 est
438 795 755 840 perpetratum
772 787 1068 839 Nouiomagi,
1089 789 1224 839 quale
1238 794 1411 838 negant
1429 800 1453 827 a
1474 795 1661 828 centum
1679 788 1821 828 annis

179 860 353 900 nostris
375 860 552 900 ciuibus
574 860 797 900 auditum.
823 859 1038 900 Consulis
1059 859 1178 899 filius
1201 870 1307 899 cum
1337 871 1421 898 suo
1450 858 1597 899 fratre
1625 865 1817 899 conten-

181 931 309 981 dens,
334 931 391 970 ab
414 930 576 970 eodem
605 938 673 970 est
709 930 1028 970 crudelissime
1064 930 1263 970 occisus.
1301 929 1391 969 Iste
1414 931 1576 969 consul
1604 930 1689 970 fuit
1707 942 1815 970 cum

181 1001 431 1041 aduersum
465 1001 845 1041 Dominationem
880 1001 1028 1041 Tuam
1068 1001 1209 1040 telam
1250 1001 1491 1041 eiectionis
1532 1001 1815 1041 ordirentur.

183 1072 669 1123 Quaminscrutabilia
692 1080 797 1111 sunt
820 1072 992 1112 iudicia
1014 1072 1142 1121 Deil„
1168 1071 1180 1090 ²
1202 1072 1332 1111 Haec
1354 1072 1443 1111 ille.
1473 1071 1600 1112 Licet
1629 1083 1702 1112 me
1731 1072 1816 1112 eie-

181 1144 330 1183 cerint
360 1149 523 1183 contra
545 1155 729 1182 omnem
752 1143 990 1193 iustitiam,
1014 1155 1107 1183 non
1129 1149 1286 1183 tamen
1308 1143 1481 1192 dubito,
1507 1143 1546 1182 si
1568 1155 1639 1183 me
1661 1143 1817 1194 ipsum

180 1215 296 1254 bene
319 1214 625 1262 considerem,
646 1214 753 1265 quin
772 1214 887 1254 bene
906 1215 1156 1254 meruerim
1180 1215 1236 1254 ob
1259 1226 1410 1254 meam
1433 1215 1578 1254 solius
1595 1225 1709 1265 erga
1726 1213 1816 1254 Do-

182 1286 356 1325 minum
374 1285 525 1325 Deum
548 1284 944 1335 ingratitudinem.
971 1285 1166 1325 Confido
1188 1292 1346 1325 tamen
1368 1286 1414 1325 in
1432 1285 1622 1325 Domini
1638 1285 1817 1325 bonita-

181 1364 225 1396 te
247 1357 353 1408 quia
376 1362 480 1407 post
502 1362 827 1407 tempestatem
850 1357 1154 1407 tranquillum
1177 1356 1332 1396 saciet.

264 1427 479 1478 Quotidie
498 1426 943 1478 Nouiomagensium
967 1439 1069 1467 sum
1086 1439 1264 1468 memor
1284 1428 1330 1467 in
1358 1427 1590 1467 sacrificio
1619 1427 1809 1467 Missae.

183 1499 404 1539 Decanus
438 1498 830 1548 Nouiomagensis
866 1511 1006 1550 saepe
1041 1511 1126 1538 nos
1163 1499 1340 1549 visitat,
1378 1500 1572 1538 multum
1594 1498 1818 1539 Societati

183 1570 397 1611 addictus
418 1577 500 1610 est.
525 1569 725 1610 Intendit
747 1582 852 1610 cum
875 1582 958 1610 suo
983 1577 1149 1621 nepote
1171 1570 1368 1610 Romam
1401 1570 1649 1621 proficisci,
1673 1581 1814 1621 quem

187 1641 409 1682 Societati
431 1641 542 1680 dare
564 1641 772 1681 intendit:
793 1648 928 1681 taceo
946 1641 1071 1691 illud,
1098 1642 1220 1693 quod
1241 1643 1339 1693 ipse
1357 1641 1577 1681 Decanus
1595 1642 1641 1681 in
1654 1641 1814 1681 animo

187 1712 339 1752 habet.
364 1711 592 1751 Dominus
615 1724 719 1752 eum
740 1713 787 1752 in
809 1724 893 1752 suo
915 1712 1037 1752 bono
1058 1713 1300 1764 proposito
1324 1719 1585 1753 conseruet.

265 1783 440 1822 Totum
460 1783 554 1822 fere
576 1782 663 1822 hoc
685 1789 868 1834 tempus
889 1784 1231 1835 quadrimestre
1254 1783 1418 1824 studiis
1447 1791 1491 1824 et
1513 1783 1816 1823 confessioni-

185 1854 270 1893 bus
291 1853 532 1893 audiendis
554 1854 799 1903 collocaui‚
824 1854 964 1894 etiam
985 1855 1193 1895 infirmos
1214 1855 1407 1895 visitani
1428 1862 1640 1905 vocatus,
1672 1860 1717 1894 et
1740 1854 1816 1894 ali-

186 1924 371 1976 quando
393 1924 667 1964 concionem
689 1925 843 1965 habui.
863 1925 994 1965 Multi
1025 1932 1287 1966 statuerunt
1311 1926 1457 1966 vitam
1483 1926 1530 1965 in
1560 1925 1724 1965 melius
1747 1937 1817 1964 or-

186 1995 366 2035 dinare.

265 2066 512 2107 Confrater
540 2074 699 2107 noster
726 2067 786 2107 M.
827 2067 1067 2120 Johannes
1099 2068 1154 2108 de
1187 2068 1396 2109 Cathena
1431 2067 1632 2118 gradum
1651 2067 1816 2106 bacca-

184 2138 421 2177 laureatus
443 2144 485 2177 et
515 2136 527 2155 ⁵
558 2138 823 2188 theologiae
855 2139 1051 2191 accepit,
1076 2146 1120 2179 et
1150 2139 1303 2190 pergit
1325 2139 1371 2178 in
1394 2137 1699 2178 concionibus
1720 2137 1818 2177 suis

185 2207 346 2248 diebus
361 2207 542 2248 festiuis
563 2215 606 2248 et
628 2209 886 2249 dominicis.
907 2209 1026 2250 Nam
1048 2210 1254 2250 Thomas
1271 2208 1285 2228 ⁴
1302 2209 1456 2261 pergit
1472 2209 1519 2249 in
1536 2209 1630 2248 suis
1651 2208 1818 2248 studiis

183 2288 288 2317 cum
310 2278 485 2330 aliquot
505 2279 855 2331 Leodiensibus‚
880 2280 957 2332 qui
979 2292 1028 2320 se
1059 2279 1283 2321 Societati
1315 2281 1504 2320 omnino
1535 2279 1647 2320 dare
1670 2279 1814 2319 inten-

186 2349 313 2389 dunt.

263 2419 417 2460 Amici
438 2432 613 2471 omnes,
638 2422 889 2474 praecipue
920 2422 1040 2462 Rflus
1068 2422 1117 2463 P.
1156 2423 1290 2464 Prior
1326 2421 1339 2441 ⁵
1373 2434 1478 2463 cum
1514 2434 1598 2462 sua
1619 2422 1814 2472 familia,

185 2489 319 2529 unice
340 2491 636 2531 commendat
653 2504 702 2532 se
720 2492 997 2533 Paternitati
1016 2500 1218 2544 vestrae,
1238 2501 1282 2534 et
1299 2493 1466 2545 reliqui
1491 2492 1631 2533 amici
1653 2504 1818 2533 omnes

240 2694 250 2715 ¹
290 2695 384 2723 Haec
405 2701 456 2725 est
478 2698 511 2725 in
532 2699 732 2733 apographo
755 2700 995 2735 interpunctio.
1021 2701 1194 2730 Fortassis
1217 2702 1336 2730 Kessel
1356 2701 1583 2736 scripserat...
1599 2701 1696 2735 capti
1716 2702 1814 2727 sunt.

189 2742 269 2768 Post
283 2744 477 2771 secundum
494 2745 649 2772 reditum
667 2753 783 2773 meum
800 2755 820 2774 a
836 2748 1182 2783 Noviomagensz'bus
1198 2750 1344 2777 multa...

242 2790 255 2808 2
293 2789 343 2816 Cf.
359 2789 560 2824 ORLANDINI,
576 2792 669 2819 Hist.
686 2792 758 2822 Soc.
773 2794 860 2828 ses„
875 2796 931 2823 lib.
945 2804 1003 2831 xv,
1019 2804 1054 2823 n.
1072 2797 1116 2830 29,
1134 2801 1168 2824 et
1183 2797 1465 2832 ΒκΑυΝεΒΕιῑςεκ,
1481 2798 1503 2824 1.
1519 2805 1560 2831 6.,
1581 2803 1664 2831 pag.
1681 2795 1747 2823 5213.

239 2835 254 2855 ⁵
290 2835 345 2862 Sic
360 2836 392 2864 in
407 2841 523 2865 nostro
539 2839 750 2874 apographo;
767 2840 945 2869 PonANcus
959 2850 1042 2870 vero
1058 2842 1092 2870 in
1109 2843 1276 2872 chronico
1292 2845 1410 2872 scribit
1428 2845 1464 2871 in
1480 2844 1663 2878 theologia.

237 2883 253 2903 4
290 2883 437 2912 Thomas
451 2884 689 2913 Mai-chiensis.

239 2929 253 2949 ὅ
292 2930 465 2959 Οε-ῑειτᾱυε
480 2931 749 2969 Kalckbrenner,
765 2942 823 2962 seu
838 2936 1031 2970 Hammont,
1049 2937 1254 2966 Carthusiae
1271 2939 1379 2966 Prior.
