2028 3328
82 170 129 207 60
597 169 826 207 LITTERAE
846 180 1204 213 QUADRmEsTREs

84 266 150 306 dit
171 266 348 317 uncias,
373 271 417 306 et
438 264 629 306 totidem
651 265 857 316 reliquus
878 265 1071 314 fructus,
1096 266 1173 317 qui
1202 266 1248 305 in
1271 264 1434 305 eadem
1455 264 1594 304 vinea
1616 276 1721 316 pro-

85 337 225 387 uenit,
262 338 407 377 valet.
442 336 654 388 Quatuor
680 336 953 377 sacerdotes
979 337 1204 378 honestae
1236 337 1360 377 vitae
1397 335 1553 386 pueris
1586 347 1720 387 prae—

85 408 194 449 fecti
216 413 336 458 sunt,
361 408 437 459 qui
460 408 562 448 illos
584 408 751 448 docent
774 419 829 448 ac
849 408 896 448 in
918 407 1067 449 officio
1088 409 1301 449 retinent.

165 479 317 519 Datur
344 479 591 530 diligenter
618 490 761 530 opera
797 484 847 520 vt
877 479 1207 520 exaedificetur
1239 480 1403 520 domus
1433 479 1732 530 probationis.

85 562 170 602 pro
192 550 421 601 foeminis,
445 562 564 602 quae
585 562 634 590 se
655 563 681 590 a
705 551 830 602 turpi
852 556 1073 602 quaestus
1093 562 1265 602 genere
1283 550 1341 590 ad
1359 549 1511 590 Deum
1528 562 1722 590 conver-

87 628 258 672 terunt,
283 628 326 662 et
350 622 439 662 illis
460 622 616 662 vicina
644 622 930 673 mulieribus,
959 634 1078 674 quae
1109 634 1158 662 se
1186 635 1212 662 a
1234 622 1373 661 simili
1394 622 1600 662 statuvad
1621 622 1723 662 reli-

87 693 275 743 gionem
293 693 603 733 abduxerunt.
624 692 673 732 In
692 692 768 732 illa
787 693 924 733 domo
942 693 1118 734 tamdiu
1137 693 1413 733 habitabunt
1429 692 1539 733 dum
1556 692 1612 733 de
1633 704 1724 733 me-

87 764 193 804 liori
214 764 292 803 via
324 764 489 804 salutis
518 769 738 814 statuent;
770 764 935 815 quibus
963 764 1164 815 placebit
1197 763 1378 814 religiO,
1414 763 1519 804 illae
1550 764 1596 804 in
1629 776 1727 804 mo·

87 835 345 874 nasterium
368 835 666 886 recipientur,
692 835 731 874 si
752 847 871 886 quae
892 835 1070 875 malunt
1091 835 1280 884 nubere,
1296 834 1412 874 viris
1430 835 1726 874 collocabun-

88 912 178 946 tur.
204 905 466 956 Quotannis
494 906 586 945 iam
616 905 668 945 4Ο
694 906 860 946 vncias
881 906 1067 956 habent,
1096 918 1181 946 nec
1213 917 1293 957 per
1315 905 1520 956 gratiam
1540 904 1628 945 Dei
1649 917 1733 946 ne*

90 977 297 1016 cessaria
320 977 410 1016 illis
431 975 659 1016 deficient.

168 1047 452 1099 Collegimus
474 1053 540 1087 tot
562 1047 764 1099 undique
786 1048 1106 1097 eleemosinas,
1135 1054 1181 1087 vt
1204 1048 1274 1087 his
1296 1053 1496 1099 quatuor
1519 1046 1726 1099 superio—

89 1119 219 1159 ribus
240 1119 474 1159 mensibus
494 1118 547 1158 40
567 1118 798 1159 foeminae
820 1118 1027 1160 eiusdem
1048 1119 1329 1160 conditionis
1350 1119 1547 1159 honesto
1569 1119 1728 1158 matri-

91 1190 247 1230 monio
268 1190 469 1230 traditae
499 1190 590 1229 sint
617 1201 723 1230 cum
749 1189 857 1230 dote
889 1190 1127 1231 mediocri:
1157 1191 1246 1230 hoc
1274 1189 1489 1230 effectum
1521 1196 1590 1230 est
1621 1201 1730 1240 par-

90 1261 174 1301 tim
208 1273 289 1312 per
324 1261 529 1301 edictum
558 1261 802 1312 Proregis,
836 1273 926 1313 quo
957 1262 1105 1302 vetuit
1133 1262 1518 1312 concubinatum,
1557 1261 1732 1312 partim

92 1344 174 1383 per
193 1333 459 1383 conciones,
484 1344 603 1384 quae
632 1332 679 1372 in
708 1340 871 1373 nostro
893 1334 1064 1385 templo
1082 1334 1328 1384 habentur,
1353 1333 1412 1373 ad
1434 1344 1550 1384 quas
1573 1332 1731 1373 iussae

91 1403 302 1444 Veniunt.

173 1474 311 1515 Aliud
347 1476 589 1526 negotium
621 1488 715 1516 non
750 1476 901 1516 minus
930 1475 1031 1516 Deo
1067 1482 1312 1527 acceptum
1334 1481 1604 1527 susceptum
1641 1482 1735 1526 est„

94 1545 218 1597 quod
239 1546 377 1597 longe
399 1558 583 1599 quoque
614 1558 722 1588 suos
749 1546 929 1587 fructos
959 1546 1196 1587 diffundet.
1228 1545 1565 1587 Monasterium
1587 1547 1729 1597 virgi-

93 1628 219 1667 num,
243 1618 289 1657 in
311 1629 400 1669 quo
424 1618 675 1659 admodum
697 1618 889 1659 remisse
912 1624 955 1658 et
977 1618 1199 1659 dissolute
1227 1618 1488 1667 timebatur,
1512 1630 1604 1658 non
1627 1618 1727 1658 sine

94 1688 349 1729 offensione
370 1690 636 1740 multorum,
673 1688 1087 1741 Archiepiscopus,
1121 1689 1326 1740 Prorege
1353 1695 1554 1741 petente,
1586 1689 1728 1729 dedu—

93 1759 175 1810 xit,
197 1759 243 1799 id
260 1766 344 1810 est,
365 1760 621 1801 monachas
638 1760 685 1801 in
706 1761 810 1801 aliis
831 1761 1068 1801 coenobiis
1090 1761 1353 1812 collocauit,
1372 1761 1451 1801 vbi
1468 1761 1613 1801 multo
1637 1771 1732 1800 me-

93 1831 182 1870 lius
209 1831 370 1871 viuere
400 1837 610 1883 possunt.
640 1832 978 1872 Monasterium
999 1843 1128 1882 vem,
1154 1832 1276 1884 quod
1302 1832 1606 1884 reliquerunt,
1632 1832 1728 1871 iam

94 1901 141 1942 in
161 1908 322 1942 nostra
347 1914 487 1942 manu
509 1909 592 1954 est,
617 1909 660 1943 et
683 1903 741 1943 ob
762 1903 851 1943 hoc
871 1903 1006 1943 nobis
1027 1903 1201 1953 datum,
1234 1909 1285 1943 Vt
1306 1903 1511 1943 melioris
1539 1903 1739 1954 spiritus

95 1973 313 2013 cultrices
333 1985 387 2014 eo
409 1973 779 2025 introducamus,
803 1980 847 2014 et
875 1974 1040 2026 quibus
1068 1974 1223 2014 omnia
1251 1974 1518 2014 communia
1547 1974 1655 2024 sint,
1687 1979 1738 2013 et

96 2045 285 2096 regulas
305 2045 595 2097 prescriptas
617 2045 971 2096 diligentissime
989 2045 1255 2094 observent,
1277 2057 1395 2097 quae
1416 2046 1515 2085 Vita
1537 2046 1733 2085 nonnul-

95 2116 150 2156 lis
183 2116 322 2156 valde
349 2116 523 2167 placuit
558 2123 603 2156 et
632 2117 784 2168 magis
815 2117 862 2156 in
892 2116 990 2157 dies
1011 2117 1178 2168 placet:
1208 2128 1318 2157 nam
1346 2117 1572 2157 habemus
1594 2127 1734 2168 quas·

94 2187 203 2226 dam
220 2188 577 2228 honestissimas
598 2188 809 2239 Virgines
830 2187 889 2227 ad
904 2187 995 2228 hoc
1017 2194 1223 2238 paratas,
1245 2194 1295 2228 vt
1315 2187 1652 2228 monasterium
1668 2187 1729 2226 in-

96 2257 371 2308 grediantur
393 2265 437 2298 et
464 2270 638 2299 nouam
665 2258 941 2309 religionem
971 2258 1243 2310 suscipiant:
1274 2270 1361 2299 nec
1389 2264 1458 2298 est
1480 2257 1605 2310 quod
1639 2269 1732 2298 ma-

97 2329 181 2368 lint
202 2340 341 2380 quam
363 2330 491 2370 illum
512 2329 634 2370 diem
657 2329 831 2380 videre,
856 2340 946 2381 quo
964 2330 1051 2369 erit
1068 2329 1232 2370 domus
1249 2330 1463 2370 absoluta
1480 2335 1524 2369 et
1545 2329 1740 2369 concin·-

96 2405 223 2450 nata,
246 2399 369 2451 quod
403 2411 563 2440 mense
591 2399 853 2452 Septembri
880 2399 980 2440 fore
1009 2411 1269 2452 speramus:
1303 2401 1462 2451 cellae,
1495 2411 1612 2452 quas
1644 2400 1741 2440 sin--

96 2470 234 2520 gulae
256 2471 468 2521 singulas
489 2471 814 2511 inhabitabant
834 2470 1029 2522 prioreS,
1062 2471 1155 2511 iam
1185 2471 1393 2512 deiectae
1419 2477 1551 2521 sunt;
1575 2471 1640 2511 ita
1669 2470 1735 2510 in·

96 2542 324 2582 stauratio
353 2553 533 2582 moram
553 2542 682 2593 facit,
713 2541 797 2582 sed
818 2541 908 2582 viri
937 2541 1048 2582 boni
1068 2548 1113 2582 et
1133 2542 1313 2582 nobiles
1333 2542 1541 2582 fabricae
1571 2552 1737 2581 curam

98 2612 285 2663 habent,
309 2625 505 2664 quorum
528 2619 623 2653 tres
652 2612 774 2653 filiae
803 2612 1082 2653 coenobium
1109 2613 1432 2653 inhabitabunt
1461 2613 1656 2664 primae,
1689 2618 1742 2652 et

97 2683 191 2723 iam
225 2683 492 2736 frequenter
521 2684 579 2724 ad
607 2684 858 2725 conciones
888 2689 933 2724 et
960 2684 1020 2724 ad
1049 2695 1236 2725 sacram
1266 2683 1641 2725 communionem
1662 2695 1735 2724 sa·

98 2755 325 2794 eramenti
355 2755 679 2796 Eucharistiae
700 2754 909 2804 veniunt;
939 2755 1175 2795 exercitiis
1203 2767 1385 2807 quoque
1412 2754 1742 2806 spiritualibus⁴

98 2825 293 2865 multum
314 2826 540 2877 probatae
562 2832 684 2867 sunt.

179 2894 313 2946 Quod
346 2897 406 2936 ad
441 2896 812 2938 aedificationem
847 2898 1152 2949 collegiorum
1186 2897 1372 2948 attinet,
1410 2897 1448 2936 si
1483 2901 1640 2936 essent
1676 2906 1743 2938 ex

98 2967 272 3007 nostris
306 2968 385 3019 qui
415 2979 469 3008 eo
497 2968 805 3019 mitterentur,
834 2968 858 3008 4
887 2974 966 3008 aut
991 2970 1017 3008 5
1045 2969 1176 3009 breui
1205 2969 1379 3009 habere
1408 2978 1652 3020 possemus
1688 2967 1742 3009 in
