2028 3328
862 93 946 129 AN.
971 92 1068 128 1555
1710 92 1781 129 225

145 206 269 234 nunc
292 193 518 233 orationis
540 191 794 242 asperitate
816 188 1220 240 perterrefaciens,
1250 187 1422 227 habitis
1455 188 1595 227 etiam
1618 189 1779 240 aliqui-

147 266 232 304 bus
254 264 453 315 publicis
480 261 796 310 concionibUS,
827 259 1017 300 tandem
1052 264 1155 310 post
1184 258 1285 307 hos,
1315 270 1431 310 quos
1453 259 1563 308 dixi,
1589 259 1701 308 dies,
1732 261 1777 299 in

148 348 283 376 suam
317 335 598 375 sententiam
638 344 718 373 eos
759 331 919 371 uenire
960 330 1200 381 compulit.
1244 329 1413 369 Mirum
1449 336 1519 369 est
1566 330 1780 381 profecto

148 413 372 459 quantum
385 406 615 446 Dominus
630 404 814 444 illorum
831 401 974 442 corda
992 400 1243 441 durissima
1261 401 1449 440 monitis
1468 400 1619 440 Patris
1641 403 1777 441 emol-

148 479 286 518 lierit.
311 476 429 517 Nam
451 476 658 516 efficacia
681 474 823 514 diuini
851 472 997 522 verbi,
1026 483 1172 523 usque
1195 471 1253 511 ad
1281 471 1559 511 diuisionem
1589 472 1782 523 spiritus

149 548 473 600 pertingentis,
498 546 716 595 conuicti,
741 556 789 584 se
811 550 932 584 totos
954 543 1182 583 uoluntati
1204 541 1356 582 Patris
1378 543 1693 592 subiecerunt,
1717 550 1779 591 et,

150 630 470 671 quaecumque
492 618 579 657 sibi
601 616 932 668 praecepisset,
956 613 1219 654 firmissime
1247 614 1582 653 obseruaturos
1603 614 1778 665 pollici-

150 692 199 740 ti,
224 691 317 730 iam
339 690 472 741 quasi
494 700 626 728 mora
649 687 907 737 defatigati,
932 685 1041 737 quid
1064 697 1113 725 se
1135 685 1290 725 facere
1312 686 1466 735 Vellet,
1491 685 1615 725 dicto
1638 686 1781 725 citius

149 761 406 810 executuri,
432 760 746 811 postulabant.
770 757 910 797 Pater
932 768 1011 796 eos
1033 756 1092 796 ad
1109 756 1358 796 ecclesiam
1379 757 1678 806 conuocauit,
1698 757 1776 796 ibi-

149 844 237 885 que
259 843 447 871 sacrum
467 831 590 879 fecit,
615 830 759 870 multa
781 828 835 869 de
862 839 979 879 pace
1000 828 1246 878 praeclara
1267 827 1398 877 dixit,
1423 833 1633 867 mutuum
1656 839 1780 868 amo-

150 915 249 944 rem
266 904 371 951 illis,
390 903 568 942 habens
585 902 631 941 in
649 900 862 941 manibus
879 899 1227 939 sanctissimum
1243 898 1418 939 Christi
1439 899 1635 950 Corpus,
1655 911 1776 939 com-

151 974 403 1016 mendauit.
428 973 728 1024 Tandemque
749 971 857 1011 fecit
878 977 926 1010 ut
947 982 1120 1010 nouam
1141 970 1413 1019 amicitiam,
1436 970 1483 1010 in
1506 976 1783 1022 perpetuum

153 1047 370 1097 (Domino
392 1044 595 1094 volente)
614 1044 904 1093 duraturam,
925 1041 1215 1092 amplexibus
1236 1041 1582 1081 confirmarent.
1602 1041 1780 1093 Magni-

151 1118 316 1158 ficetur
338 1127 452 1167 ergo
473 1116 720 1162 Dominus,
751 1114 829 1166 qui
858 1114 1000 1153 multo
1030 1113 1222 1153 suauius
1251 1125 1327 1152 res
1353 1113 1483 1153 nouit
1515 1113 1780 1164 disponere,

153 1200 294 1240 quam
322 1199 408 1228 nos
435 1187 705 1227 homunculi
735 1186 936 1226 sciamus
970 1190 1143 1236 petere,
1176 1185 1250 1224 uel
1284 1185 1518 1236 possimus
1539 1191 1782 1235 exoptare.

152 1260 273 1300 Nam
295 1259 398 1311 quis
419 1270 594 1310 quaeso
616 1263 753 1307 esset,
784 1256 862 1308 qui
888 1263 985 1296 tam
1013 1255 1225 1295 foelicem
1261 1267 1529 1296 successum
1559 1268 1659 1296 rem
1685 1262 1783 1296 tam

155 1331 469 1383 periculosam
489 1329 754 1369 habituram
775 1329 847 1368 uel
870 1327 1081 1367 crederet
1101 1328 1175 1367 uel
1195 1328 1426 1379 speraret?

231 1402 326 1442 Vix
347 1401 485 1441 Pater
507 1401 595 1439 hoc
617 1411 733 1451 opus
755 1400 1034 1448 absoluerat,
1061 1410 1167 1438 cum
1184 1399 1382 1438 nuncius
1395 1398 1598 1450 quidam,
1624 1411 1651 1439 a
1668 1410 1783 1450 quo-

151 1474 261 1513 dam
282 1473 454 1524 populo
476 1470 744 1511 Fontinenti
765 1470 919 1510 uicino
941 1469 1124 1519 missus,
1150 1469 1438 1520 aduentauit,
1470 1470 1549 1522 qui
1573 1470 1784 1510 Vniuersi

150 1544 311 1596 populi
332 1543 532 1592 nomine,
556 1542 684 1581 Patri
705 1541 897 1581 summis
917 1540 1133 1592 precibus
1154 1540 1448 1592 efflagitaret,
1481 1542 1621 1581 uellet
1643 1553 1780 1581 suum

150 1618 374 1668 populum
391 1615 534 1663 adire;
560 1614 713 1654 aiebat
734 1613 855 1653 enim
877 1624 1052 1664 omneS‚
1077 1619 1304 1665 quotquot
1320 1613 1368 1653 in
1388 1625 1443 1653 eo
1462 1620 1610 1663 erant,
1634 1613 1785 1653 incre-

152 1688 280 1728 dibili
303 1687 456 1727 Patris
479 1685 697 1726 audiendi
719 1685 964 1736 desyderio
978 1684 1140 1724 teneri.
1164 1684 1304 1724 Pater
1320 1696 1414 1725 non
1435 1685 1583 1736 potuit
1600 1685 1786 1724 illorum

150 1761 240 1811 piis
271 1759 394 1799 uotis
415 1769 509 1798 non
531 1757 842 1807 acquiescere,
866 1762 964 1796 tum
992 1755 1100 1807 quia
1120 1755 1215 1795 iarn
1244 1755 1291 1796 id
1317 1756 1470 1807 ipsum
1506 1756 1623 1796 alias
1643 1756 1787 1807 petie-

151 1837 273 1881 rant,
299 1829 436 1881 quod,
462 1829 569 1880 quia
590 1840 684 1868 non
704 1833 936 1879 potuerat,
967 1829 1033 1869 eis
1064 1839 1157 1868 non
1192 1834 1515 1878 concesserat,
1548 1834 1646 1868 tum
1677 1828 1789 1879 quia

152 1913 377 1953 magnum
412 1900 518 1940 inde
540 1899 836 1939 commodum
865 1907 1122 1952 reportare,
1147 1912 1253 1940 cum
1281 1911 1361 1939 eos
1383 1899 1450 1939 sic
1478 1911 1590 1939 suae
1616 1899 1786 1939 doctri-

153 1985 242 2014 nae
265 1972 445 2012 uideret
466 1977 755 2022 appetentes,
785 1972 1019 2022 sperabat.
1050 1971 1116 2012 Eo
1148 1972 1303 2023 itaque
1338 1971 1431 2011 iarn
1460 1970 1520 2010 ad
1549 1982 1627 2010 eos
1656 1981 1785 2010 acce-

155 2045 306 2094 dente,
331 2049 583 2094 antequam
606 2041 664 2081 ad
691 2043 912 2093 populum
941 2043 1221 2094 peruenerit,
1251 2042 1365 2082 facti
1394 2048 1502 2082 sunt
1529 2041 1571 2081 ei
1599 2041 1789 2081 obuiam

155 2121 330 2167 patres,
363 2125 481 2166 quos
502 2113 681 2153 iuratos
711 2122 899 2164 vocant,
931 2114 1101 2165 aliique
1129 2114 1289 2165 populi
1318 2113 1555 2164 primates,
1580 2112 1789 2164 quicum

157 2185 366 2238 puerulis
387 2185 543 2225 multis
564 2185 838 2224 canentibus
866 2185 1173 2224 christianam
1205 2184 1469 2224 doctrinam
1500 2184 1657 2235 (quam
1690 2184 1788 2235 qui-

159 2258 267 2298 dam
288 2269 312 2297 e
333 2256 506 2297 nostris
528 2267 608 2296 eos
630 2255 901 2306 docuerant)
924 2262 1223 2307 exceperunt.
1248 2255 1387 2307 Apud
1408 2266 1488 2295 eos
1516 2255 1678 2295 habuit
1699 2254 1789 2295 Pa-

159 2335 230 2369 ter
250 2327 410 2368 nescio
432 2338 549 2379 quas
571 2326 836 2377 conciones,
861 2338 994 2378 quae,
1029 2333 1077 2367 ut
1105 2327 1151 2366 in
1180 2338 1362 2366 summa
1391 2326 1562 2377 dicam,
1586 2338 1679 2366 non
1708 2327 1790 2366 mi-

159 2411 248 2440 nus
268 2399 499 2440 iucundae
526 2398 639 2449 ipsis
662 2397 934 2438 acciderunt
955 2410 1094 2450 quam
1124 2398 1311 2438 fuerant
1332 2404 1597 2449 exoptatae.

239 2471 298 2511 Et
318 2476 367 2510 ut
388 2470 448 2510 ad
468 2470 574 2519 alia,
606 2480 724 2521 quae
753 2468 808 2509 de
838 2469 941 2509 aliis
968 2469 1180 2521 patribus
1211 2476 1346 2520 gesta
1373 2476 1495 2520 sunt,
1526 2470 1790 2520 deueniam,

160 2542 252 2583 duo
274 2547 433 2594 patres
453 2540 585 2581 missi
605 2545 712 2580 sunt
733 2540 793 2580 ad
813 2541 1009 2592 populos
1029 2539 1258 2592 quosdam
1273 2539 1504 2592 Sugurbio
1526 2541 1722 2592 uicinos,
1741 2547 1794 2582 ut

162 2613 372 2654 diuinum
399 2612 595 2652 uerbum
621 2611 920 2660 seminarent,
951 2611 1271 2652 confessiones
1299 2611 1534 2663 audirent,
1574 2612 1796 2664 aliudque

162 2683 487 2736 quodcumque
501 2689 691 2734 possent
711 2682 937 2734 proximis
959 2682 1185 2723 auxilium
1206 2682 1444 2734 afferrent3
1467 2695 1669 2735 cumque
1699 2695 1797 2724 non

162 2766 344 2807 paucos
371 2753 552 2794 fructus
579 2753 626 2793 hi
651 2754 811 2804 patres
838 2753 1151 2804 collegissent,
1185 2753 1302 2794 adeo
1322 2753 1407 2794 fuit
1437 2754 1526 2795 hoc
1559 2755 1797 2806 Episcopo

164 2824 386 2877 Sugurbii
406 2830 608 2876 gratum,
632 2830 682 2864 ut
704 2824 956 2864 asseruerit
978 2835 1026 2864 se
1056 2824 1253 2864 multum
1274 2825 1349 2865 uel
1376 2824 1465 2865 hoc
1488 2827 1586 2866 solo
1608 2826 1800 2866 nomine

165 2895 390 2937 Societati
412 2900 600 2935 nostrae
623 2894 806 2945 debere,
830 2895 1155 2946 pollicitusque
1176 2895 1235 2935 sit
1257 2895 1298 2935 ei
1320 2902 1508 2946 praesto
1527 2896 1799 2945 affuturum,

310 2972 360 3007 Τ.
381 2983 438 3006 ιιι.
1576 2981 1613 3017 15
