2028 3328
180 148 251 184 1170
689 147 915 185 LITTERAE
942 154 1298 189 QUADRIMESTREs

174 245 322 285 nostri
352 256 608 285 consensus
635 256 691 284 ac
718 243 934 285 Curionis
961 241 1239 294 supplicatio
1269 239 1560 280 confirmant.
1592 239 1694 289 Qua
1723 239 1803 278 via

176 315 392 356 effectum
427 322 496 356 est
522 322 571 355 vt
600 316 827 367 reliquum
857 312 1248 366 quadragesimae
1278 311 1325 350 in
1358 311 1446 350 hoc
1475 320 1597 361 pago
1627 315 1801 349 transe-

177 387 342 437 gerim‚
379 387 524 426 verbo
559 386 646 426 Dei
681 387 961 438 inuigilans‚
1001 382 1123 435 quod
1159 381 1335 422 efficaci
1373 380 1576 432 quadam
1611 379 1803 431 energia

179 458 428 498 multorum
449 458 629 497 animos
651 457 803 506 euicit,
829 457 1137 506 affectumque
1160 454 1366 493 omnium
1386 452 1499 491 mihi
1517 450 1799 491 conciliauit.

257 529 434 569 Diebus
456 529 618 579 sacris,
643 529 791 568 tribus
813 528 859 567 in
880 526 1015 578 pagis
1036 526 1307 576 plerumque
1330 522 1661 572 concionabar,
1696 533 1804 561 raro

181 600 360 640 duobus
382 600 496 639 locis
514 606 774 640 contentus.
797 598 929 638 Multi
946 597 1090 637 multa
1111 594 1306 635 mirifico
1329 593 1495 633 affectu
1518 593 1799 643 obtulerunt,

178 682 312 722 quae,
336 683 421 722 pro
443 670 690 711 Societatis
711 670 939 717 institutO,
972 677 1212 714 recusans,
1243 665 1288 704 in
1318 665 1572 705 maximam
1603 663 1799 703 admira-

179 742 355 782 tionem
383 749 481 781 tum
514 742 691 781 nobiles
735 747 831 780 tum
875 739 1124 789 populares
1165 736 1314 787 rapui.
1356 735 1507 786 Quam
1547 733 1803 774 honorifice

181 813 305 864 apud
326 814 410 853 hos
433 811 645 852 Societas
666 812 755 851 hac
776 811 877 850 sola
907 808 1155 848 occasione
1187 807 1361 856 audiat,
1394 806 1565 845 mirum
1595 811 1682 845 est.
1706 805 1800 846 Uti-

179 895 290 924 nam
310 883 597 935 frequentior
628 883 674 922 in
708 882 797 922 hoc
827 887 987 921 nostro
1017 879 1224 930 Collegio
1253 878 1641 918 concionatorum
1669 876 1803 928 copia

182 955 270 995 has
291 956 516 995 coelestes
538 954 798 994 animorum
822 964 933 1003 opes
955 950 1280 1002 locupletaret!

260 1026 395 1066 Alter
414 1025 727 1074 Vicariorum‚
753 1024 825 1063 vir
847 1023 1036 1075 probus,
1061 1026 1167 1062 cum
1184 1021 1283 1072 ipso
1301 1019 1668 1070 Ludimagistro,
1690 1019 1803 1070 opti-

181 1109 285 1138 mae
306 1097 473 1137 indolis
491 1107 545 1136 ac
563 1095 714 1135 dextri
731 1094 905 1145 ingenii
923 1093 1219 1133 adolescente
1241 1090 1497 1140 vicenario,
1517 1101 1655 1130 sacra
1672 1101 1801 1129 exer-

182 1168 292 1208 citia
312 1168 467 1207 subire
489 1166 759 1218 propediem
780 1164 1002 1214 decreuit,
1024 1174 1256 1215 propenso
1280 1162 1434 1202 animo
1465 1172 1580 1212 erga
1602 1160 1805 1201 Societa-

178 1240 238 1279 tis
258 1239 518 1279 institutum
541 1238 747 1278 affectus.
772 1237 873 1277 Deo
891 1237 1040 1276 honor
1062 1242 1105 1275 et
1131 1234 1297 1285 gloria.

257 1309 692 1349 Reuerendissimus
736 1307 1001 1348 Cardinalis
1045 1305 1364 1356 Lotharingus
1402 1304 1411 1323 ¹
1444 1316 1470 1344 a
1507 1303 1709 1344 Domino
1749 1303 1811 1343 du

179 1380 323 1431 Mont‚
345 1380 606 1420 libellorum
628 1380 864 1430 regiorum
880 1377 1133 1429 praefectO,
1159 1377 1376 1426 monitus,
1400 1387 1537 1415 omne
1553 1374 1803 1415 Societatis

181 1452 493 1503 patrocinium
514 1451 637 1503 apud
657 1450 855 1501 Regiam
885 1449 1179 1489 Maiestatem
1201 1448 1433 1499 pollicitus
1455 1446 1588 1486 nobis
1610 1452 1693 1486 est.

259 1523 694 1563 Reuerendissimus
717 1521 929 1561 Pontifex
952 1521 1315 1561 Clarmontanus
1336 1518 1349 1536 ²
1371 1518 1630 1569 Collegium
1650 1516 1807 1557 Socie-

180 1595 268 1634 tati
289 1596 335 1634 in
356 1593 614 1634 Academia
636 1593 919 1642 Billomensi,
949 1604 1060 1632 mox
1088 1591 1167 1631 vbi
1189 1591 1359 1630 fratres
1389 1589 1589 1629 Romam
1620 1589 1806 1639 appule-

183 1665 289 1714 rint,
313 1664 520 1716 polliceri
541 1670 827 1716 perseuerat,
851 1663 1015 1714 hisque
1037 1662 1198 1702 diebus
1218 1661 1464 1713 proximis,
1487 1660 1574 1700 iter
1596 1660 1642 1699 in
1672 1670 1809 1699 suam

178 1736 429 1776 dioecesim
451 1735 702 1784 adornans,
726 1747 799 1774 me
821 1734 907 1774 sibi
929 1734 1146 1774 comitem
1168 1744 1194 1772 a
1225 1732 1364 1772 Patre
1385 1730 1652 1782 postulauit,
1676 1736 1727 1769 vt
1749 1729 1807 1769 ab

176 1808 277 1859 ipso
314 1807 594 1847 sacerdotali
630 1806 858 1857 dignitate
895 1805 1160 1856 insignitus,
1197 1803 1511 1855 professorem
1538 1801 1808 1852 theologum

177 1879 403 1929 simulque
438 1878 755 1918 Ecclesiasten
786 1877 849 1917 ibi
885 1888 1025 1927 agam
1056 1876 1396 1926 euangelicum;
1428 1873 1560 1914 cuius
1590 1871 1807 1924 precibus

183 1949 323 1989 Pater
343 1948 628 2000 suffragatus
649 1956 733 1999 est,
757 1960 815 1988 ex
836 1947 885 1988 P.
905 1947 957 1988 T.
982 1947 1190 1987 arbitrio.

260 2020 333 2061 Ab
356 2019 644 2060 aduersariis
665 2018 791 2059 haud
820 2020 948 2059 leues
967 2018 1170 2070 patimur
1192 2017 1378 2057 interim
1397 2017 1610 2066 insultus,
1636 2015 1804 2067 quibus

183 2104 209 2131 a
229 2091 331 2131 Deo
355 2091 529 2143 optimo
552 2102 736 2131 omnem
757 2101 933 2130 noxam
954 2089 1138 2140 ignosci
1158 2088 1482 2139 efflagitamus,
1507 2093 1635 2127 certa
1658 2086 1800 2127 etiam

178 2174 260 2214 spe
280 2162 387 2202 freti
409 2162 599 2202 tandem
620 2162 826 2202 faustum
848 2167 916 2201 tot
933 2161 1148 2201 laborum
1168 2159 1306 2200 finem
1329 2158 1486 2199 affore.
1510 2157 1615 2198 Non
1635 2157 1803 2198 medio-

177 2234 319 2274 criter
334 2245 448 2274 vero
461 2234 608 2273 literis
621 2233 923 2273 Paternitatis
936 2238 1057 2282 tuae,
1072 2231 1339 2282 nuperrime
1351 2230 1574 2281 acceptis,
1588 2228 1806 2279 recreati,

177 2311 330 2345 macte
351 2305 522 2345 uirtute
544 2304 749 2355 negotia,
774 2303 1074 2355 quantumuis
1095 2302 1265 2352 ardua,
1289 2301 1607 2353 aggredimur,
1640 2299 1807 2352 quibus

181 2376 274 2416 iam
297 2375 417 2415 Rsshffi
442 2375 579 2416 Pater
601 2382 761 2415 noster
782 2374 983 2424 insudat,
1013 2373 1150 2414 hodie
1178 2372 1310 2413 Rmo.
1335 2372 1589 2421 Cardinali,
1613 2371 1806 2411 huiusce

179 2447 371 2498 negotii,
396 2446 517 2499 quod
541 2459 566 2486 a
589 2446 698 2487 RQ
726 2453 807 2486 tua
828 2446 1109 2497 imperatum
1129 2451 1215 2495 est,
1239 2444 1441 2494 nomine,
1468 2443 1636 2483 litteris
1656 2447 1808 2493 pater·

182 2518 345 2557 nitatis
364 2524 473 2557 tuae
494 2517 678 2557 traditis
706 2516 734 2568 ³,
768 2516 845 2567 qui
864 2516 1052 2556 Patrem
1079 2522 1291 2555 nostrum
1320 2514 1655 2554 humanissime
1675 2524 1811 2552 exce-

239 2676 251 2695 ¹
291 2676 434 2703 Carolus
450 2676 489 2702 de
505 2675 618 2703 Guise.

239 2723 254 2742 2
291 2723 479 2750 Gulielmus
493 2723 536 2750 du
552 2723 647 2750 Prat.

237 2769 251 2788 5
288 2769 406 2796 Eritne
421 2770 474 2796 hic
489 2777 600 2797 sermo
616 2770 655 2797 de
672 2769 796 2804 Ignatii
813 2770 950 2802 litteris,
976 2777 1059 2804 quas
1080 2769 1186 2796 habes
1208 2769 1241 2796 in
1265 2769 1389 2796 Cartas
1409 2768 1452 2795 de
1475 2767 1547 2794 San
1570 2768 1724 2801 Ignacz‘o,
1740 2772 1764 2794 t.
1780 2775 1813 2801 V,

180 2823 260 2850 pag.
276 2817 336 2851 124,
351 2817 417 2844 363?
434 2816 499 2843 Sed
515 2817 558 2844 1.ο
574 2817 607 2844 in
620 2817 688 2844 illis
702 2817 829 2844 litteris
847 2817 887 2843 de
902 2818 993 2844 nullo
1010 2817 1146 2851 negotio
1161 2816 1197 2844 fit
1219 2816 1358 2847 mentio,
1373 2815 1461 2850 quod
1476 2817 1518 2842 ab
1540 2815 1675 2848 Ignatio
1699 2815 1811 2849 impe-

185 2866 304 2890 ratum
320 2865 382 2896 sits
397 2868 430 2891 et
450 2864 495 2890 2.0
523 2865 659 2898 longum
683 2864 782 2891 nimis
806 2864 946 2891 videtur
970 2865 1123 2898 elapsum
1146 2869 1276 2898 tempus
1297 2871 1317 2890 a
1333 2864 1384 2890 die
1410 2863 1443 2890 13
1464 2862 1591 2896 Martii,
1615 2870 1679 2897 quo
1701 2862 1804 2890 datae

183 2911 307 2938 Romae
323 2915 410 2944 sunt,
426 2911 468 2938 ad
482 2911 500 2938 3
514 2910 592 2945 Maji
609 2911 739 2946 (hodie)
757 2919 820 2945 quo
837 2911 1013 2939 Cardinali
1029 2917 1105 2938 suni
1122 2912 1282 2938 traditae.
1297 2910 1427 2938 Verum
1437 2910 1476 2937 de
1490 2911 1531 2938 iis
1544 2911 1643 2945 plura
1658 2910 1692 2937 in
1706 2909 1805 2937 Nova

184 2957 284 2985 Seria·
298 2958 504 2985 litterarum
522 2958 646 2985 Sancti
660 2959 808 2993 Ignatii.
