2028 3328
255 188 326 224 614
762 190 988 229 LllTERAE
1015 201 1375 236 QUADRIMESTRES

256 296 352 331 nes,
378 287 603 327 maiorem
623 288 757 329 nobis
778 289 984 330 animum
1005 289 1195 330 addunt.
1219 289 1444 339 Nuncque
1466 289 1652 328 demum
1683 289 1886 328 maxime

257 357 532 398 confidimus
551 358 757 399 futurum
788 360 1056 411 aliquando,
1094 366 1159 409 vt,
1184 360 1222 399 si
1256 370 1456 410 vsquam
1493 359 1716 409 locorum,
1747 359 1821 398 hic
1843 365 1887 398 et

257 428 516 468 celebretur
537 436 581 469 et
601 430 765 470 floreat
785 430 1011 481 Societas,
1034 443 1119 470 nec
1149 430 1370 470 solidiora
1399 430 1721 470 desideramus
1752 441 1885 480 argu-

255 505 413 539 menta
435 511 575 551 quam
597 501 712 541 istos
734 502 857 551 (cum
885 501 1075 542 Domini
1104 502 1344 551 negotium
1373 501 1609 551 geramus)
1641 501 1887 541 continuos

255 570 468 622 insultus,
494 572 660 623 quibus
682 573 883 623 Vndique
906 573 1161 621 obruimur;
1185 572 1385 612 difficilia
1409 572 1532 612 enim
1555 578 1663 612 sunt
1689 572 1755 622 (vt
1776 572 1886 612 trito

256 642 504 691 prouerbio
527 643 687 693 fertur)
709 655 827 694 quae
856 643 1066 694 pulchra.
1102 643 1489 694 Quandoquidem
1529 643 1606 694 qui
1633 643 1885 683 discordia-

256 724 375 763 rum,
394 714 486 753 litis
509 720 553 753 et
574 715 801 754 malorum
824 715 1031 754 omnium
1057 721 1125 754 est
1158 715 1342 764 author,
1379 721 1424 754 et
1459 715 1688 755 bonorum
1709 721 1886 766 pertur-

255 783 404 835 bator,
429 796 484 824 ac
507 797 713 834 euersor,
738 786 901 825 salutis
923 786 1163 825 hominum
1195 797 1319 836 osor,
1353 786 1634 837 praeuidens
1665 786 1887 837 quodamn

256 855 393 895 modo
410 855 602 905 fructus,
627 857 704 907 qui
724 857 831 896 hinc
853 857 899 896 in
920 857 1143 897 horreum
1164 857 1448 897 dominicum
1470 857 1636 908 augeri
1652 863 1885 908 poterunt,

255 925 430 966 nullum
452 938 545 966 non
566 939 650 978 pro
674 939 803 967 more
824 939 907 967 suo
929 934 1086 968 mouet
1104 940 1269 968 saxum
1293 935 1343 967 vt
1364 940 1448 967 nos
1471 927 1698 968 deturbet:
1722 928 1889 978 ingens

255 996 330 1036 ille
352 997 494 1037 draco
512 998 655 1048 rufus,
680 999 903 1038 continuo
926 1004 1017 1038 stat
1053 1005 1161 1039 ante
1192 999 1433 1039 mulierem
1462 999 1813 1050 parturientem,
1838 1005 1888 1038 vt

258 1068 415 1107 statim
436 1075 621 1119 partum
643 1070 788 1119 ipsius
806 1070 1015 1120 deuoret,
1040 1070 1137 1120 sed,
1175 1082 1228 1109 eo
1263 1070 1424 1120 inuito,
1460 1070 1507 1109 in
1538 1071 1719 1110 coelum
1740 1070 1887 1121 rapie-

255 1144 330 1178 tur
350 1146 526 1190 partus‚
552 1152 637 1180 nec
660 1141 831 1191 poterit
863 1141 1106 1181 mulierem
1142 1141 1291 1192 ipsam
1327 1141 1461 1192 aquis
1483 1141 1696 1191 obruere,
1729 1141 1887 1181 diuina

257 1222 359 1249 eam
381 1218 658 1261 protegente
679 1212 849 1262 gratia.

335 1281 553 1322 Omnium
575 1289 700 1323 certe
736 1284 1005 1324 conciliauit
1036 1284 1233 1333 animos,
1271 1291 1319 1324 ut
1351 1285 1570 1335 pusillum
1602 1296 1797 1336 gregem
1825 1285 1888 1324 di-

257 1362 473 1403 scerpant
509 1362 553 1394 et
587 1355 874 1405 disperdant,
907 1355 1298 1406 quemadmodum
1330 1356 1464 1395 vobis
1500 1356 1656 1407 aliqua
1678 1368 1736 1396 ex
1758 1363 1889 1407 parte

255 1424 515 1465 innotuisse
537 1426 836 1466 arbitramur.
876 1425 1046 1467 Omnia
1073 1434 1227 1466 tamen
1264 1439 1346 1478 per
1376 1426 1464 1466 Dei
1498 1428 1703 1477 gratiam
1738 1427 1889 1468 adhuc

254 1496 437 1546 integra
459 1503 579 1536 sunt.
606 1496 739 1536 Mitto
761 1498 884 1548 quod
908 1505 1048 1538 antea
1071 1498 1134 1538 ita
1162 1498 1495 1538 commonisset
1532 1505 1575 1538 et
1610 1505 1826 1539 senatum
1847 1506 1890 1538 et

254 1566 512 1617 theologos,
528 1568 683 1616 vtjnon
698 1569 1028 1610 erubescerent
1044 1571 1200 1621 palam
1218 1576 1261 1609 et
1279 1570 1459 1620 publice
1476 1571 1771 1621 proclamare
1788 1582 1887 1617 nos,

254 1638 415 1689 flagris
436 1651 518 1690 per
539 1641 743 1691 compita
774 1652 953 1691 caesos,
992 1641 1312 1692 profligandos
1343 1652 1459 1681 esse.
1498 1640 1589 1681 Sed
1616 1647 1661 1681 et
1691 1648 1788 1681 tum
1813 1643 1890 1693 qui

255 1710 382 1750 iuxta
411 1722 700 1751 summorum
720 1711 996 1752 Pontificum
1025 1718 1202 1753 statuta
1233 1724 1392 1752 murus
1428 1724 1601 1752 aeneus
1628 1713 1762 1753 nobis
1789 1720 1889 1753 erat

254 1788 298 1820 et
321 1788 483 1822 contra
506 1794 668 1822 omnes
688 1783 914 1823 aduersas
936 1784 1195 1824 calumnias
1213 1796 1314 1823 esse
1336 1784 1575 1833 debuerat,
1600 1783 1718 1824 adeo
1741 1784 1888 1824 insen-

255 1864 356 1892 sum
378 1853 592 1904 reddidit,
616 1861 667 1894 vt
687 1866 780 1894 non
797 1856 951 1895 solum
974 1867 1066 1895 non
1090 1855 1408 1895 auxiliatrices
1427 1867 1594 1895 manus
1610 1854 1887 1901 exhibuerit,

253 1936 418 1964 verum
436 1932 480 1965 et
501 1932 697 1966 conatus
719 1932 907 1966 nostros
929 1933 973 1966 et
1004 1927 1267 1966 institutum
1305 1927 1515 1967 funditus
1549 1932 1593 1966 et
1615 1932 1825 1967 euertere
1847 1933 1890 1966 et

255 1995 407 2036 delere
442 1997 500 2037 sit
535 2004 748 2048 conatus3
789 1997 915 2049 quod
956 2010 1061 2038 cum
1102 1997 1275 2038 dudum
1314 1999 1407 2038 alta
1445 2003 1599 2038 mente
1633 1998 1888 2049 repositum

255 2074 544 2118 asseruaret,
583 2069 769 2108 tametsi
810 2069 1046 2109 multoties
1080 2069 1228 2109 variis
1263 2068 1543 2109 ostendisset
1583 2069 1890 2119 argumentis,

255 2138 461 2179 nondum
478 2146 635 2179 tamen
658 2145 891 2180 attentare
912 2139 1067 2180 fuerat
1090 2151 1249 2190 ausus,
1274 2140 1422 2179 donec
1440 2151 1490 2179 se
1519 2145 1744 2190 tanquam
1765 2139 1891 2179 inex-

255 2204 494 2261 pugnabili
515 2211 874 2262 propugnaculo
896 2211 1147 2251 sorbonica
1165 2221 1365 2250 censura
1382 2210 1665 2250 instructum
1677 2211 1889 2251 senserit.

255 2281 374 2321 Tum
394 2281 595 2330 demum,
615 2282 750 2333 quasi
769 2281 1063 2322 solidissimis
1084 2281 1400 2322 fundamentis
1427 2281 1631 2331 innixus,
1666 2281 1892 2322 aduersus

256 2352 462 2393 imbelles
483 2365 667 2393 omnem
687 2354 785 2394 Vim
805 2364 938 2393 suam
959 2358 1098 2404 atque
1121 2352 1324 2393 alienam
1359 2352 1563 2404 experiri
1591 2363 1686 2392 non
1714 2351 1891 2392 dubita-

258 2423 338 2462 uit.
363 2423 537 2464 Contra
559 2425 631 2464 ius
652 2436 789 2464 omne
824 2424 870 2464 in
892 2424 964 2464 ius
986 2423 1308 2473 conuocando‚
1337 2423 1416 2463 vbi
1447 2435 1599 2475 neque
1634 2423 1707 2463 ius
1739 2424 1892 2463 locum

258 2495 404 2535 Vllum
424 2495 600 2536 habuit.
627 2494 768 2546 Quid?
795 2495 1042 2547 pulchrum
1062 2495 1188 2535 enim
1209 2494 1293 2535 fuit
1319 2494 1418 2534 eius
1445 2493 1638 2534 vicariis
1667 2493 1890 2545 insontes,

260 2564 432 2606 indicta
455 2577 613 2611 causa,
638 2567 823 2618 probris
846 2566 1004 2606 statim
1037 2577 1091 2606 ac
1120 2565 1414 2606 contumeliis
1448 2576 1566 2616 pene
1596 2564 1789 2605 infinitis
1818 2576 1893 2604 ve-

259 2648 388 2687 xare,
412 2638 622 2677 lacerare
643 2649 698 2677 ac
721 2638 1002 2689 discerpere,
1024 2637 1314 2688 hypocritas,
1333 2635 1676 2686 schismaticos,
1695 2646 1893 2676 conuen-

260 2707 513 2758 ticularios,
545 2720 776 2749 nouarum
797 2715 1033 2749 sectarum
1060 2708 1284 2748 authores
1311 2707 1538 2748 vocitare.
1568 2706 1690 2758 Quid
1713 2707 1896 2759 postea?

262 2777 496 2819 Censuras
518 2779 866 2820 ecclesiasticas
886 2780 1010 2819 Vltro
1032 2778 1242 2830 citroque
1263 2778 1527 2829 fulminare,
1552 2788 1793 2826 carcerem
1813 2777 1893 2817 mi-

261 2848 415 2899 nitari,
440 2855 484 2889 et
504 2850 804 2890 interminare
826 2861 931 2890 cum
952 2850 1278 2901 imploratione
1312 2860 1547 2889 armorum
1578 2848 1892 2889 saecularium

261 2929 318 2958 ne
335 2919 380 2958 in
401 2926 639 2970 posterum
658 2922 735 2961 vel
754 2921 999 2971 religiosos
1019 2920 1094 2960 vel
1114 2920 1284 2960 fratres
1305 2930 1392 2960 nos
1413 2919 1676 2960 diceremus
1696 2924 1775 2958 aut
1795 2919 1889 2958 vllo

267 2995 406 3039 pacto
433 2989 690 3041 Religionis
724 2991 923 3031 formam
960 2991 1319 3031 obseruaremus
1356 2990 1485 3030 iuxta
1521 2992 1659 3030 ritum
1689 2989 1888 3042 instituti
