2028 3328
108 147 155 183 62
626 149 853 186 LlTTERAE
872 159 1231 192 QUADRIMESTRES

109 244 298 295 indicat,
319 245 397 297 qui
417 245 544 285 illam
561 246 621 286 ad
637 245 980 286 confessionem
998 246 1274 287 adhortatus
1290 252 1361 287 est
1377 252 1421 286 et
1438 247 1746 288 mutationem-

104 316 304 356 eonsilii:
327 316 404 356 illa
426 327 540 357 vero
563 316 779 357 confessa
800 322 884 366 est,
909 322 953 356 et
970 316 1062 357 iam
1083 318 1314 358 maximas
1333 317 1515 368 gratias
1536 318 1634 369 agit
1656 330 1750 370 pro¹

105 387 330 428 beneficio
353 394 546 439 accepto
573 399 600 427 a
622 387 722 428 Deo
744 393 787 428 et
809 388 907 427 eius
929 387 1158 428 ministro.
1183 388 1316 429 Alius
1338 388 1384 428 19
1406 400 1556 429 annos
1577 401 1604 429 a
1619 401 1741 441 pane

106 459 231 499 vitae
254 458 556 507 abstinuerat3
584 458 681 507 sed,
704 464 956 510 postquam
976 460 1103 500 venit
1131 460 1190 500 ad
1218 471 1318 510 nos,
1349 459 1593 500 confessus
1614 467 1659 501 et
1680 461 1745 502 ad*

106 536 454 571 sacramentum
482 529 807 570 Eucharistiae
838 529 1070 571 admissus
1097 537 1181 571 est.
1211 530 1346 570 Alius
1373 530 1491 571 adeo
1519 538 1620 572 erat
1641 543 1738 572 cor-

106 601 232 653 poris
266 601 337 641 sui
373 601 692 652 voluptatibus
725 600 922 651 deditus,
958 609 1008 641 Vt
1042 613 1236 653 prorsus
1274 601 1535 652 negligeret
1569 613 1749 654 eorpus.

106 671 309 713 Domini.
334 672 475 723 quue
498 683 603 712 cum
625 683 707 723 per
728 683 914 712 omnem
931 678 1131 713 aetatem
1148 673 1349 723 fecisset,
1368 673 1559 713 tandem
1576 673 1634 713 ad
1651 685 1742 714 nos

107 743 297 784 veniens
320 743 563 783 confessus
586 749 669 792 est,
694 749 739 783 et
761 750 974 783 sanctam
990 743 1337 784 Eucharistiam
1359 745 1578 796 suscepit.
1602 744 1747 786 Alius?

101 813 154 854 30
188 826 336 855 annos
370 825 475 854 eum
504 814 766 853 concubina
797 814 998 865 vixerat,
1032 826 1202 855 verens
1234 826 1306 864 ne,
1343 815 1382 854 si
1417 815 1738 866 confiteretur,

102 886 177 926 illa
190 885 496 937 relinquenda
511 891 648 933 esset;
665 885 745 925 sed
763 884 1022 937 confessus,
1038 886 1165 926 illam
1183 897 1378 926 uxorem
1396 886 1540 926 duxit.
1560 886 1740 927 Eodem

101 957 147 996 in
168 963 293 997 statu
316 957 434 996 alius
459 955 505 995 14
533 956 669 996 annis
696 956 897 1007 vixerat,
927 957 1006 1008 qui
1032 957 1154 997 idem
1184 956 1293 997 feeit
1321 968 1427 997 eum
1457 957 1736 998 concubina.

101 1026 329 1079 Denique,
365 1033 551 1079 praeter
584 1027 748 1068 solitas
777 1027 824 1067 in
858 1029 1029 1080 templo
1064 1035 1225 1068 nostro
1257 1028 1520 1079 conciones,
1562 1029 1737 1070 multae

100 1104 347 1150 praeterea
380 1098 566 1139 habitae
603 1105 709 1139 sunt
741 1111 766 1139 a
789 1099 977 1148 nostris,
1012 1106 1110 1140 tum
1137 1099 1183 1139 in
1213 1099 1450 1139 coenobiis
1470 1100 1735 1150 mulierum,

101 1177 198 1210 tum
220 1169 266 1209 in
293 1181 499 1220 carcere,
536 1175 635 1210 tum
663 1170 709 1209 in
737 1170 1004 1210 triremibus
1034 1170 1230 1222 aliisque
1260 1170 1391 1221 locis,
1423 1182 1528 1211 cum
1558 1182 1741 1223 magno-

101 1241 257 1281 fruotu
278 1241 519 1281 hominum
540 1253 594 1281 ac
614 1241 767 1292 gloria
788 1240 891 1281 Dei.

179 1311 399 1352 Panormi
420 1323 542 1352 anno
567 1311 683 1362 1554,
707 1311 731 1351 9
752 1311 942 1352 Calend.
966 1311 1184 1363 Augusti.

357 1454 616 1495 GERARDUS
646 1455 883 1505 LAP1D1us‚
917 1465 1100 1505 semper
1118 1462 1223 1495 tuus
1244 1455 1528 1496 humillimus
1549 1466 1738 1497 seruus„
