2028 3328
268 213 338 250 684
775 212 1002 251 LITTERAE
1031 221 1389 256 QUADRIMESTRES

271 309 348 349 lui:
372 321 496 349 nunc
519 309 577 350 ad
599 315 812 350 caeteros
834 309 1142 350 scholasticos
1172 308 1430 356 ueniamus,
1455 317 1653 358 quorum
1681 317 1906 346 numerus

273 381 318 420 in
341 380 440 420 dies
462 387 675 432 augetur,
697 388 968 432 crescetque
986 380 1185 431 amplius
1207 379 1294 418 hac
1312 378 1495 429 hyeme.
1512 377 1630 417 Nam
1647 377 1736 416 hac
1754 383 1900 416 aesta-

271 458 315 491 te
336 452 467 492 multi
487 452 623 492 uillas
645 458 690 491 et
711 452 874 491 uineas
896 452 1204 500 incoluerunt,
1229 449 1322 501 qui,
1343 449 1626 489 aduentante
1643 448 1836 498 frigore,
1856 447 1902 487 in

272 523 435 563 urbem
451 535 499 563 se
514 524 753 574 recipient,
768 534 1008 574 nunquam
1022 528 1178 561 tamen
1198 526 1383 560 centum
1402 519 1667 570 sexaginta,
1683 525 1727 559 et
1744 519 1906 570 plures

272 595 439 645 adhuc,
460 595 718 644 defuerunt,
745 594 822 645 qui
851 594 1060 634 feruente
1083 592 1224 632 etiam
1246 592 1342 632 sole
1364 590 1423 630 ad
1443 602 1530 631 nos
1559 591 1787 630 uenirent.
1812 589 1904 630 Pro

273 665 552 706 innouandis
574 666 814 705 literarum
836 664 1001 704 studiis
1024 663 1080 703 ad
1109 663 1283 703 mensis
1310 662 1548 714 sequentis
1569 661 1753 701 initium
1781 672 1903 701 com-

273 737 453 788 positae
476 742 582 777 sunt
617 737 736 776 duae
767 736 1017 782 orationes,
1051 746 1170 786 quae
1192 746 1219 774 a
1240 733 1420 774 duobus
1448 732 1744 773 scholasticis
1766 732 1903 772 habe-

272 809 458 856 buntur,
489 820 672 848 necnon
700 807 1040 858 grammaticae
1070 805 1247 855 theses,
1280 816 1396 856 quas
1428 804 1684 856 discipulus
1716 802 1906 854 quidam

273 886 343 919 est
364 885 613 928 tutaturus,
638 890 757 930 quae
779 890 804 917 a
827 877 1026 917 caeteris
1055 876 1454 927 impugnabuntur
1484 886 1614 915 more
1641 873 1906 926 parisiensi;

273 951 351 990 alii
371 950 479 990 item
502 955 746 1001 poetarum
765 955 923 1000 partes
948 948 1181 988 subibunt.
1211 947 1341 987 Haec
1363 953 1518 987 autem
1542 946 1699 986 omnia
1727 957 1781 985 eo
1811 950 1906 984 ten·

275 1022 402 1072 dunt,
427 1028 476 1061 ut
498 1022 570 1061 uel
592 1021 699 1060 hinc
720 1020 889 1060 ciuitas
906 1020 1136 1070 intelligat
1155 1025 1376 1071 quantam
1401 1018 1599 1058 afferant
1618 1018 1769 1056 lucem
1787 1016 1904 1056 haec

274 1099 437 1133 nostra
458 1092 611 1132 studia
632 1092 875 1141 iuuentuti,
900 1103 1041 1142 quam
1057 1091 1232 1131 caeteri
1247 1096 1580 1142 praeceptores
1598 1087 1752 1128 deludi
1770 1093 1814 1127 et
1831 1088 1905 1126 de-

277 1164 383 1215 cipi,
408 1170 681 1214 tempusque
704 1162 879 1202 frustra
908 1168 1153 1202 conterere
1183 1160 1415 1201 affirmare
1444 1172 1541 1200 non
1569 1166 1806 1209 uerentur,
1830 1159 1907 1209 qui

275 1235 361 1274 etsi
382 1245 469 1273 nos
491 1234 754 1273 clanculum
782 1233 918 1273 dente
940 1233 1164 1272 theonino
1196 1232 1424 1281 mordent,
1458 1237 1615 1271 tamen
1648 1230 1906 1281 diligentior

276 1317 351 1345 res
372 1305 515 1345 multo
537 1304 674 1344 modo
704 1315 752 1343 se
780 1304 1006 1355 praebent
1038 1315 1179 1355 quam
1206 1309 1360 1353 antea,
1387 1308 1434 1342 ut
1456 1314 1511 1342 ea
1539 1301 1782 1352 diligentia
1810 1312 1911 1352 pos·

277 1377 367 1416 sint
387 1387 558 1427 pueros
575 1376 791 1426 retinere,
812 1387 1010 1427 quorum
1028 1375 1159 1415 multi
1177 1374 1235 1415 ad
1251 1386 1340 1414 nos
1356 1374 1564 1421 ueniunt,
1583 1373 1784 1424 hincque
1802 1377 1910 1412 sunt

277 1448 383 1487 illae
402 1448 657 1498 lacrymae.
680 1446 901 1487 Nonnulli
922 1459 1063 1498 porro
1085 1458 1143 1487 ex
1165 1446 1404 1497 magistris
1426 1446 1589 1485 uolunt
1608 1444 1818 1484 ordinem
1834 1455 1912 1483 no·

279 1525 426 1559 strum
447 1518 619 1558 imitari
640 1518 917 1570 praesertim
935 1519 981 1558 in
998 1518 1231 1570 precibu5‚
1251 1529 1371 1569 quae
1389 1516 1615 1557 absolutis
1632 1514 1911 1555 lectionibus

280 1602 306 1629 a
328 1590 500 1630 nostris
521 1589 649 1639 fiunt,
675 1590 834 1641 sicque
855 1590 1053 1630 daemon
1072 1589 1258 1629 interim
1275 1588 1495 1637 illuditur,
1518 1587 1706 1639 suisque
1724 1587 1823 1638 ipse
1840 1597 1910 1625 ar-

280 1661 402 1701 tibus
424 1661 620 1711 capitur.

359 1730 621 1772 Omiseram
644 1744 757 1772 sane
780 1732 825 1772 id
848 1731 972 1783 quod
993 1738 1150 1772 actum
1177 1738 1245 1772 est
1268 1744 1295 1771 a
1317 1731 1491 1771 nostris
1519 1730 1761 1782 discipulis
1782 1730 1827 1769 in
1851 1729 1910 1769 fe-

280 1810 350 1843 sto
373 1802 596 1854 Corporis
618 1802 808 1853 Christi,
842 1803 964 1854 quod
986 1803 1174 1843 minime
1202 1802 1509 1842 omittendum
1539 1801 1769 1842 existimo
1795 1800 1910 1841 Cum

278 1875 352 1915 hic
388 1874 486 1914 dies
513 1874 785 1914 uniuersam
812 1875 1052 1915 ciuitatem
1080 1885 1334 1925 omnesque
1366 1873 1699 1924 cuiuscumque
1733 1871 1910 1912 ordinis

278 1945 526 1996 religiosos
553 1944 823 1997 frequentes
851 1947 998 1986 soleat
1029 1945 1264 1985 aduocare
1293 1945 1352 1985 ad
1387 1944 1778 1996 supplicationem
1810 1941 1912 1982 Deo

280 2017 533 2057 immortali
549 2016 894 2057 decernendam
912 2029 994 2068 per
1010 2029 1172 2057 omnes
1189 2017 1320 2057 uicos
1337 2017 1558 2068 urbisque
1573 2016 1769 2067 plateas,
1790 2025 1912 2054 com-

281 2087 431 2138 posita
453 2087 640 2128 fuerunt
663 2100 689 2127 a
722 2087 838 2128 Rdo.
870 2087 918 2127 P.
947 2088 1127 2140 Joanne
1155 2088 1385 2140 quaedam
1414 2087 1625 2128 carmina
1654 2087 1701 2126 in
1727 2084 1914 2125 laudem

282 2157 589 2209 Sacramenti,
621 2170 740 2210 quae
769 2159 1021 2199 decantata
1046 2160 1234 2200 fuerunt
1266 2172 1292 2199 a
1329 2165 1529 2210 quatuor
1563 2157 1720 2209 pueris
1751 2167 1913 2196 coram

283 2230 580 2270 sanctissimo
602 2229 925 2281 sacramento,
950 2230 1097 2281 Duce,
1122 2229 1313 2278 Senatu,
1338 2236 1476 2281 atque
1492 2229 1744 2280 Episcopo,
1765 2231 1912 2267 caete-

283 2311 428 2351 raque
448 2301 668 2341 uniuersa
691 2301 1086 2342 nobilissimorum
1108 2301 1281 2341 ciuium
1310 2306 1517 2350 caterua,
1542 2301 1590 2340 in
1612 2300 1763 2350 altari,
1788 2297 1913 2350 quod

284 2382 369 2422 pro
390 2371 570 2412 foribus
587 2373 771 2423 collegii
788 2373 937 2412 nostri
955 2373 1227 2423 struximus,
1247 2372 1414 2412 imitati
1430 2382 1607 2412 morem
1625 2369 1810 2421 collegii
1828 2368 1912 2409 Ro-

285 2442 424 2482 mani:
444 2454 562 2494 quae
580 2454 654 2482 res
672 2443 927 2483 maximam
949 2443 1103 2483 attulit
1126 2443 1345 2483 uniuerso
1362 2443 1533 2494 populo
1557 2441 1914 2482 admirationem

285 2518 476 2564 propter
502 2513 760 2554 nouitatem
794 2514 857 2564 (in
884 2520 981 2554 tota
1009 2514 1238 2566 siquidem
1268 2514 1382 2554 urbe
1413 2513 1525 2553 nihil
1558 2512 1707 2552 simile
1739 2512 1916 2552 factum

286 2585 387 2634 est),
413 2583 624 2635 adeoque
644 2592 783 2635 grata
804 2584 991 2625 fuerunt
1013 2585 1192 2624 ciuibus
1214 2584 1438 2634 carmina,
1465 2590 1513 2624 ut
1534 2583 1741 2635 plerique
1762 2593 1818 2622 ea
1840 2593 1916 2633 po-

287 2654 579 2704 stulauerint‚
604 2666 691 2695 nec
713 2655 943 2696 defuerint
965 2655 1043 2707 qui
1071 2667 1127 2695 ea
1154 2655 1296 2695 etiam
1323 2654 1555 2695 excudere
1583 2654 1768 2693 uellent.
1798 2652 1916 2692 Tan-

288 2724 407 2774 dem,
439 2731 488 2764 ut
515 2736 607 2765 uno
634 2726 780 2766 uerbo
810 2726 979 2776 dicam,
1014 2726 1170 2766 omnia
1192 2726 1254 2766 ita
1277 2725 1392 2765 fiunt
1412 2732 1461 2765 ut
1481 2736 1564 2777 per
1584 2730 1729 2764 totam
1757 2723 1918 2763 urbem

289 2795 405 2834 bene
427 2796 586 2835 audiat
607 2796 682 2836 hic
704 2798 847 2847 locus,
872 2797 1153 2848 praesertim
1175 2796 1300 2848 apud
1315 2796 1615 2848 Episcopum,
1636 2795 1714 2846 qui
1735 2805 1826 2834 non
1849 2804 1918 2833 so-

289 2865 382 2904 lum
405 2866 562 2905 uerbis
592 2867 674 2907 sed
695 2868 836 2908 etiam
857 2868 1055 2919 epistola
1076 2868 1134 2907 ab
1156 2867 1258 2919 ipso
1280 2873 1489 2917 exarata,
1514 2877 1634 2917 quae
1654 2865 1825 2917 publici
1855 2870 1918 2903 te-

292 2935 497 2974 stimonii
526 2937 678 2977 uicem
707 2938 896 2988 obtinet,
928 2938 995 2988 id,
1019 2937 1143 2990 quod
1171 2938 1227 2977 de
1253 2936 1486 2978 Societate
1516 2943 1677 2976 nostra
1707 2935 1915 2984 sentiret,

292 3005 534 3056 indicauit,
562 3007 609 3046 in
639 3020 729 3059 qua
758 3009 951 3049 summis
979 3009 1276 3060 prosequitur
1301 3008 1515 3048 laudibus
1543 3007 1838 3057 Societatem,
1869 3012 1917 3046 ut
