2028 3328
230 130 302 167 438
742 129 968 167 LITTERAE
996 141 1354 173 QUADRnfflsrfflis

228 227 352 266 xime
375 227 601 278 sequenti,
626 233 873 279 postquam
902 228 1142 268 confessus
1179 234 1261 277 est,
1287 228 1333 266 in
1360 226 1619 277 Collegium
1650 234 1864 268 nostrum

230 298 424 346 uenerit,
451 304 494 338 et
516 299 593 350 qui
617 306 755 339 antea
775 300 932 351 tepida
955 299 1156 350 quadam
1184 298 1371 338 uiuendi
1404 298 1585 337 ratione
1614 304 1863 339 contentus

229 374 344 419 erat,
368 381 493 409 nunc
515 371 681 410 maiori
702 371 886 410 feruore
909 382 957 410 se
980 377 1127 409 totum
1143 369 1299 408 tradat
1321 368 1560 408 exercitiis
1587 369 1788 420 pietatis.

309 440 416 480 Alia
439 440 670 492 quaedam
690 441 892 481 foemina
927 441 1141 480 confessa
1164 446 1246 489 est,
1279 451 1397 490 quae
1433 451 1515 490 per
1550 447 1674 479 totos
1696 440 1867 490 viginti

230 511 432 562 quinque
454 523 603 551 annos
624 513 737 552 nulli
759 512 1046 552 confessario
1068 522 1201 550 suam
1230 511 1568 550 conscientiam
1596 517 1864 562 aperuerat,

231 593 325 621 non
347 582 402 621 ob
426 582 549 622 aliud
577 584 666 623 nisi
694 584 801 634 quia
824 581 1100 622 confessarii
1131 581 1172 621 ei
1200 581 1459 621 suadebant
1489 587 1538 621 ut
1568 582 1751 633 publice
1773 594 1866 622 ma-

230 653 499 693 trimonium
518 654 816 694 contraheret
832 653 1170 693 interueniente
1187 653 1446 692 ministerio
1460 652 1735 693 sacerdotis:
1757 665 1866 693 nam

232 724 319 774 uir,
340 736 444 764 cum
461 726 661 776 quoiam
678 725 833 764 multis
851 724 1013 763 diebus
1035 724 1180 763 uitam
1200 724 1414 774 degebat,
1439 726 1537 763 solo
1557 725 1769 764 clanculo
1792 725 1868 764 uel

232 796 522 835 clandestino
557 796 855 836 matrimonio
888 796 929 834 ei
964 795 1115 834 fuerat
1149 796 1409 846 copulatus.
1445 795 1710 835 Verebatur
1746 795 1864 835 haec

232 867 398 906 mulier
419 867 587 907 mirum
620 868 666 906 in
687 866 890 913 modum,
917 866 954 905 si
985 865 1030 905 id
1065 865 1189 917 quod
1210 866 1486 906 consessas-ii
1513 866 1867 917 praecipiebant

233 944 556 989 exequeretur,
577 939 623 978 in
640 949 871 978 summam
888 937 1197 988 ignominiam
1215 938 1536 988 deventuram3
1555 938 1710 977 aiebat
1727 937 1865 977 enirn:

236 1009 313 1059 qui
334 1021 406 1048 me
430 1021 550 1049 nunc
573 1010 723 1049 denuo
755 1009 800 1049 id
829 1008 1010 1049 efficere
1038 1009 1340 1060 conspicient,
1367 1009 1558 1049 credent
1579 1008 1704 1048 haud
1731 1008 1867 1048 dubie

233 1081 408 1119 nullum
430 1086 567 1120 antea
588 1080 904 1131 praecessisse
926 1080 1293 1130 matrimonium,
1321 1091 1471 1131 neque
1500 1091 1571 1119 me
1600 1080 1865 1130 coniugem,

233 1150 313 1190 sed
334 1151 641 1191 concubinam
669 1151 871 1191 hominis
900 1151 1037 1190 huius
1064 1152 1292 1191 hactenus
1320 1151 1544 1191 extitisse.
1576 1151 1678 1190 Hoc
1709 1151 1867 1202 itaque

233 1223 489 1262 retinaculo
527 1222 767 1262 daemonis
802 1222 1032 1262 industria
1068 1222 1271 1272 detenta,
1309 1223 1436 1262 nulla
1466 1223 1648 1262 ratione
1683 1222 1868 1262 uolebat

233 1294 539 1334 saluberrimo
571 1294 811 1334 Ecclesiae
841 1294 897 1333 de
926 1294 1220 1334 confessione
1250 1299 1502 1346 praecepto
1525 1294 1864 1346 obtemperare.

232 1363 372 1404 Venit
394 1366 481 1404 hoc
510 1365 569 1405 ad
597 1377 733 1404 aures
765 1365 1010 1404 cuiusdam
1034 1364 1187 1404 Patris
1214 1365 1377 1414 nostri,
1411 1365 1490 1416 qui
1520 1376 1742 1416 magnam
1770 1365 1867 1405 dili-

228 1437 437 1487 gentiam
456 1436 665 1476 adhibuit
687 1442 735 1475 ut
765 1436 881 1476 haec
910 1436 1078 1476 mulier
1110 1435 1426 1486 confiteretur,
1461 1442 1505 1476 et
1534 1437 1599 1476 ita
1631 1436 1868 1476 confessa-

228 1509 403 1547 riorum
425 1507 562 1547 dictis
583 1507 764 1547 audiret
787 1507 842 1547 de
865 1507 1048 1558 publice
1070 1507 1393 1547 contrahendo
1415 1508 1730 1558 matrimonio,
1752 1514 1802 1548 ut
1822 1508 1868 1547 in

229 1580 404 1618 nullam
421 1579 728 1630 ignominiam
745 1578 880 1618 huius
898 1578 1119 1623 mulieris.
1140 1590 1280 1630 quam
1297 1579 1398 1630 ipsa
1416 1579 1682 1626 uerebatur‚
1703 1590 1778 1619 res
1799 1590 1868 1619 ce-

231 1649 374 1689 deret:
392 1651 547 1701 itaque
562 1649 984 1700 Archiepiscopum
998 1650 1226 1689 allocutus
1243 1656 1288 1689 et
1307 1661 1411 1689 eum
1429 1649 1709 1700 sacrificum,
1730 1661 1869 1701 quem

229 1722 330 1772 ipsa
344 1721 401 1760 ad
421 1721 506 1761 hoc
525 1721 822 1760 commodum
839 1721 992 1771 elegit,
1010 1720 1175 1760 eodem
1190 1719 1328 1760 modo
1348 1726 1392 1760 et
1409 1720 1574 1760 eodem
1591 1721 1710 1771 loco,
1730 1732 1869 1772 quem

228 1793 329 1843 ipsa
353 1792 619 1843 postulauit,
644 1792 885 1842 negotium
910 1791 1105 1843 peregit,
1141 1792 1299 1842 sicque
1328 1790 1544 1831 effectum
1573 1797 1657 1841 est,
1694 1798 1744 1831 ut
1768 1803 1864 1831 mu-

230 1863 313 1903 lier
345 1864 461 1903 haec
489 1863 802 1903 miserrimum
838 1870 1011 1903 statum
1045 1863 1228 1914 peccati
1260 1863 1531 1913 deseruerit,
1564 1869 1815 1914 antequam
1838 1875 1864 1902 a

228 1935 386 1975 diuino
405 1935 632 1986 supplicio
650 1935 696 1975 in
714 1946 768 1974 eo
785 1934 1227 1986 deprehenderetur.
1250 1935 1414 1975 Mulier
1431 1934 1571 1974 etiam
1588 1935 1678 1974 alia
1701 1946 1728 1974 a
1745 1934 1863 1985 uiro,

229 2018 335 2046 Cum
357 2018 446 2058 quo
468 2012 646 2057 septem
667 2007 741 2045 uel
762 2012 868 2046 octo
891 2006 1026 2046 annis
1049 2006 1196 2046 uitam
1223 2013 1400 2057 egerat,
1429 2005 1584 2046 fuerat
1614 2005 1865 2055 disiuncta,

228 2085 326 2117 tum
348 2078 404 2117 ob
426 2077 791 2129 imprudentium
812 2077 1210 2117 confessariorum
1234 2077 1495 2127 consilium,
1513 2085 1613 2117 tum
1640 2076 1781 2116 etiam
1811 2076 1868 2116 ob

230 2160 393 2200 preces
421 2148 730 2200 quorumdam
759 2148 1015 2198 hominum,
1045 2148 1122 2199 qui
1151 2159 1255 2188 eam
1285 2148 1600 2188 incitauerant
1635 2153 1685 2187 ut
1706 2158 1868 2187 secum

230 2221 543 2260 committeret
565 2219 859 2260 adulterium.
880 2219 1025 2270 Quae,
1046 2226 1095 2259 ut
1112 2220 1276 2259 melius
1297 2220 1534 2271 tutiusque
1546 2224 1704 2271 posset
1727 2231 1754 2258 a
1773 2230 1868 2258 ma-

232 2292 308 2331 riti
346 2291 627 2331 commercio
660 2291 915 2330 dissociata
945 2302 1237 2342 permanere,
1269 2291 1430 2342 magni
1465 2290 1674 2331 criminis
1707 2295 1869 2330 semet-

230 2362 381 2413 ipsam
398 2368 505 2401 ante
521 2361 721 2401 iudicem
742 2362 998 2411 accusauit,
1019 2373 1301 2402 asseuerans
1321 2373 1371 2401 se
1389 2368 1496 2402 ante
1517 2361 1868 2402 matrimonium

232 2433 462 2484 quosdam
484 2433 695 2472 homines
726 2445 810 2473 suo
847 2434 1016 2473 marito
1051 2433 1460 2484 consanguinitate
1489 2433 1764 2473 coniunctos
1794 2443 1867 2472 co-

232 2504 469 2554 gnouisse,
494 2510 538 2543 et
569 2504 763 2555 proinde
799 2504 1114 2544 contendebat
1143 2505 1313 2544 nullius
1345 2504 1580 2544 efficaciae
1611 2503 1755 2543 fuisse
1779 2502 1867 2553 pri-

236 2586 363 2614 mum
390 2575 756 2615 matrimonium.
781 2575 897 2615 Cum
925 2586 1039 2626 ergo
1061 2575 1121 2615 ad
1141 2576 1264 2615 hunc
1285 2580 1460 2615 statum
1481 2586 1557 2614 res
1585 2574 1867 2623 deuenisset‚

235 2645 293 2684 ad
310 2646 557 2696 quemdam
582 2658 604 2685 e
622 2647 795 2686 nostris
813 2647 1023 2698 patribus
1040 2647 1176 2687 huius
1199 2647 1268 2686 rei
1289 2646 1498 2697 cognitio
1518 2645 1746 2697 peruenit,
1771 2645 1868 2696 qui,

236 2717 392 2755 statim
416 2723 553 2768 atque
588 2718 730 2767 nouit,
756 2719 995 2758 mulierem
1017 2719 1258 2769 conuenit3
1282 2724 1331 2758 ut
1352 2723 1547 2769 peccata
1576 2728 1660 2757 sua
1683 2715 1869 2757 confite-

234 2793 364 2826 retur
387 2788 526 2838 (quod
548 2800 574 2827 a
603 2789 757 2828 multis
791 2789 926 2829 annis
960 2802 1053 2829 non
1086 2790 1278 2838 fecerat)
1302 2789 1465 2839 suasit,
1497 2788 1705 2840 adeoque
1735 2787 1821 2827 fuit
1843 2798 1870 2826 a

237 2855 411 2907 Spiritu
434 2857 606 2898 Sancto
628 2859 674 2898 in
701 2859 994 2900 confessione
1017 2866 1267 2911 commota,
1291 2866 1340 2900 ut
1368 2871 1418 2900 se
1449 2865 1596 2900 totam
1630 2864 1675 2899 et
1698 2863 1869 2898 cuncta

238 2938 322 2966 sua
344 2929 532 2978 negotia
554 2930 600 2969 in
622 2940 762 2968 manu
783 2929 936 2971 Patris
957 2931 1178 2982 posuerit,
1203 2931 1249 2970 id
1264 2931 1421 2975 >solum
1441 2936 1713 2980 executura,
1739 2927 1867 2980 quod
