2028 3328
210 121 281 162 280
716 122 944 159 Llrrfflfflss
973 132 1331 165 QUADRniEs‘TREs

402 428 686 457 praecedentium
701 429 815 456 Patris
831 429 996 464 Alphonsi
1015 430 1054 456 de
1066 429 1192 457 Zarate
1208 430 1386 457 literarum
1406 431 1514 457 latina
1530 431 1643 457 versio

678 484 698 503 a
713 476 816 504 Patre
832 476 934 504 Petro
949 477 989 504 de
1004 477 1164 504 Acebedo
1179 477 1334 505 confecta
1348 477 1370 503 ¹.

1008 610 1028 642 ἦ.

973 645 1069 686 IHS

286 786 385 827 Pax
407 787 594 838 Christi,
619 795 706 828 etc.

287 857 630 909 Quadrimestri
656 860 868 910 proxime
898 872 924 900 a
951 859 1000 900 P.
1039 859 1254 899 Nauarro
1290 859 1465 910 scripta
1494 858 1714 899 existimo
1737 860 1837 900 red-

203 929 348 969 ditam
370 936 535 970 exacte
557 930 801 980 rationem,
830 937 1031 982 quantus
1053 930 1111 970 sit
1146 941 1379 982 quamque
1406 929 1625 982 frequens
1648 930 1706 970 ad
1729 942 1833 970 con-

202 999 454 1040 fessionem
475 1007 519 1041 et
546 1013 734 1041 sacram
764 1002 1137 1041 communionem
1168 1002 1418 1041 multorum
1451 1012 1722 1051 concursus,
1758 1002 1834 1053 qui

202 1071 249 1110 in
280 1071 393 1119 dies,
426 1072 632 1122 gratuita
667 1072 778 1125 Jesu
813 1071 985 1112 Christi
1018 1071 1346 1122 beneficentia,
1383 1071 1723 1112 incrementum
1759 1084 1832 1111 ca-

201 1142 282 1193 pit,
306 1154 400 1182 non
421 1143 520 1183 sine
541 1143 893 1194 perseuerantia
917 1150 960 1183 et
990 1143 1196 1182 maximo
1228 1142 1454 1193 profectu.
1479 1142 1542 1183 At
1564 1142 1703 1182 modo
1727 1155 1832 1183 cum

199 1213 439 1254 auditores
466 1214 812 1264 poenitentiarii
838 1226 1033 1254 numero
1068 1214 1317 1265 creuerint,
1352 1221 1396 1254 et
1427 1213 1505 1266 qui
1533 1220 1703 1254 octauo
1724 1226 1832 1266 quo-

196 1295 286 1335 que
308 1284 382 1325 die
404 1285 528 1325 soliti
544 1292 678 1325 erant
704 1285 1067 1336 communicare,
1091 1285 1137 1325 in
1164 1285 1261 1325 dies
1291 1286 1447 1336 plures
1470 1284 1535 1336 (re
1558 1285 1621 1325 ita
1644 1285 1833 1336 exigen-

199 1356 260 1406 te)
283 1355 413 1396 dilati
435 1357 546 1408 sint,
570 1357 907 1408 poenitentium
938 1364 1095 1396 tamen
1123 1368 1316 1396 numero
1347 1357 1440 1408 (qui
1466 1356 1647 1397 feriatis
1669 1356 1832 1396 diebus

195 1428 288 1467 huc
310 1427 369 1468 ad
396 1439 483 1468 nos
517 1428 770 1478 confluunt)
801 1428 1045 1479 nequimus
1081 1427 1368 1468 satisfacere.
1400 1427 1491 1468 Sed
1523 1440 1579 1468 ne
1608 1427 1710 1480 quis
1732 1427 1831 1468 sine

194 1499 509 1539 confessionis
531 1505 610 1540 aut
638 1500 978 1540 communionis
1010 1511 1096 1551 ope
1127 1499 1351 1550 discedat,
1382 1505 1609 1551 quantum
1631 1499 1678 1539 in
1699 1498 1833 1539 nobis

191 1575 280 1620 est,
300 1570 641 1611 contendimus.
663 1570 958 1622 Quapropter
980 1570 1218 1611 auditores
1234 1570 1619 1622 poenitentiarios
1640 1570 1688 1610 in
1709 1570 1832 1610 hunc

195 1641 387 1681 modum
409 1642 726 1682 assuescimus
747 1642 1040 1693 distribuere,
1064 1648 1115 1682 vt
1137 1648 1231 1682 tres
1253 1642 1361 1682 dent
1388 1653 1522 1681 suam
1544 1652 1736 1692 operam
1758 1641 1829 1685 iis.

188 1712 271 1764 qui
304 1712 360 1752 de
394 1724 524 1753 more
564 1713 737 1753 habent
772 1713 905 1753 nobis
945 1712 1177 1753 confiteri:
1220 1713 1387 1765 reliqui
1427 1712 1551 1764 aliis,
1593 1711 1671 1764 qui
1706 1724 1829 1752 nunc

188 1783 343 1823 denuo
366 1784 574 1834 veniunt,
600 1790 707 1824 sunt
729 1784 963 1824 destinati.
997 1784 1254 1825 Generales
1274 1783 1593 1824 confessiones
1615 1782 1827 1835 frequen-

188 1861 260 1895 tes
282 1861 403 1905 sunt,
428 1855 596 1906 quibus
617 1867 710 1895 non
731 1866 877 1896 vnum
897 1861 977 1895 aut
1008 1856 1206 1895 alterum
1240 1855 1362 1895 diem
1397 1854 1586 1905 damus,
1611 1854 1693 1894 sed
1715 1866 1824 1894 non-

187 1938 429 1978 nunquam
463 1938 567 1977 sex,
606 1933 727 1977 octo,
759 1925 923 1967 decem
954 1927 1264 1966 insumuntur.
1297 1925 1494 1977 Scriptis
1524 1932 1574 1965 vt
1602 1925 1826 1966 mandent

188 2003 385 2048 peccata
422 1997 743 2048 admonemus,
780 1997 980 2037 formam
1013 1997 1411 2049 praescribentes,
1450 2008 1590 2048 quam
1625 1996 1825 2048 sequuti,

188 2068 380 2108 minimo
428 2068 652 2119 nogotio,
700 2080 820 2120 quae
865 2074 1143 2109 contraxere
1182 2068 1407 2119 crimina,
1450 2067 1630 2119 possint
1670 2067 1827 2107 memi-

190 2139 330 2179 nisse.
354 2139 486 2179 Tunc
504 2139 660 2190 etiam,
680 2151 769 2191 qua
804 2139 986 2179 ratione
1016 2140 1201 2191 singula
1237 2139 1423 2180 diuinae
1452 2139 1570 2190 legis
1600 2137 1823 2178 mandata

188 2210 458 2261 transgredi
479 2211 673 2262 possint,
697 2217 748 2251 vt
777 2211 920 2251 semel
954 2211 1201 2261 admoniti,
1239 2211 1327 2251 sibi
1362 2217 1562 2250 caueant
1596 2210 1641 2249 in
1674 2216 1824 2261 poste-

188 2293 319 2331 rum,
357 2288 436 2322 aut
468 2282 524 2322 de
559 2282 727 2333 quibus
763 2281 974 2322 confiteri
1012 2281 1210 2322 debeant
1247 2293 1339 2321 non
1374 2281 1606 2333 ignorent.
1646 2281 1714 2321 Ita
1750 2292 1825 2320 ex-

187 2353 445 2403 perimento
474 2353 679 2404 quotidie
710 2353 931 2393 discimus
972 2354 1219 2393 nonnullos
1255 2353 1467 2404 (quorum
1497 2358 1629 2392 erant
1665 2363 1820 2392 corru-

187 2423 386 2474 ptissimi
418 2424 589 2474 mores)
620 2425 766 2464 multo
803 2425 943 2464 aliam
971 2424 1119 2464 vitam
1146 2424 1420 2473 destinasse,
1459 2429 1503 2463 et
1534 2435 1627 2463 non
1662 2422 1827 2462 leuiter

191 2495 239 2533 in
260 2494 337 2534 uia
357 2494 548 2535 Domini
568 2495 839 2547 profecisse.

276 2564 470 2605 Abunde
491 2566 604 2606 satis
627 2566 787 2606 diuina
808 2566 1131 2607 misericordia
1151 2566 1422 2606 vniuersam
1443 2565 1565 2605 hanc
1587 2564 1827 2604 ciuitatem

191 2636 351 2687 implet
371 2636 694 2677 benedictione
717 2649 814 2678 sua.
844 2637 963 2678 Nam
984 2638 1131 2688 multi,
1152 2637 1230 2689 qui
1247 2636 1421 2687 (nescio
1439 2635 1545 2687 qua)
1568 2635 1829 2686 praepediti

190 2706 491 2757 verecundia,
516 2707 692 2758 aliquot
714 2715 910 2759 peccata
932 2720 1172 2759 nunquam
1191 2707 1377 2748 fuerant
1395 2706 1613 2757 confessi,
1637 2705 1828 2746 tandem

189 2778 475 2826 reuelarunt,
500 2778 825 2830 videnturque,
845 2779 1094 2829 collegium
1115 2778 1202 2818 hoc
1219 2778 1362 2818 semel
1383 2777 1598 2828 ingressi,
1621 2777 1828 2817 animum

245 2940 252 2958 ¹
297 2939 546 2974 Autographae
569 2939 693 2973 duplici
709 2939 800 2972 folio,
816 2940 924 2973 primo
940 2947 970 2966 n.
986 2939 1049 2972 513,
1065 2939 1175 2966 altero
1191 2946 1255 2966 non
1270 2942 1462 2965 numerato.
