2028 3328
161 119 184 153 S
677 118 906 157 LITTERAE
925 130 1286 164 QUADRIMESTRES

244 213 600 266 Superscrzptz'o
621 227 672 256 ιη
691 220 868 268 quarta
882 222 1090 270 pagzna.

242 282 354 364 IIJCIS.
378 322 648 365 Admodum
668 324 771 365 R.d0
803 325 851 366 in
873 325 1060 366 Christo
1081 324 1210 366 Patri
1230 330 1393 366 nostro
1413 324 1641 376 Magistro
1662 325 1778 376 Igna
1792 348 1809 353 —

164 395 227 434 tio
251 395 307 435 de
327 396 509 447 Loyola
530 395 806 448 Praeposito
825 395 1046 437 Generali
1066 395 1315 437 Societatis
1331 395 1456 449 Jesu,
1495 394 1687 436 Romae.

246 466 358 506 Alz'a
377 478 537 507 marm.
597 467 697 507 sine
718 479 855 507 anno.
882 466 1031 518 Quad.
1055 466 1280 519 Methym.
1304 467 1449 520 Junii.

824 862 1175 917 OGXOVHI

240 1088 504 1126 Franciscus
524 1090 671 1138 Scipio

288 1153 410 1192 Patri
428 1155 599 1201 Ignatio
619 1155 672 1193 de
693 1155 878 1203 Loyola.

334 1220 554 1266 Ferraria,
579 1221 594 1258 1
615 1221 734 1268 Junii
751 1221 842 1259 1554
861 1222 886 1256 ¹.

929 1396 1027 1437 IHS

247 1578 394 1618 Amor
417 1578 589 1618 Christi
609 1579 710 1618 Iesu
734 1579 781 1618 in
802 1577 970 1617 animis
993 1577 1163 1617 nostris
1186 1576 1305 1616 insit¹

249 1649 415 1690 Paucis
436 1656 480 1690 te
503 1650 751 1689 certiorem
781 1648 967 1697 faciam,
993 1647 1144 1697 Pater,
1177 1648 1232 1687 de
1253 1647 1339 1696 his,
1363 1658 1482 1698 quae
1504 1645 1578 1686 his
1599 1650 1799 1697 quatuor

166 1722 402 1763 mensibus
436 1721 702 1773 praeteritis
730 1720 877 1760 diuini
904 1720 1107 1759 numinis
1134 1731 1219 1770 ope
1247 1725 1378 1768 gesta
1410 1724 1538 1757 sunt:
1564 1728 1683 1768 quae
1704 1716 1797 1768 qui-

165 1795 285 1844 dem,
318 1794 356 1833 si
380 1792 710 1843 expectationi,
749 1803 890 1843 quam
921 1790 976 1830 de
1006 1790 1142 1830 nobis
1178 1789 1449 1839 concepisti,
1487 1800 1582 1829 non
1609 1799 1797 1840 respon-

164 1865 332 1916 derint,
357 1863 577 1905 ascribito
599 1863 819 1913 ignauiae
837 1862 1175 1914 socordiaeque
1197 1868 1400 1911 nostrae,
1422 1860 1500 1912 qui
1515 1871 1600 1912 pro
1621 1859 1800 1899 uiribus

166 1936 353 1986 nostris,
390 1936 691 1988 Reipublicae
721 1934 1007 1975 christianae
1035 1932 1187 1973 studio
1216 1944 1391 1984 paruos
1421 1931 1711 1983 suscepimus
1738 1931 1800 1969 la-

164 2010 317 2049 bores.
356 2007 556 2058 Verum,
599 2013 851 2058 utcumque
885 2017 935 2046 se
970 2005 1141 2045 habeat
1174 2016 1272 2053 res,
1310 2004 1512 2055 primum
1547 2001 1800 2054 aggrediar

165 2080 368 2121 scribere
404 2079 459 2119 de
496 2079 565 2129 iis,
598 2090 717 2130 quae
750 2090 774 2117 a
810 2077 1022 2129 patribus
1048 2076 1231 2128 publice
1262 2082 1369 2115 sunt
1401 2081 1521 2124 acta,
1553 2073 1718 2114 deinde
1746 2073 1803 2113 de

165 2158 571 2192 sacramentorum
595 2149 874 2201 frequentia,
898 2154 994 2188 tum
1016 2159 1129 2187 vero
1158 2148 1213 2187 de
1236 2147 1489 2187 iuuentutis
1510 2144 1801 2185 institutione

165 2229 209 2263 et
231 2222 488 2263 domestica
510 2227 695 2273 patrum
718 2226 761 2260 et
782 2220 981 2260 fratrum
1004 2219 1354 2259 consuetudine.

245 2294 356 2334 Dux
376 2293 390 2312 ‘²
412 2294 500 2333 hac
523 2291 886 2344 quadragesima
908 2290 1040 2330 iussit
1064 2290 1286 2330 accersiri
1308 2295 1490 2340 patrem
1520 2293 1731 2328 nostrum
1759 2291 1803 2326 et

166 2371 399 2406 rectorem
419 2363 448 2416 ³,
472 2374 669 2416 eumque
687 2362 919 2403 consuluit
940 2361 995 2401 de
1013 2361 1223 2413 plurimis
1241 2361 1393 2411 rebus,
1408 2371 1526 2411 quae
1545 2358 1603 2400 ad
1624 2357 1803 2398 institu-

166 2438 342 2477 tionem
363 2436 488 2476 uitae
510 2435 795 2475 christianae
817 2433 1110 2485 spectabant,
1143 2432 1391 2484 multisque
1422 2430 1579 2471 uerbis
1598 2431 1719 2469 ultro
1741 2428 1800 2468 ci-

166 2516 333 2560 troque
369 2506 563 2556 habitis,
600 2504 905 2558 praescripsit
942 2510 990 2543 ut
1026 2503 1227 2555 primum
1263 2503 1445 2543 audiret
1484 2500 1803 2542 confessiones

167 2585 504 2628 matronarum,
530 2588 649 2629 quae
669 2577 716 2616 in
742 2576 916 2627 palatio
939 2580 1142 2625 manent3
1166 2574 1330 2614 deinde
1352 2574 1486 2622 filias,
1509 2570 1803 2613 confessione

169 2649 344 2701 audita,
368 2649 644 2690 informaret
665 2647 724 2687 ad
744 2648 967 2698 pietatem
997 2652 1041 2686 et
1062 2657 1216 2685 mores
1246 2645 1543 2694 christianos;
1566 2648 1803 2694 postremo

223 2813 232 2832 ¹
274 2812 525 2847 Autographae
540 2814 619 2838 sunt
633 2811 667 2838 in
682 2810 763 2837 folio
778 2808 914 2843 duplici,
929 2807 963 2835 in
978 2814 1120 2842 quorum
1135 2807 1244 2841 primo
1263 2810 1399 2834 tantum
1421 2805 1455 2832 in
1472 2810 1652 2838 supremae
1675 2801 1813 2836 primae-

169 2860 317 2895 paginae
335 2867 395 2887 ora
410 2862 462 2887 est
478 2867 509 2886 n.
525 2858 551 2893 6,
568 2858 624 2892 qui
639 2860 796 2885 recenter
809 2856 894 2883 satis
908 2854 1084 2890 appositus
1094 2853 1241 2882 videtur.

221 2909 236 2929 Ξ
273 2907 440 2935 Hercules
454 2907 494 2934 de
507 2906 604 2934 Este.

222 2956 237 2975 ³
274 2956 312 2984 P.
327 2955 492 2988 joannem
507 2953 738 2982 Pelletarium-
