2028 3328
146 157 212 194 140
668 159 890 195 LITTERAE
910 168 1269 200 QUADRIMESTRES

144 255 254 294 dum
285 266 342 294 ex
365 253 561 295 Colonia
590 260 938 294 reuerterentur
966 255 1241 305 Louanium,
1283 255 1474 294 odorem
1505 255 1677 295 bonum
1708 254 1793 296 So*

145 326 328 365 cietatis
363 325 533 365 ibidem
569 331 864 377 sparserunt,
904 338 962 366 ex
998 327 1268 366 visitatione
1292 325 1580 366 infirmorum
1604 326 1786 366 decum-

145 397 351 435 bentium
374 396 419 436 in
441 397 750 447 hospitalibus
777 402 821 436 et
850 408 1105 448 puerorum
1131 410 1187 437 ac
1217 398 1470 437 multorum
1500 397 1790 437 studentium

146 467 193 506 in
210 467 384 507 scholis
402 468 614 519 publicis,
635 478 766 519 quOS,
782 473 832 507 vt
851 479 957 508 cum
975 469 1142 508 litteris
1160 469 1384 520 pietatem
1401 479 1584 519 quoque
1603 468 1774 508 coniun

147 544 328 588 gerent,
354 538 527 578 hortati
549 544 655 578 sunt
678 538 820 579 latine
845 545 984 590 atque
1008 540 1147 579 etiam
1178 540 1374 589 gallice,
1399 539 1521 590 quod
1558 539 1675 579 adeo
1698 539 1793 590 pla-

146 609 240 648 cuit
261 610 433 649 rectori
455 610 660 660 collegii,
686 616 735 649 vt
758 622 904 662 Vsque
926 611 971 650 in
995 611 1115 650 hanc
1139 612 1302 650 horam
1321 610 1552 650 desideret
1581 617 1625 650 et
1655 616 1789 661 petat

146 681 326 732 aliquos
348 693 406 720 ex
429 680 679 731 Societatc,
712 681 788 733 qui
824 682 1022 722 doceant
1060 682 1268 731 modum,
1294 693 1384 733 quo
1420 682 1567 732 possit
1596 693 1706 721 suos
1730 682 1790 721 ad

146 750 233 791 Dei
255 752 455 802 gloriam
477 752 549 803 pie
573 764 627 792 ac
645 759 806 792 sancte
824 754 974 804 magis
994 754 1216 793 imbuere:
1239 753 1326 792 hac
1344 752 1468 792 sama
1488 764 1671 804 quoque
1689 764 1792 803 per-

145 823 258 862 moti
280 823 370 862 duo
395 824 563 863 ibidem
595 824 823 874 canonici,
855 826 972 864 alter
1002 824 1083 865 Sti.
1122 824 1382 873 Lamberti,
1420 825 1537 863 alter
1561 822 1643 864 Sti.
1669 823 1791 863 Mar=

147 894 245 944 tini,
271 894 470 934 offerunt
491 893 715 934 Societati
747 907 857 935 suas
887 896 1054 936 domos
1077 907 1183 936 cum
1205 894 1352 934 hortis
1374 895 1626 946 contiguis,
1653 900 1792 946 prout

148 965 288 1004 latius
310 965 566 1005 indicatum
589 973 657 1005 cst
680 965 732 1005 R.
757 966 806 1006 P.
830 966 889 1007 V.
914 980 940 1006 a
965 967 1051 1006 M.‘¹
1074 966 1284 1006 Adriano
1313 965 1337 1003 ¹.
1361 966 1457 1006 Nos
1479 966 1619 1006 etiam
1639 966 1794 1005 inuisi-

148 1047 251 1076 mus
275 1048 367 1075 non
391 1037 488 1075 sine
517 1036 670 1076 fructu
706 1038 752 1076 in
774 1037 862 1077 hac
898 1038 1087 1078 ciuitate
1125 1038 1301 1089 aliquot
1338 1038 1478 1077 morti
1515 1037 1791 1085 destinatos,

152 1108 272 1147 inter
295 1119 413 1159 quos
433 1108 619 1148 bonitas
641 1108 730 1148 Dei
753 1109 945 1159 dignata
968 1117 1036 1149 est
1068 1122 1147 1160 per
1182 1109 1228 1148 f).
1266 1109 1540 1159 Quintinum
1568 1120 1794 1148 reuocare

148 1191 292 1218 vnum
314 1178 371 1218 ad
393 1191 559 1219 sanam
581 1186 798 1230 mentem,
819 1181 896 1232 qui
918 1181 1091 1232 alioqui
1114 1181 1159 1220 in
1182 1192 1264 1220 suo
1285 1180 1620 1220 lutheranismo
1650 1180 1793 1220 obsti·

152 1256 291 1290 natus
314 1251 431 1290 mori
463 1251 666 1291 volebat.

226 1321 351 1361 Idem
375 1321 513 1361 Pater
534 1323 688 1373 pergit
710 1323 905 1374 singulis
927 1323 1088 1363 diebus
1116 1323 1360 1363 dominicis
1392 1330 1529 1374 atque
1558 1323 1698 1362 etiam
1728 1322 1792 1362 fe-

154 1393 237 1432 stis
265 1392 318 1441 (si
346 1393 532 1433 aliunde
564 1405 656 1433 non
683 1394 978 1445 impediatur)
1010 1395 1056 1434 in
1086 1394 1405 1444 praedicando
1434 1400 1478 1434 et
1506 1393 1789 1445 explicando

152 1463 414 1503 doctrinam
443 1464 750 1505 christianam
770 1466 816 1505 in
847 1466 1049 1517 quadam
1080 1465 1304 1515 ecclesia,
1335 1477 1470 1517 quae,
1503 1476 1793 1516 quamquam

149 1535 238 1574 sita
263 1535 322 1574 sit
343 1535 389 1574 in
411 1537 584 1587 angulo
607 1542 650 1576 et
671 1548 816 1588 prope
835 1537 1016 1577 moenia
1036 1537 1256 1587 ciuitatis,
1282 1537 1520 1576 auditores
1542 1542 1699 1576 tamen
1722 1547 1791 1575 sa-

150 1606 210 1645 tis
231 1605 499 1657 frequentes
525 1607 587 1646 ibi
615 1607 846 1658 visuntur,
867 1608 1209 1659 multorumque
1227 1608 1289 1647 ibi
1306 1607 1626 1648 confessiones
1645 1606 1793 1656 audit„

150 1683 194 1716 et
224 1678 536 1728 complurium
558 1678 731 1718 ciuium
758 1679 878 1719 inter
899 1690 948 1719 se
970 1678 1295 1719 dissidentium
1323 1679 1602 1719 concordias
1625 1689 1791 1730 procu-

151 1747 274 1788 rauit
296 1754 339 1788 et
362 1748 514 1788 adhuc
548 1756 794 1800 procurat,
831 1750 939 1790 dum
967 1751 1053 1790 has
1082 1750 1260 1801 scrib03
1292 1750 1480 1802 plurimi
1503 1761 1686 1801 quoque
1708 1760 1794 1789 nos

150 1819 356 1859 inuisunt
374 1820 564 1870 petituri
580 1821 841 1871 consilium,
861 1822 1113 1873 praecipue
1131 1822 1178 1861 in
1196 1822 1334 1861 rebus
1358 1821 1656 1872 grauioribus
1678 1826 1723 1860 et
1746 1820 1793 1859 in

149 1891 518 1931 desolationibus
540 1904 595 1932 ac
617 1893 850 1943 scrupulis
872 1899 915 1932 et
937 1893 1158 1933 tristitiis:
1183 1900 1227 1933 et
1251 1892 1463 1944 quotidie
1486 1891 1678 1932 veniunt
1700 1892 1800 1943 plu-

150 1974 241 2013 res,
265 1973 319 2002 eo
342 1962 467 2013 quod
489 1963 621 2003 multi
642 1974 726 2014 per
746 1963 834 2003 Dei
855 1964 1058 2014 gratiam
1081 1964 1327 2004 discedunt
1349 1975 1375 2003 a
1393 1963 1531 2004 nobis
1552 1963 1670 2003 bene
1691 1974 1800 2002 con-

151 2033 305 2073 solati.
330 2033 452 2073 Hinc
473 2034 522 2074 fit
543 2040 593 2074 vt
615 2035 926 2075 communiter
947 2035 1063 2075 bene
1081 2036 1332 2075 audiamus
1350 2035 1407 2075 ab
1427 2034 1655 2075 omnibus,
1681 2033 1798 2074 Sunt

150 2112 306 2145 tamen
328 2106 405 2156 qui
428 2106 474 2145 in
495 2106 634 2146 rebus
652 2106 888 2146 nonnullis
908 2105 1193 2147 Societatem
1215 2107 1431 2147 mordent
1447 2113 1490 2146 et
1508 2106 1796 2158 vituperant,

150 2182 383 2227 coguntur
404 2183 561 2218 tamen
582 2179 658 2217 Vel
678 2178 811 2219 inuiti
831 2178 971 2219 fateri
992 2180 1137 2219 multa
1164 2179 1288 2219 bona
1312 2191 1338 2219 a
1360 2178 1495 2218 nobis
1518 2177 1633 2218 fieri.

230 2247 361 2287 Haec
378 2255 505 2299 sunt,
530 2247 669 2289 Pater
693 2250 752 2289 mi
774 2261 1000 2301 perquam
1026 2250 1319 2301 honorande,
1344 2260 1463 2301 quae
1486 2260 1609 2289 nunc
1633 2260 1770 2289 occur
1788 2261 1798 2267 ·

152 2323 260 2358 runt
283 2318 546 2360 scribenda.
576 2318 683 2360 Scio
706 2320 845 2371 longe
874 2321 1009 2372 plura
1035 2321 1241 2372 potuisse
1271 2331 1325 2360 ac
1348 2320 1564 2360 debuisse
1599 2332 1626 2359 a
1658 2319 1793 2359 nobis

151 2389 265 2439 fieri,
290 2389 329 2429 si
352 2401 443 2428 non
465 2390 690 2431 obfuisset
725 2391 916 2442 pigritia
947 2403 1002 2431 ac
1039 2391 1327 2442 negligentia
1357 2397 1534 2441 nostra,
1574 2401 1714 2442 quam
1743 2395 1795 2430 vt

151 2459 285 2499 nobis
306 2468 470 2510 parcat
487 2460 731 2510 Dominus,
754 2462 991 2502 humiliter
1012 2462 1212 2513 petimus
1234 2473 1261 2501 a
1284 2461 1341 2502 V.
1367 2461 1420 2501 R.
1446 2460 1495 2501 P.
1520 2467 1564 2501 et
1593 2461 1798 2501 caeteris

153 2530 373 2570 Patribus
394 2543 450 2571 ac
470 2531 698 2573 fratribus
721 2533 864 2573 orari.
884 2533 1053 2573 Amen.

235 2600 454 2652 Tornaci,
478 2602 503 2642 4
519 2602 626 2643 Idus
644 2603 934 2656 Septembris
956 2604 1071 2644 1554.

237 2671 290 2711 R.
315 2671 363 2711 P.
391 2672 447 2713 V.
473 2673 649 2714 inutilis
670 2686 838 2715 seruus
859 2675 905 2715 in
929 2675 1133 2725 ChristO,

965 2818 1254 2858 BERNARDUS
1287 2816 1554 2856 Omoemus.

214 2976 223 2994 1
269 2975 425 3003 Adriano
441 2976 702 3004 Adriaenssens.
