2028 3328
201 171 272 208 556
718 171 945 208 LlTTERAE
964 178 1320 211 QUADRIMESTRES

909 619 1127 673 CDVH

271 850 469 896 Rapha'el
491 850 622 886 Riera

320 915 440 951 Patri
464 916 628 961 ignatio
650 916 702 951 de
726 915 909 960 Loyolai.

367 980 573 1019 Laurcto,
596 979 643 1017 28
662 980 853 1020 Augusti
875 980 967 1016 1555
986 980 1009 1015 ¹.

835 1153 955 1207 JHs.
980 1154 1181 1194 MARIA

277 1335 440 1374 Gratia
460 1341 503 1374 et
526 1347 618 1386 pax
640 1335 830 1374 Domini
853 1335 999 1374 nostri
1021 1334 1131 1386 Jesu
1154 1333 1342 1382 Christi,
1368 1341 1455 1373 etc.

278 1405 435 1445 Monet
457 1417 543 1445 nos
564 1406 656 1445 iarn
679 1413 896 1445 exactum
914 1413 1112 1456 tempus,
1135 1405 1275 1445 immo
1294 1405 1526 1455 compellit
1545 1410 1707 1443 sancta
1727 1403 1829 1442 obe-

196 1476 383 1525 dientia,
421 1476 520 1516 R.de
549 1477 592 1516 in
622 1477 808 1517 Christo
840 1476 991 1526 Pater,
1023 1484 1072 1516 vt
1100 1477 1155 1516 dc
1184 1476 1270 1524 his,
1304 1488 1422 1527 quae
1451 1475 1607 1514 diuina
1645 1474 1830 1514 bonitas

195 1559 277 1597 per
298 1559 383 1587 nos
405 1548 590 1599 operari
612 1548 804 1598 dignata
823 1554 892 1587 est
910 1548 1115 1587 secundo
1133 1548 1221 1587 hoc
1239 1546 1586 1597 quadrimestri,
1607 1546 1667 1585 ad
1684 1544 1828 1585 Reue-

194 1619 394 1658 rentiam
411 1625 538 1659 tuam
559 1620 836 1659 scribamus.

273 1690 346 1730 Ab
368 1691 544 1730 Vltimis
566 1691 709 1742 igitur
731 1692 875 1731 literis
900 1698 1057 1731 tantus
1080 1697 1268 1741 tamque
1297 1689 1548 1729 continuus
1581 1687 1727 1727 adfuit
1749 1700 1828 1727 no-

191 1762 262 1801 bis
284 1762 469 1802 diuinae
491 1763 674 1812 gratiae
696 1763 912 1813 influxus,
938 1770 987 1802 vt
1009 1763 1055 1801 in
1078 1761 1291 1801 omnibus
1312 1761 1451 1800 rebus
1474 1759 1648 1799 nostris
1670 1759 1826 1798 dexte-

191 1843 293 1872 ram
316 1832 504 1872 Domini
526 1839 570 1872 et
600 1832 872 1873 felicissima
895 1833 1214 1884 pientissimae
1244 1831 1408 1872 Matris
1441 1830 1651 1881 auspicia
1685 1840 1824 1880 agno-

188 1904 408 1944 uerimus.
447 1903 551 1944 Non
587 1906 736 1944 solum
772 1905 895 1944 enim
931 1916 1005 1943 res
1040 1904 1270 1955 publicae,
1308 1902 1391 1942 sed
1421 1902 1563 1942 etiam
1596 1901 1824 1951 priuatae,

190 1981 295 2015 sunt
319 1987 500 2015 summa
522 1976 743 2015 felicitate
766 1983 1051 2026 transactae;
1077 1981 1120 2015 et
1142 1974 1250 2025 quia
1273 1973 1427 2013 omnia
1461 1984 1698 2024 exponere
1721 1983 1824 2023 ope-

189 2046 253 2085 ris
274 2053 396 2086 esset
417 2047 755 2098 propemodum
776 2046 956 2096 infiniti,
982 2059 1040 2086 ex
1062 2046 1218 2086 multis
1241 2057 1408 2097 pauca,
1427 2051 1588 2084 nostro
1612 2043 1826 2083 instituto

190 2117 341 2168 magis
363 2124 640 2169 opportuna,
666 2118 985 2169 decerpemus,
1011 2129 1101 2169 quo
1131 2116 1442 2156 sanctissimis
1468 2115 1521 2155 R.
1553 2114 1603 2154 T.
1637 2114 1760 2153 votis
1781 2120 1825 2153 et

188 2194 350 2228 nostro
373 2189 552 2228 muneri
572 2188 934 2229 satisfaciamus.

270 2259 519 2300 Confluunt
543 2260 602 2300 ad
623 2261 743 2300 hanc
768 2262 940 2300 almam
970 2260 1161 2300 domum
1182 2271 1276 2299 non
1298 2259 1448 2298 solum
1480 2270 1538 2297 ex
1565 2257 1711 2306 Italia,
1743 2256 1824 2296 sed

188 2330 330 2370 etiam
342 2342 399 2370 ex
417 2331 637 2371 Vniuerso
652 2332 762 2371 orbe
777 2331 1049 2381 christiano,
1070 2330 1426 2382 peregrinorum
1445 2335 1666 2368 cateruae
1684 2334 1728 2367 et
1744 2338 1822 2379 po-

189 2401 403 2451 pulorum
426 2402 760 2453 multitudines,
784 2414 901 2454 quas
923 2402 1073 2442 obuiis
1093 2401 1216 2441 vlnis
1237 2402 1470 2452 excipere,
1496 2399 1662 2451 quibus
1682 2400 1728 2439 in
1746 2410 1824 2438 au-

187 2470 367 2511 diendis
388 2472 759 2513 confessionibus
782 2473 1055 2513 satisfacere
1076 2473 1225 2512 nostri
1256 2479 1325 2512 est
1348 2471 1563 2511 instituti:
1596 2470 1684 2521 ipsi
1709 2480 1824 2509 vero

190 2542 248 2582 ad
269 2554 353 2582 nos
375 2550 504 2583 tanta
528 2544 765 2584 confluunt
787 2544 1037 2585 deuotione
1059 2550 1103 2584 et
1122 2544 1354 2593 libertate,
1381 2549 1554 2594 quanta
1576 2541 1731 2582 tenelli
1756 2540 1820 2581 in-

192 2612 345 2653 fantes
366 2613 424 2653 ad
446 2621 691 2665 parentum
713 2616 972 2667 amplexus.

269 2683 506 2734 Dignatur
530 2692 686 2726 autem
707 2686 938 2727 Dominus
959 2693 1056 2727 tam
1076 2687 1165 2738 piis
1188 2686 1310 2726 votis
1328 2697 1412 2736 pro
1433 2685 1568 2724 nobis
1587 2683 1824 2723 abundan-

188 2753 365 2794 tissime
386 2755 674 2807 satisfacere;
698 2768 793 2796 non
814 2759 964 2797 solum
985 2757 1109 2797 enim
1137 2756 1492 2797 molestissimas
1520 2759 1826 2806 peccatorum

188 2824 400 2864 sarcinas
422 2836 606 2866 summa
628 2839 734 2868 cum
755 2829 1040 2869 exultatione
1063 2829 1316 2880 deponunt,
1341 2827 1422 2867 sed
1444 2827 1586 2867 etiam
1607 2824 1821 2865 defaeca-

243 2988 251 3006 ¹
292 2989 541 3023 Autographae
557 2991 682 3024 duplici
698 2990 731 3017 in
746 2991 837 3024 folio,
854 2999 907 3018 nn.
923 2991 1002 3018 olim
1020 2990 1069 3018 108
1083 2994 1115 3017 et
1135 2990 1193 3022 109,
1209 2997 1297 3018 nunc
1314 2989 1361 3016 111
1378 2992 1412 3016 et
1428 2988 1488 3016 112.
