2028 3328
827 169 908 205 AN.
941 170 1030 206 1555
1668 171 1736 209 561

795 621 1052 676 GDVIII

182 851 391 888 Nicolaus
414 852 622 899 Lanoyus

231 916 348 954 Patri
374 917 540 964 ignatio
556 917 609 953 de
629 916 813 962 Loyola.

278 982 464 1028 Vienna,
483 981 530 1020 28
550 982 742 1029 Augusti
763 981 854 1019 1555
876 981 901 1015 ¹.

868 1153 999 1199 Jesus

196 1335 313 1375 Cum
333 1346 556 1386 praesens
580 1335 714 1374 huius
737 1334 846 1374 anni
868 1334 1100 1374 secundus
1121 1331 1477 1384 quadrimestris
1506 1334 1566 1373 ad
1592 1335 1746 1374 termi-

114 1418 227 1446 num
260 1417 395 1446 suum
430 1405 525 1445 fere
556 1405 829 1453 decurrerit,
864 1405 984 1445 ratio
1021 1405 1109 1444 mei
1140 1405 1278 1446 officii
1306 1406 1509 1458 postulat
1545 1412 1593 1445 ut
1621 1406 1747 1446 uelut

113 1478 278 1517 messis
297 1479 390 1517 iam
411 1477 692 1527 praeteritae
715 1477 935 1516 collectos
957 1476 1220 1527 manipulos
1243 1489 1301 1517 ex
1322 1488 1438 1528 agro
1460 1477 1746 1517 Germanico

115 1548 196 1589 ΡΜ
228 1555 335 1588 tuae
356 1548 686 1589 transmittam.
710 1547 800 1588 Sed
821 1548 999 1587 utinam
1020 1559 1113 1587 non
1130 1559 1218 1598 ego
1253 1549 1380 1588 solus
1402 1549 1447 1588 in
1468 1548 1539 1587 his
1562 1548 1745 1599 prouin-

115 1620 214 1670 ciis,
237 1620 319 1660 sed
341 1621 498 1670 plures
520 1631 543 1659 e
565 1619 773 1670 pluribus
793 1618 910 1658 locis
933 1618 1047 1658 istas
1071 1619 1302 1669 primitias
1324 1619 1512 1670 frugum
1530 1619 1744 1670 spiritua—

113 1691 227 1731 lium
248 1690 563 1731 conueherent
584 1692 630 1729 in
652 1691 821 1729 horrea
843 1696 949 1729 tuae
971 1688 1284 1729 Paternitatis.
1309 1689 1513 1740 Utinam,
1535 1690 1744 1741 inquam,

117 1762 302 1813 plurimi
323 1767 626 1801 cernerentur
661 1771 892 1800 messores
926 1760 972 1799 in
1006 1761 1290 1800 vastissimis
1325 1772 1380 1800 ac
1416 1761 1747 1801 desertissimis

118 1833 246 1873 hisce
267 1833 550 1883 regionibus,
575 1832 653 1883 qui
674 1832 812 1882 longe
828 1832 1013 1882 lateque
1034 1843 1156 1871 nunc
1173 1838 1452 1882 propagata,
1477 1838 1521 1872 et
1542 1832 1748 1883 quotidie

118 1905 304 1955 longius
330 1904 561 1955 latiusque
593 1903 829 1953 serpentia
865 1902 1115 1942 haeresum
1150 1902 1330 1942 zizania
1362 1903 1572 1954 stirpitus
1600 1903 1749 1943 eradi-

118 1981 294 2025 carent,
327 1980 370 2014 et
404 1986 488 2026 pro
523 1973 761 2013 inutilibus
797 1974 1041 2025 noxiisque
1072 1974 1243 2023 herbis,
1280 1974 1452 2013 bonum
1489 1985 1751 2024 purumque

118 2058 277 2087 semen
298 2045 557 2085 catholicae
579 2044 820 2084 doctrinae
841 2051 1159 2084 consererent.
1180 2043 1226 2085 Si
1245 2045 1417 2096 plures,
1438 2057 1637 2096 quorum
1654 2057 1749 2084 mu-

117 2129 204 2157 nus
225 2118 272 2157 in
293 2116 454 2167 primis
475 2122 544 2156 est
565 2127 760 2167 pascere
782 2115 935 2166 potius
956 2127 1096 2167 quam
1113 2115 1259 2167 pasci,
1280 2116 1574 2156 imitarentur
1598 2127 1751 2156 exem-

118 2190 246 2240 plum
267 2186 656 2228 Christianissimi
691 2185 834 2236 Regis
870 2185 1190 2226 Romanorum
1225 2186 1254 2236 ⁸²,
1292 2187 1545 2237 singularis
1568 2188 1753 2238 patroni

119 2260 282 2309 nostri,
306 2269 602 2310 speraremus
630 2257 760 2297 breui
793 2257 999 2297 futurum
1021 2264 1070 2297 ut
1092 2259 1229 2308 longe
1259 2257 1446 2309 plur‘imi
1476 2269 1578 2298 sese
1600 2258 1750 2298 accin-

120 2337 286 2382 gerent
322 2330 381 2370 ad
411 2329 701 2380 operandum
721 2329 965 2368 nobiscum
989 2329 1035 2368 in
1063 2329 1151 2368 hac
1174 2335 1270 2368 tam
1306 2329 1474 2369 misere
1505 2329 1755 2370 deuastata

122 2403 266 2442 vinea
288 2401 480 2441 Domini
500 2399 722 2441 Sabaoth.

200 2472 418 2513 Studiosa
440 2471 563 2510 enim
586 2470 800 2510 iuuentus
821 2471 1111 2521 germanica,
1146 2482 1266 2522 quae
1296 2472 1462 2511 saltem
1490 2471 1631 2522 plane
1654 2483 1757 2511 cor-

122 2550 261 2596 rupta
284 2555 377 2583 non
395 2551 464 2582 est
480 2542 729 2582 haereticis
754 2541 1066 2593 opinionibus,
1086 2542 1223 2582 simul
1241 2548 1379 2593 atque
1404 2541 1583 2582 videret
1606 2543 1756 2582 nostri

123 2615 300 2655 ordinis
322 2613 533 2653 homines
555 2625 581 2653 a
603 2613 892 2664 principibus
913 2613 1028 2652 viris
1050 2613 1228 2664 passim
1249 2613 1296 2652 in
1330 2613 1481 2665 pretio
1512 2613 1688 2664 haberi,
1715 2620 1762 2653 et

120 2686 168 2725 in
189 2684 354 2725 studiis
372 2683 641 2725 melioribus
662 2683 916 2724 liberaliter
937 2683 1194 2734 confoueri,
1218 2684 1328 2724 hinc
1352 2684 1512 2735 procul
1534 2683 1674 2724 dubio
1699 2685 1755 2725 de

120 2757 334 2796 instituto
354 2761 516 2795 nostro
539 2761 583 2795 et
605 2754 792 2794 omnino
814 2754 870 2794 de
907 2754 1170 2795 orthodoxa
1193 2754 1280 2795 fide
1310 2755 1554 2806 syncerius
1578 2756 1763 2796 melius-

177 2892 184 2911 ¹
226 2890 477 2924 Autographae
492 2890 524 2917 in
541 2888 755 2924 quadruplici
770 2889 862 2925 folio,
877 2897 931 2916 nn.
946 2888 1078 2923 268-270;
1096 2897 1216 2917 verum
1232 2890 1264 2917 in
1281 2890 1322 2917 iis
1338 2890 1411 2917 sola
1426 2889 1643 2926 subscriptio,
1657 2899 1676 2919 a
1690 2899 1767 2919 ver·

126 2939 178 2967 bis
200 2938 234 2966 T.
251 2938 293 2965 R.
309 2937 361 2971 P„
374 2942 452 2965 sunt
467 2945 569 2965 manu
586 2938 701 2965 Patris
716 2937 865 2973 eroyi.

180 2986 193 3005 Ξ
231 2985 440 3012 Fen-elinandi
460 2984 488 3012 1.

272 3045 322 3081 T.
346 3056 402 3080 ιιι.
1537 3049 1581 3093 36
