2028 3328
844 161 927 198 AN.
958 160 1049 199 1555
1690 160 1762 198 020

129 257 402 297 nobilissimi
427 258 619 310 Joannis
640 257 940 309 reportanda,
964 257 1217 308 accingunt
1246 268 1294 297 se
1324 257 1453 308 operi
1478 268 1655 306 omnes;
1681 256 1757 296 hu-

133 329 272 368 meris
293 328 537 379 imponunt
558 328 735 379 sedilia,
759 327 926 380 quibus
941 333 1102 367 nostra
1120 328 1361 367 abundant
1377 328 1644 379 gymnasia,
1664 333 1761 367 tum

130 399 271 439 etiam
292 399 556 450 cathedras,
577 410 758 439 summa
775 398 1037 438 animorum
1054 398 1313 448 alacritate,
1333 398 1486 449 palliis
1503 399 1646 448 exuti,
1666 399 1762 437 vul-

131 471 180 521 gi
198 481 341 510 voces
363 476 660 510 contemnere
680 471 847 521 parati.
871 469 1061 509 Videris
1081 469 1274 519 longum
1292 468 1557 509 auditorum
1575 479 1761 519 agmen,

132 541 338 581 omnium
360 541 520 580 oculos
542 541 588 580 in
617 553 665 580 se
695 540 1083 589 convertentium,
1114 541 1191 591 qui
1222 540 1350 579 velut
1377 539 1640 590 stupefacti,
1666 545 1761 578 tan-

130 619 227 652 tam
247 623 515 662 puerorum,
539 611 902 660 adolescentum,
927 611 1068 650 etiam
1085 622 1262 660 eorum,
1282 621 1398 661 quos
1415 610 1598 661 prolixa
1616 609 1764 649 barba

133 687 291 734 posset
312 693 424 732 prae
446 682 622 733 pudore
644 682 701 722 ab
724 682 938 733 incoepto
961 692 1102 733 opere
1122 682 1198 720 vel
1220 681 1462 721 retardare
1479 681 1555 720 vel
1571 692 1762 720 reuoca-

132 765 197 803 re,
220 753 498 793 modestiam
520 752 822 803 admiranteS,
846 752 946 793 Deo
969 758 1062 804 opt.
1088 764 1212 792 max.
1235 752 1597 802 gratulabantur
1618 751 1764 792 inces-

130 831 303 864 santer.
327 824 450 864 Inter
471 824 556 864 hos
577 824 705 864 ibant
727 835 909 875 quoque
930 823 1094 864 Patres
1111 834 1167 863 ac
1183 822 1390 872 Fratres,
1414 833 1551 862 suum
1569 822 1765 874 quisque

131 907 215 946 pro
250 895 429 935 viribus
463 901 657 946 portans
689 906 820 935 onus.
853 894 983 946 Quae
1012 906 1102 945 res,
1132 899 1463 945 praeterquam
1493 893 1618 945 quod
1644 893 1765 933 Viris

133 966 274 1006 etiam
296 967 398 1006 aliis
419 966 652 1017 religiosis
674 965 973 1006 admirationi
992 964 1092 1016 fuit,
1112 966 1281 1005 multos
1303 965 1449 1005 mouit
1466 965 1593 1005 ciues
1610 970 1661 1005 vt
1682 965 1765 1004 hu-

132 1038 272 1077 meris
295 1048 438 1077 onera
461 1037 756 1077 subiicerent.
786 1036 1020 1077 Feruebat
1047 1048 1164 1088 opus
1187 1048 1242 1077 ac
1264 1029 1450 1088 publica
1481 1036 1560 1076 via
1590 1036 1673 1076 vix
1693 1047 1764 1076 ca-

130 1109 286 1160 piebat
321 1114 482 1148 euntes
518 1119 572 1148 ac
607 1108 877 1159 redeuntes3
914 1109 979 1148 ita
1009 1107 1231 1160 quidquid
1266 1107 1311 1147 in
1344 1107 1542 1148 vetustis
1573 1107 1767 1147 aedibus

132 1186 246 1230 erat,
272 1179 567 1231 deportatum
589 1185 672 1220 est:
706 1181 862 1230 sellae,
893 1179 1127 1230 subsellia,
1158 1191 1363 1230 mensae,
1393 1178 1532 1229 dolia,
1562 1179 1683 1229 lecti,
1718 1179 1767 1218 li-

132 1251 217 1302 bri,
241 1257 286 1290 et
306 1256 356 1290 vt
377 1262 470 1290 vno
491 1250 637 1290 verbo
660 1251 959 1301 complectar,
985 1262 1088 1290 eam
1109 1250 1155 1290 in
1184 1250 1272 1290 hoc
1300 1250 1489 1300 negotio
1520 1249 1763 1290 incredibi-

133 1323 222 1362 lem
245 1323 532 1373 voluptatem
555 1322 710 1361 animo
737 1321 1000 1373 capiebant,
1032 1328 1082 1362 vt
1111 1322 1323 1372 singulos
1344 1333 1402 1361 ex
1429 1333 1484 1362 ea
1506 1313 1558 1362 re
1585 1322 1766 1362 diceres

134 1399 383 1445 expectare
401 1392 488 1432 sibi
504 1392 838 1444 temporariam
856 1393 1130 1444 dignitatem
1149 1398 1193 1433 et
1210 1391 1395 1444 quidem
1412 1393 1764 1444 amplissimam.

136 1464 293 1515 Neque
314 1464 505 1514 ingenui
528 1463 847 1504 adolescentes
870 1464 964 1516 (qui
980 1464 1070 1504 huc
1091 1464 1151 1504 ad
1170 1475 1258 1504 nos
1275 1465 1469 1504 veniunt
1487 1476 1580 1504 non
1597 1475 1765 1515 parum

134 1535 280 1585 multi)
304 1546 422 1575 onus
444 1535 783 1586 subterfugere;
809 1535 898 1575 imo
920 1535 1008 1575 hoc
1040 1547 1133 1575 vno
1154 1534 1420 1575 indicarunt
1450 1546 1591 1586 quam
1612 1541 1767 1575 essent

134 1618 246 1646 vere
267 1606 460 1656 nobiles,
485 1606 563 1657 qui
584 1618 677 1646 non
698 1606 819 1646 leuia
840 1606 1064 1657 pondera,
1089 1606 1169 1646 sed
1198 1607 1389 1657 reliquis
1418 1607 1642 1658 grauiora
1664 1618 1769 1657 por-

134 1678 310 1717 tabant.
340 1677 457 1718 Tam
485 1677 671 1718 Christo
702 1677 812 1730 Jesu
847 1678 1025 1717 seruire
1057 1689 1202 1717 suaue
1230 1689 1285 1717 ac
1312 1677 1569 1729 jocundum
1594 1678 1641 1717 in
1669 1678 1763 1717 ani-

134 1760 261 1788 mum
280 1748 576 1797 induxerant,
602 1749 735 1788 cuius
753 1760 912 1788 amore
932 1748 978 1788 id
1000 1761 1026 1789 a
1047 1761 1096 1788 se
1118 1748 1216 1788 fieri
1238 1749 1579 1800 intelligebant.

218 1819 361 1860 Venit
383 1820 538 1871 itaque
561 1819 758 1860 Beatiss.
782 1820 976 1873 Joannis
998 1820 1311 1871 peruigilium,
1343 1832 1486 1871 quum
1513 1820 1647 1860 nobis
1669 1825 1769 1860 erat

137 1890 183 1930 in
206 1890 345 1930 aedes
367 1902 515 1931 nouas
545 1891 965 1942 commigrandum.
998 1890 1294 1931 Conueniunt
1323 1891 1609 1941 scholastici,
1641 1891 1769 1931 ciues

136 1962 414 2011 complures,
439 1961 570 2002 adest
592 1968 787 2013 vterque
810 1962 946 2002 huius
963 1962 1091 2002 vrbis
1110 1970 1316 2012 senatus,
1341 1974 1399 2002 ex
1416 1963 1656 2002 ordinibus
1679 1961 1768 2002 viri

133 2033 351 2083 permulti
372 2033 594 2083 religiosi,
628 2033 704 2084 qui
733 2045 895 2073 omnes
924 2034 1041 2073 miro
1070 2034 1328 2085 procedunt
1357 2033 1533 2084 ordine,
1562 2033 1668 2073 viae
1690 2045 1768 2084 pu-

138 2103 285 2143 blicae
308 2104 650 2155 spectatoribus
681 2105 860 2155 plenae,
891 2104 1121 2156 viridique
1151 2111 1329 2145 stratae
1355 2104 1535 2155 fronde,
1566 2104 1769 2144 ciuitatis

140 2185 433 2214 communem
455 2175 782 2226 publicamque
802 2175 1029 2215 laetitiam
1052 2176 1334 2216 videbantur
1356 2176 1582 2216 indicare.

217 2244 284 2285 Eo
306 2245 385 2285 vbi
409 2253 601 2286 Ventum
623 2252 706 2296 est,
731 2258 757 2286 a
786 2245 1129 2297 Permagnifico
1152 2247 1210 2287 D.
1232 2247 1412 2299 Joanne
1435 2246 1770 2287 humanissime

138 2316 269 2356 nobis
293 2317 503 2366 exceptis
526 2317 665 2356 aedes
686 2317 878 2358 tradidit
899 2317 998 2369 ipse
1019 2317 1342 2369 possidendas,
1362 2330 1455 2358 non
1473 2319 1573 2358 sine
1589 2317 1772 2369 lachry-

136 2386 223 2426 mis
245 2399 300 2427 ac
322 2387 531 2436 vocibus,
554 2387 698 2427 animi
722 2388 955 2428 internum
975 2388 1201 2439 gaudium
1223 2388 1516 2439 testantibus,
1540 2394 1591 2428 vt
1612 2388 1690 2440 qui
1708 2389 1773 2428 in-

135 2458 374 2508 telligebat
408 2470 492 2509 pro
528 2470 577 2498 se
612 2458 888 2499 beneficium
916 2460 1146 2511 accipere,
1177 2471 1284 2500 cum
1311 2459 1588 2500 beneficium
1616 2459 1765 2499 daret.

134 2528 379 2571 Ornabant
401 2531 565 2569 aulaea
590 2530 794 2581 domum;
826 2537 982 2570 erecta
1005 2542 1088 2570 ara
1110 2537 1193 2580 est,
1219 2530 1297 2571 vbi
1319 2542 1457 2571 sacra
1488 2542 1767 2582 perageren-

134 2607 224 2640 tur.
256 2599 388 2640 Tunc
416 2614 439 2640 e
469 2600 688 2641 Patribus
714 2612 833 2641 vnus
863 2601 1137 2641 concionem
1165 2602 1338 2651 habuit,
1362 2613 1453 2653 qua
1480 2603 1596 2642 mire
1624 2602 1769 2642 mouit

126 2671 316 2711 animos
345 2671 565 2712 omnium.
602 2670 814 2723 Denique
846 2673 998 2712 nullae
1027 2679 1160 2712 erant
1190 2680 1287 2713 tam
1313 2673 1591 2724 peregrinae
1613 2684 1768 2723 aureS,

127 2753 258 2793 quae
279 2741 326 2781 in
346 2749 607 2794 peruagato
628 2742 717 2783 hoc
739 2742 943 2783 ciuitatis
964 2754 1180 2784 sermone
1201 2755 1294 2784 non
1320 2750 1635 2784 versarentur.

217 2812 437 2853 Illuxerat
459 2813 551 2853 iam
575 2811 895 2854 Sacratissimi
909 2813 1104 2867 Joannis
1121 2814 1233 2864 dies,
1253 2815 1498 2867 coepitque
1515 2815 1680 2866 peragi
1696 2827 1767 2855 sa·

128 2893 267 2923 -crum
294 2895 387 2924 non
417 2884 516 2924 sine
545 2884 670 2924 omni
698 2884 1069 2925 modulaminum
1097 2895 1284 2936 genere:
1314 2885 1471 2926 habita
1500 2886 1664 2927 concio
1694 2892 1765 2926 est

135 2954 251 2994 satis
273 2955 468 2995 celebris
489 2967 514 2995 a
539 2954 587 2995 P.
611 2967 670 2995 ex
691 2955 853 2996 ordine
871 2955 1290 3005 dominicanorum,
1311 2958 1413 2997 viro
1431 2963 1474 2997 et
1490 2957 1706 2998 doctrina
1723 2962 1768 2998 et
