2028 3328
823 100 858 136 A
868 111 906 137 N.
939 100 1028 136 1555
1668 98 1735 136 331

185 199 361 239 Eodem
396 199 492 239 scre
528 207 736 250 tempore
772 187 1311 236 incolae'CastrifiCffl-di
1341 196 1479 247 (quod
1516 196 1737 247 oppidum

97 269 238 310 tertio
262 271 368 310 hinc
393 270 534 310 distat
555 268 756 318 milliari)
779 273 1069 318 rogauerunt
1092 266 1235 306 D.¹¹¹1111
1261 267 1652 316 Gubernatorem,
1689 272 1734 306 et

101 352 186 381 nos
208 352 290 392 per
312 340 569 380 plebanum
594 339 619 391 ¹,
644 345 692 380 ut
714 339 805 379 duo
828 350 886 378 ex
902 337 1075 378 nostris
1093 350 1147 377 eo
1165 337 1476 385 mitterentur,
1499 337 1576 387 qui
1595 337 1737 376 etiam

99 411 349 452 iubilaeum
371 412 676 463 publicarent.
700 409 815 451 Cum
837 409 978 460 igitur
1001 408 1171 449 ibidem
1193 409 1336 448 semel
1358 414 1437 448 aut
1458 408 1528 447 bis
1547 408 1736 447 concio-

101 490 241 522 natus
263 483 425 522 fuisset
446 482 495 522 P.
519 483 724 535 Joannes
745 480 1044 529 LaurentiUS‚
1068 479 1152 519 fuit
1174 485 1332 519 tantus
1354 478 1514 530 populi
1536 489 1735 518 concur-

101 565 180 593 sus
203 554 261 594 ad
284 553 641 603 confessionem,
672 558 720 592 ut
748 558 910 592 noctes
932 551 1094 591 diebus
1116 561 1398 601 cogeremur
1419 549 1728 600 coniungere.

100 623 281 665 Placuit
302 631 457 665 autem
477 624 663 665 diuinae
682 623 879 664 bonitati
900 622 1191 673 amplissima
1218 620 1420 673 Spiritus
1442 619 1604 661 Sancti
1638 631 1737 660 mu·

95 707 211 736 nera
232 708 313 747 per
336 707 421 736 nos
443 695 655 736 omnibus
675 694 921 746 impartiri.
950 693 1070 734 Nam
1091 692 1223 732 multi
1245 691 1568 733 concubinarii
1592 690 1732 741 (inter

99 778 215 818 quos
247 767 389 818 aliqui
419 772 553 807 erant
579 765 772 818 publici)
804 776 915 805 suas
946 764 1234 804 concubinas
1263 763 1563 814 reliquerunt;
1603 762 1735 802 multi

97 838 224 878 uitae
245 837 634 888 emendationem,
659 844 703 878 et
723 835 1052 889 perfectiorem
1072 834 1262 875 uiuendi
1285 834 1517 874 rationem
1541 845 1733 885 accepe-

95 915 218 959 runt;
243 920 404 949 omnes
436 920 658 960 magnam
685 908 876 960 spiritus
902 906 1380 947 communicationem
1412 917 1462 945 se
1494 905 1736 956 accepisse

95 980 390 1021 confitentur.
416 980 563 1021 Paces
585 980 725 1020 etiam
744 979 770 1019 5
791 978 946 1019 factae
968 989 1074 1018 cum
1095 989 1278 1018 summa
1300 977 1423 1017 illius
1444 976 1605 1028 populi
1623 988 1730 1016 con-

98 1053 343 1102 solatione,
370 1064 568 1104 quarum
590 1063 682 1092 una
702 1051 787 1092 fuit
815 1051 936 1091 inter
958 1049 1075 1090 duos
1106 1049 1359 1101 primarios
1387 1047 1729 1099 adolescentes,

89 1123 174 1174 ‘qui
196 1123 358 1163 decem
380 1135 611 1164 annorum
639 1122 827 1175 propria
850 1120 1095 1162 inimicitia
1125 1120 1254 1160 illum
1276 1119 1500 1171 populum
1530 1119 1577 1159 in
1610 1118 1728 1159 duas

94 1194 326 1235 factiones
348 1194 551 1234 diuisum
571 1193 805 1243 tenebant,
839 1193 912 1233 uel
942 1191 1142 1232 daemon
1172 1191 1327 1243 potius
1357 1202 1441 1242 per
1470 1190 1589 1230 illos.
1614 1189 1734 1230 Nam

95 1266 314 1317 quamuis
337 1266 467 1305 multi
490 1265 870 1315 concionatores,
900 1272 946 1304 et
972 1263 1052 1303 alii
1080 1273 1284 1313 magnae
1306 1261 1605 1302 auctoritatis
1626 1261 1732 1312 uiri,

98 1337 335 1377 multoties
367 1337 488 1376 inter
522 1336 625 1377 illos
660 1335 778 1376 tanti
807 1335 1030 1375 momenti
1058 1345 1225 1386 pacem
1253 1333 1371 1373 inire
1399 1338 1727 1383 attentassent,

96 1419 333 1459 nunquam
358 1415 515 1448 tamen
536 1408 627 1448 tale
649 1406 760 1459 quid
781 1406 992 1447 obtinere
1012 1410 1280 1457 potuerunt.
1299 1404 1648 1444 Reseruauerat
1667 1403 1733 1444 in-

95 1478 224 1518 finita
244 1478 429 1519 bonitas
450 1479 538 1519 Dei
560 1478 682 1519 hanc
704 1478 822 1518 tanti
848 1476 1001 1517 meriti
1021 1477 1233 1516 lauream
1255 1475 1456 1515 alumnis
1482 1473 1734 1515 Societatis

92 1551 220 1604 Jesu‚
245 1551 339 1603 qui,
378 1550 548 1591 auditis
582 1561 744 1591 eorum
777 1548 1151 1590 confessionibus
1181 1547 1384 1596 (fuerant
1415 1546 1540 1587 enim
1568 1558 1730 1587 eorum

94 1621 240 1662 animi
276 1622 323 1662 in
359 1621 665 1662 concionibus
693 1620 995 1661 uehementer
1029 1618 1259 1670 excitati),
1305 1618 1548 1671 utriusque
1583 1618 1733 1670 partis

101 1704 383 1733 consensum
417 1692 555 1732 facile
581 1692 907 1744 impetrarunt.
939 1689 1259 1741 Postmodum,
1282 1689 1590 1742 congregatis
1624 1689 1734 1730 hinc

98 1764 204 1804 inde
226 1751 508 1816 'primatibus
532 1769 577 1804 et
603 1763 845 1815 utriusque
868 1762 1017 1815 partis
1049 1760 1263 1802 affinibus
1293 1761 1341 1801 in
1369 1760 1566 1811 templo,
1592 1772 1726 1812 prae-

97 1836 175 1876 uia
197 1835 409 1876 oratione
431 1834 496 1886 (ut
523 1835 571 1875 in
597 1834 700 1875 aliis
731 1834 870 1875 etiam
898 1834 1076 1874 factum
1097 1835 1199 1884 est),
1237 1843 1286 1873 se
1322 1838 1484 1872 mutuo
1506 1837 1614 1872 sunt
1635 1843 1728 1872 am·

89 1907 282 1958 plexati‚
307 1912 438 1946 tanta
460 1905 726 1946 animorum
748 1905 1076 1956 commotione,
1107 1910 1156 1944 ut
1177 1904 1333 1944 nullus
1353 1909 1491 1954 esset,
1524 1903 1603 1955 qui
1624 1903 1730 1943 ube-

90 1989 166 2018 res
191 1978 464 2029 lachrymas
485 1989 579 2017 non
599 1976 869 2017 effunderet.
903 1975 1075 2017 Postea
1096 1976 1234 2016 simul
1256 1974 1557 2016 comedentes
1579 1980 1624 2014 et
1646 1985 1729 2025 per

89 2050 254 2090 urbem
276 2061 369 2089 una
390 2048 674 2099 incedentes,
704 2049 936 2100 permulta
971 2053 1253 2098 argumenta
1280 2051 1536 2098 perpetuae
1565 2045 1722 2085 amici-

90 2120 186 2160 tiae
217 2119 543 2170 ostenderunt3
574 2119 725 2159 solent
751 2119 893 2159 etiam
919 2117 1190 2171 frequenter
1212 2116 1427 2158 confiteri
1447 2122 1492 2157 et
1520 2127 1727 2157 commu-

91 2191 254 2231 nicare

170 2261 345 2302 Factae
367 2267 474 2302 sunt
495 2261 542 2301 in
573 2260 737 2301 eodem
759 2260 929 2313 oppido
958 2262 1132 2301 multae
1159 2259 1503 2309 restitutiones;
1536 2270 1730 2310 repara-

89 2338 189 2374 tum
210 2340 279 2374 est
301 2333 524 2384 templum
544 2344 662 2384 pene
683 2332 942 2384 collapsum
963 2338 1007 2372 et
1034 2331 1324 2381 derelictum,
1359 2335 1525 2370 ornata
1559 2331 1728 2371 altaria

82 2404 416 2456 vcorporalibus
437 2409 482 2444 et
503 2403 606 2443 aliis
627 2403 930 2453 ornamentis,
951 2409 996 2443 et
1012 2403 1137 2454 quod
1158 2413 1368 2443 summae
1391 2401 1728 2442 consolationis

88 2475 193 2516 loco
225 2475 358 2515 nobis
387 2474 664 2526 relinquitur
694 2479 764 2514 est
786 2474 947 2515 uidere
973 2480 1126 2515 toturn
1156 2474 1285 2514 illum
1314 2473 1536 2525 populum
1569 2473 1614 2512 in
1638 2472 1728 2514 Dei

89 2546 315 2596 obsequio
345 2545 756 2586 feruentissimum.
794 2544 914 2586 Nam
941 2546 1092 2586 solent
1120 2544 1180 2585 ad
1214 2554 1300 2584 nos
1327 2544 1607 2584 cateruatim
1634 2543 1727 2584 sre-

80 2624 285 2670 quenter
306 2616 483 2667 uenire,
503 2622 602 2657 tam
622 2616 712 2656 uiri
737 2627 879 2668 quam
906 2616 1149 2667 mulieres,
1171 2614 1525 2667 frequentantes
1552 2616 1729 2656 confes-

86 2690 267 2730 sionem
289 2693 333 2728 et
354 2687 741 2738 communionem,
764 2687 895 2728 multi
914 2687 1102 2739 quidem
1117 2685 1425 2738 frequentius,
1444 2686 1632 2738 plurimi
1648 2697 1726 2727 au-

86 2765 195 2811 tem,
221 2766 265 2800 et
285 2759 382 2800 fere
404 2770 580 2810 omnes,
604 2759 772 2800 saltem
792 2759 936 2800 semel
961 2758 1007 2798 in
1036 2769 1209 2798 mense.

142 2918 153 2939 ¹
191 2922 259 2953 per
275 2919 491 2951 Plebanum„
502 2926 563 2954 per
578 2919 784 2951 Parochum·.
800 2919 855 2954 qui
871 2919 988 2947 italice
1005 2919 1131 2946 dicitur
1147 2918 1315 2946 Piovano.
1332 2918 1421 2946 Vide
1436 2925 1551 2953 supra.
1567 2925 1646 2953 pag.
1661 2918 1727 2948 321.
