2028 3328
871 88 954 124 AN.
986 88 1076 124 1555
1730 89 1800 126 ‘233

154 186 422 237 perioribus
440 185 603 225 diebus
624 184 783 224 inuisit
816 183 987 223 fratres
1021 183 1300 233 EborenseS,
1327 184 1402 223 vbi
1438 195 1531 223 non
1562 184 1646 223 suit
1681 186 1797 224 otio-

159 268 255 307 sus,
278 256 460 308 peregit
481 257 604 296 enim
626 254 712 295 Dei
734 265 926 295 munere
948 255 1114 305 multa,
1139 255 1446 294 concionatus
1469 261 1553 304 est,
1585 266 1690 294 cum
1712 256 1799 295 iter

158 327 351 378 faceret,
389 327 435 367 in
470 327 639 378 oppido
668 325 870 378 quodam
900 324 1150 365 Societatis
1171 325 1530 375 studiosissimo,
1560 325 1633 365 die
1656 325 1797 366 domi-

157 399 263 438 nico
286 408 438 446 mane3
462 404 570 437 tunc
592 398 716 437 enim
739 396 966 447 peruenit.
992 395 1331 436 Confluxerunt
1365 396 1510 436 multi:
1550 397 1726 447 recepit
1748 409 1798 436 se

158 470 205 508 in
241 469 609 508 xenodochium:
646 467 893 507 audierunt
928 466 1027 518 ipse
1063 472 1107 506 et
1142 467 1298 506 socius
1335 467 1510 518 aliquot
1545 467 1797 507 confessio-

157 551 263 580 nes:
302 540 474 580 ibidem
509 539 818 591 grauissimas
853 538 1083 589 quasdam
1117 538 1377 578 inimititias
1412 539 1632 588 extinxit,
1674 540 1798 579 vnde

160 611 328 650 caedes
363 611 634 661 timebatur,
671 615 1030 662 praecesserant
1067 621 1271 661 namque
1307 609 1519 650 iniuriae.
1559 609 1798 650 Diuinitus

159 681 329 722 accidit
350 690 400 721 vt
423 688 621 733 uterque
643 681 943 722 aduersarius
964 687 1008 721 et
1038 681 1283 732 utriusque
1309 687 1530 732 parentes
1560 681 1795 731 adessent,

161 764 268 793 cum
290 759 428 793 antea
450 753 497 793 in
514 753 631 793 locis
648 752 841 792 remotis
858 757 1028 802 essent,
1048 752 1327 803 quibuscum
1348 753 1532 792 locutus
1549 758 1617 792 est
1640 752 1794 801 Pater;

159 829 203 864 et
224 835 508 875 quamquam
529 835 604 864 res
624 835 718 863 non
739 822 876 863 facile
898 822 1112 863 confecta
1140 829 1224 873 est,
1259 829 1417 863 tamen
1452 822 1540 863 Dei
1572 822 1796 863 beneficio

157 900 227 935 est
248 894 478 935 confecta.
517 895 711 935 Postero
740 894 813 934 die
849 905 985 934 mane
1020 895 1244 945 templum
1280 895 1511 945 adierunt,
1534 895 1613 934 Vbi
1635 905 1796 934 coram

157 965 275 1006 viris
296 966 526 1006 nobilibus
549 978 652 1006 sese
674 972 833 1006 mutuo
855 965 1087 1016 complexi
1115 971 1223 1005 sunt
1250 966 1296 1005 in
1323 966 1509 1017 signum
1540 966 1792 1005 amicitiae:

159 1038 356 1077 alterum
379 1049 439 1077 ex
459 1037 776 1077 reconciliatis
797 1048 909 1076 mox
926 1036 1105 1076 audiuit
1122 1036 1171 1076 P.
1205 1037 1441 1077 Antonius
1476 1036 1532 1076 de
1561 1036 1793 1087 Quadi-os,

157 1120 315 1148 comes
336 1109 498 1160 patris.
524 1108 630 1148 Fuit
657 1108 773 1148 haec
808 1108 1128 1148 reconciliatio
1164 1120 1310 1148 causa
1345 1119 1546 1159 magnae
1582 1107 1795 1147 aedifica-

155 1180 311 1230 tionis,
337 1187 471 1220 erant
493 1191 696 1231 namque
717 1179 989 1219 notissimae
1007 1179 1296 1229 inimicitiae;
1321 1179 1447 1230 quod
1468 1190 1576 1219 cum
1602 1178 1661 1218 D.
1686 1178 1795 1219 Car-

156 1251 301 1291 dinali
330 1251 339 1269 ¹
370 1251 635 1291 nuntiatum
656 1257 793 1300 esset,
836 1250 1139 1290 vehementer
1167 1251 1213 1290 in
1247 1250 1450 1290 Domino
1486 1250 1681 1301 gauisus
1710 1255 1794 1290 est.

157 1321 274 1362 Cum
305 1322 598 1373 peruenisset
628 1321 765 1361 Pater
794 1321 1013 1371 Eboram,
1054 1321 1169 1361 uisis
1203 1322 1442 1372 fratribus,
1477 1333 1583 1361 cum
1614 1321 1799 1361 abesset

157 1392 216 1432 D.
239 1392 504 1433 Cardinalis
528 1392 773 1441 <lustrabat
795 1393 918 1433 enim
939 1393 1261 1444 prouinciam),
1288 1393 1347 1433 ad
1369 1404 1474 1432 eum
1496 1404 1545 1433 se
1582 1392 1794 1440 contulit,

156 1465 289 1504 cuius
311 1463 516 1504 aduentu
537 1464 673 1503 ualde
695 1465 896 1504 laetatus
913 1471 997 1504 est:
1018 1476 1124 1504 eum
1141 1465 1393 1504 comitatus
1412 1470 1481 1504 est
1503 1463 1798 1515 proficiscen-

156 1543 250 1576 tem
267 1535 312 1575 in
331 1535 568 1586 oppidum,
589 1535 712 1586 quod
730 1535 899 1575 dicitur
913 1534 1062 1586 Mora,
1082 1536 1162 1576 vbi
1178 1536 1426 1587 aliquoties
1442 1535 1595 1576 fuerat
1612 1534 1796 1575 concio-

154 1616 309 1657 natus,
330 1618 467 1658 quem
486 1607 613 1646 ciues
630 1617 805 1657 magna
824 1606 1056 1647 charitate
1072 1607 1493 1659 prosequebantur.
1509 1606 1596 1647 Hic
1615 1606 1796 1646 concio-

150 1684 294 1718 natus
311 1683 381 1717 est
399 1678 472 1718 die
491 1677 741 1726 dominica,
761 1677 1107 1729 explicauitque
1128 1690 1212 1729 per
1235 1678 1411 1730 aliquot
1434 1678 1532 1718 dies
1554 1679 1794 1729 dogmata,

156 1748 281 1800 quod
307 1747 598 1788 auditoribus
619 1759 841 1798 magnam
858 1749 1225 1789 consolationem
1243 1749 1413 1789 attulit.
1437 1750 1550 1789 Erat
1567 1749 1629 1789 ibi
1650 1748 1796 1789 Colle-

147 1820 285 1871 egium
306 1831 560 1871 puerorum
582 1820 733 1859 instar
754 1830 932 1871 eorum,
957 1831 1074 1871 quos
1096 1820 1370 1861 instituebat
1389 1820 1439 1860 P.
1465 1819 1743 1860 Dominicus
1764 1823 1793 1866 ²,

154 1903 319 1931 verum
341 1903 434 1931 non
455 1891 706 1941 gerebatur
727 1902 803 1930 res
819 1897 946 1931 recte
969 1903 1024 1931 ac
1046 1892 1223 1932 ordine.
1253 1891 1434 1932 Placuit
1465 1891 1522 1932 D.
1555 1891 1795 1932 Cardinali

152 1968 203 2002 vt
223 1961 273 2002 P.
310 1962 357 2002 M
372 1960 505 2013 [iron]
530 1961 597 2001 eis
631 1968 885 2013 praecepta
906 1962 1023 2002 bene
1045 1963 1235 2002 uiuendi
1257 1963 1405 2013 daret,
1428 1969 1671 2014 totamque
1694 1974 1794 2002 rem

154 2040 471 2084 componeret.
509 2032 688 2073 Volens
723 2032 781 2072 D.
821 2032 1084 2073 Cardinalis
1123 2034 1290 2074 horum
1336 2045 1500 2074 curam
1534 2034 1789 2085 suscipere,

154 2115 273 2156 quos
295 2103 480 2143 dicebat
495 2103 677 2143 futuros
699 2103 952 2144 seminaria
969 2110 1012 2144 et
1033 2104 1339 2144 fundamenta
1361 2110 1671 2155 caeterorum,
1696 2116 1794 2144 rem

149 2175 400 2215 constituit
417 2174 557 2214 Pater
577 2174 859 2226 regulasque
880 2175 1120 2215 constituit
1140 2176 1230 2215 illis
1252 2182 1402 2227 aptas,
1423 2175 1469 2215 id
1491 2175 1615 2227 quod
1637 2175 1795 2215 Cardi-

159 2246 256 2286 nali
275 2246 414 2286 valde
437 2245 626 2296 placuit.

240 2317 417 2357 Ibidem
440 2322 541 2356 erat
563 2315 775 2356 Societas
810 2315 824 2334 ⁵
859 2315 1128 2368 Charitatis,
1166 2330 1285 2369 quae
1312 2318 1539 2369 proximis
1575 2319 1710 2358 annis
1730 2318 1797 2358 in-

154 2388 327 2429 choata
348 2388 516 2439 fuerat3
540 2399 596 2427 ea
616 2398 740 2426 nunc
764 2388 1070 2428 corroborata
1092 2394 1162 2428 est
1183 2389 1392 2440 beneque
1411 2390 1681 2438 constituta,
1703 2401 1795 2441 qua

155 2460 294 2500 valde
316 2459 623 2499 aedificantur
644 2457 900 2498 Morenses.
925 2457 1053 2498 Socii
1074 2460 1188 2499 nihil
1209 2461 1412 2511 soluunt,
1436 2460 1526 2500 nisi
1543 2461 1665 2512 quod
1686 2473 1794 2501 con-

156 2531 344 2571 fitentur
366 2530 563 2581 singulis
583 2528 835 2579 mensibUS,
861 2540 967 2570 cum
984 2530 1241 2581 minimum3
1267 2531 1343 2583 qui
1369 2530 1595 2572 Societati
1624 2543 1796 2572 nomen

156 2602 284 2653 dant,
309 2614 367 2642 ex
389 2612 552 2642 eorum
572 2612 767 2640 numero
789 2606 910 2651 sunt,
936 2601 1015 2652 qui
1037 2608 1205 2642 octauo
1234 2614 1418 2654 quoque
1446 2603 1520 2644 die
1549 2614 1795 2643 sacrosan-

212 2763 222 2783 ¹
262 2763 423 2796 Henrico,
439 2762 542 2796 Regis
558 2760 677 2793 fratre,
691 2759 873 2787 Cardinale
891 2765 923 2788 et
939 2762 1209 2798 Archiepiscopo
1224 2764 1407 2793 Eborensi.

213 2810 228 2830 2
265 2811 388 2838 Petrus
416 2808 629 2841 Domenech,
654 2808 761 2834 abbas
788 2806 902 2835 Villae
931 2808 1092 2845 Beltran,
1119 2811 1397 2847 Ulyssiponcnsis
1418 2813 1653 2847 orphanorum
1676 2812 1796 2839 domus

155 2857 337 2886 fundator.

213 2904 226 2924 5
265 2905 552 2939 Confraternitas
567 2903 670 2930 etiam
687 2902 944 2935 appellabatur.
