2028 3328
188 143 262 180 2158
704 144 931 182 LtTTERAE
952 155 1308 189 QUADRIMESTRES

191 240 360 287 allecti,
386 252 441 279 ac
463 241 534 280 his
556 241 899 282 honestissimis
920 242 1163 281 literarum
1184 240 1349 280 studiis
1366 239 1571 289 distenti,
1590 246 1688 279 tum
1710 241 1818 280 faci-

192 311 278 350 lius
301 324 326 350 a
349 313 666 363 praesentium
687 314 978 364 uoluptatum
1001 311 1237 352 blanditiis
1259 316 1553 360 reuocentur,
1577 317 1674 350 tum
1694 311 1819 351 foeli-

188 382 291 422 cius
313 383 371 422 ad
393 384 658 424 castitatem
680 391 723 424 et
746 396 932 423 omnem
953 384 1175 423 virtutem
1193 382 1569 432 amplectandam
1587 382 1819 422 stimulen-

190 460 280 504 tur,
304 460 401 494 tum
424 455 608 495 demum
631 455 834 495 alacrius
856 455 915 494 ad
936 461 1124 493 nostrae
1155 453 1396 503 religionis
1424 459 1719 492 sacramenta
1749 464 1820 493 co-

184 526 475 576 gnoscenda,
496 527 841 566 exsuscitentur
858 532 903 566 et
919 526 1277 565 inflammentur.
1294 523 1773 563 FraterSebastianus
1794 524 1817 570 ¹,

188 595 387 646 insignis
409 596 581 637 Christi
601 602 753 648 poeta,
785 597 921 636 simul
949 608 1052 636 cum
1083 595 1282 635 caeteris
1313 594 1486 635 Christi
1520 595 1683 645 poetis,
1715 606 1821 634 con-

189 667 385 718 spirauit
417 674 466 707 ut
499 679 658 707 musas
692 668 895 707 lasciuas
932 672 1163 717 vagantes
1200 677 1254 705 ac
1297 666 1457 705 exules
1496 677 1554 705 ex
1588 665 1780 705 Amonii
1808 665 1821 683 ‘²

186 738 424 778 montibus
451 744 494 778 et
521 738 759 778 Heliconis
791 737 1046 777 verticibus
1074 742 1278 785 reuocet,
1310 743 1354 775 et
1383 736 1431 776 in
1459 735 1586 787 Syon
1615 743 1658 776 et
1686 736 1820 776 Itabi-

189 809 310 849 rium
332 816 374 849 et
396 808 522 861 Syna
545 811 729 849 excelsa
752 809 962 859 reducat;
982 820 1037 848 ac
1059 808 1357 857 incunabula,
1378 808 1624 858 praesepia
1648 806 1822 847 Christi

185 881 375 930 condat,
399 881 732 932 horrentiaque
765 880 972 920 eiusdem
1001 891 1133 919 arma
1154 879 1433 930 laboresque
1454 879 1713 930 sapientius
1732 879 1820 919 for-

187 951 371 1003 tiusque
393 953 603 1002 gentium
625 952 776 1002 poetis
798 957 952 991 canat.
977 950 1232 1001 Discipulis
1254 950 1396 1000 igitur
1419 956 1567 989 artem
1588 950 1821 1000 poeticam

186 1022 383 1062 mirifico
405 1023 595 1062 tradidit
618 1022 814 1062 artificio
838 1028 1120 1072 exercetque
1142 1021 1245 1060 illos
1267 1021 1555 1060 carminibus
1576 1020 1817 1061 faciendis.

187 1092 417 1144 Discipuli
439 1093 682 1144 diligenter
705 1093 813 1132 huic
835 1093 925 1132 arti
948 1104 1139 1143 operam
1162 1092 1274 1132 dant
1296 1103 1350 1131 ac
1372 1092 1578 1131 studiose
1610 1091 1818 1131 carmina

187 1164 406 1214 condunt,
445 1171 643 1215 suntque
678 1164 912 1215 plerisque
946 1163 1247 1203 admirationi
1281 1163 1328 1202 in
1361 1163 1450 1203 hac
1484 1163 1614 1213 vrbe,
1651 1163 1696 1202 in
1728 1174 1817 1213 qua

183 1236 323 1286 pauci
345 1235 638 1286 reperiuntur
654 1235 763 1275 huic
783 1235 876 1275 arti
898 1235 1054 1275 dediti.

268 1305 672 1356 Quemadmodum
707 1317 794 1346 nos
830 1306 955 1346 domi
989 1306 1276 1357 gesserimus
1307 1312 1446 1357 atque
1485 1305 1531 1344 in
1563 1305 1816 1345 iuuentutis

182 1376 522 1416 institutionem
544 1377 943 1417 elaborauerimus
965 1377 1055 1417 hoc
1077 1388 1221 1427 anno,
1247 1376 1360 1416 satis
1391 1376 1674 1427 explicatum
1699 1375 1816 1415 arbi-

182 1452 296 1487 tror.
321 1446 538 1499 Sequitur
560 1454 608 1487 ut
629 1448 745 1488 haec
767 1447 917 1488 officia
940 1459 1210 1499 persequar,
1234 1459 1353 1499 quae
1374 1447 1608 1498 pertinent
1631 1446 1690 1486 ad
1721 1447 1817 1486 ani-

183 1530 366 1558 morum
398 1520 573 1559 cultum
593 1525 637 1558 et
667 1519 725 1558 ad
750 1519 875 1559 vitae
898 1519 1157 1559 communis
1178 1518 1515 1558 institutionem
1549 1527 1592 1558 et
1614 1517 1815 1568 discipli-

183 1601 307 1630 nam.
328 1590 491 1630 Patres
512 1590 654 1641 igitur
676 1602 804 1630 more
822 1596 866 1631 et
887 1590 1096 1630 instituto
1120 1589 1371 1630 Societatis
1393 1589 1694 1629 intenderunt
1718 1589 1812 1628 ani-

184 1672 309 1700 mum
330 1661 562 1712 frequenti
592 1661 941 1702 confessionum
968 1661 1141 1702 actioni
1163 1668 1302 1713 atque
1323 1660 1656 1712 mysteriorum
1677 1660 1816 1710 largi-

180 1732 310 1772 tioni.
336 1732 476 1772 Pater
496 1733 779 1773 Franciscus
801 1733 1046 1773 Brunellus
1068 1733 1374 1773 concionatus
1396 1738 1466 1772 est
1483 1731 1528 1771 in
1546 1732 1717 1782 templo
1735 1730 1814 1771 Di-

180 1814 267 1842 uae
289 1802 464 1843 Luciae
486 1804 700 1844 omnibus
721 1803 864 1855 feriis,
887 1804 1122 1844 instruens
1143 1803 1438 1855 potissimum
1459 1802 1618 1842 fideles
1646 1802 1818 1842 doctri-

179 1885 240 1913 na
263 1874 535 1915 christiana.

259 1944 531 1986 Praefectus
560 1946 646 1986 fuit
672 1946 721 1986 P.
746 1946 1031 1987 Franciscus
1062 1945 1264 1986 Palmius
1299 1946 1356 1986 ab
1390 1945 1622 1996 Episcopo
1660 1944 1808 1985 Bono-

181 2016 330 2056 niensi
351 2016 364 2035 ³
387 2018 651 2057 lustrationi
673 2025 717 2058 et
740 2029 967 2058 censurae
988 2017 1325 2058 iurisdictionis
1345 2015 1374 2067 ⁴,
1399 2017 1446 2056 in
1467 2027 1558 2067 qua
1581 2015 1814 2055 censenda

180 2093 227 2126 et
247 2087 532 2128 instituenda
563 2089 722 2129 nescio
746 2101 805 2128 an
827 2090 931 2140 plus
953 2089 1126 2129 doloris
1148 2087 1415 2139 conceperit
1437 2098 1497 2127 an
1519 2087 1690 2127 laboris
1712 2097 1810 2126 sus-

180 2159 371 2210 ceperit.
396 2159 549 2199 Tanta
570 2160 790 2200 nimirum
818 2165 888 2200 est
916 2159 1179 2200 animarum
1206 2159 1408 2208 iactura,
1445 2163 1575 2198 tanta
1612 2157 1812 2208 discipli-

180 2241 268 2269 nae
290 2230 463 2270 veteris
484 2231 789 2282 perturbatio,
813 2236 945 2271 tanta
967 2242 1151 2270 morum
1171 2229 1472 2282 peruersitas,
1502 2235 1634 2269 tanta
1662 2240 1814 2269 sacer-

179 2300 341 2341 dotum
372 2300 546 2341 Christi
567 2302 837 2352 ignorantia
866 2309 910 2342 et
938 2313 1085 2352 error,
1111 2307 1242 2341 tanta
1265 2300 1463 2352 denique
1485 2300 1814 2340 Vniuersorum

182 2371 419 2422 turpitudo
443 2379 486 2412 et
507 2373 701 2412 malitia.
725 2372 926 2413 Proinde
947 2373 995 2412 in
1016 2373 1105 2413 hac
1127 2379 1223 2412 tam
1245 2372 1399 2423 ampla
1421 2383 1572 2411 messe
1594 2371 1813 2422 copiosas

181 2447 227 2481 et
249 2453 446 2493 magnas
468 2443 664 2494 percipit
680 2443 855 2495 fruges,
881 2444 991 2484 dum
1011 2444 1179 2495 impios
1200 2449 1245 2483 et
1261 2442 1555 2483 facinorosos
1572 2441 1814 2481 Ecclesiae

182 2513 450 2553 muneribus
474 2514 622 2562 orbat,
646 2515 732 2554 hos
753 2520 900 2565 notat,
931 2515 1117 2555 illorum
1145 2525 1301 2554 mores
1329 2513 1464 2564 regit,
1496 2513 1612 2552 alios
1640 2518 1810 2562 monet,

236 2673 244 2691 ¹
285 2672 424 2700 Polanci
440 2673 602 2700 librarius
623 2673 810 2708 scripserat
827 2673 859 2701 in
886 2673 1061 2708 Chronico,
1079 2681 1154 2701 cum
1176 2673 1216 2700 de
1237 2672 1440 2700 Bononiensi
1466 2671 1617 2705 Collegio
1633 2670 1669 2698 fit
1689 2678 1812 2705 sermo,

182 2719 267 2746 haee
282 2721 400 2747 verba:
419 2724 574 2754 opera...,
587 2721 633 2747 ad
649 2722 817 2755 magistri
829 2721 985 2757 Joannz's
1002 2721 1224 2754 Sebastz'anz',·
1239 2721 1299 2748 sed
1313 2721 1403 2748 linea
1417 2727 1520 2754 super
1541 2720 1686 2747 verbum
1706 2719 1813 2754 soan-

182 2766 239 2792 m‘s
255 2766 357 2794 ducta
372 2772 434 2794 est.

233 2813 247 2832 ‘2
287 2813 352 2847 Sic;
369 2815 560 2842 Ammonis?

235 2860 248 2879 ⁵
285 2860 412 2893 Joanne
430 2861 628 2897 Campeggi.

237 2908 251 2927 4
288 2908 387 2936 Haud
402 2910 512 2944 facile,
532 2914 702 2944 putamus,
722 2912 796 2946 quis
817 2912 931 2946 capiet
954 2919 1145 2939 sermonem
1166 2911 1221 2938 hic
1244 2911 1300 2945 agi
1316 2911 1355 2938 de
1372 2911 1554 2938 visitanda
1578 2909 1731 2937 dioecesi
1744 2908 1811 2936 Bo-

182 2963 355 2985 nonzenst.
