2028 3328
190 134 259 170 224
710 133 937 170 LITTERAE
955 144 1312 177 QUADRiMEsTREs

271 232 341 272 De
362 232 537 272 eisdem
558 231 649 271 alia
663 243 756 271 non
774 243 927 282 pauca
943 244 1131 283 possem
1153 234 1357 273 scribere
1375 234 1708 274 iocundissima
1726 235 1820 286 qui·

189 303 295 344 dem
317 304 410 353 illa,
434 303 516 343 sed
538 302 759 354 quoniam
780 302 1033 344 minutiora
1050 304 1267 344 uidentur
1284 315 1424 355 quam
1441 304 1584 344 scribi
1604 304 1820 356 debeant,

190 386 244 414 ea
267 374 449 414 silentio
471 373 750 425 praeteribO.
774 373 833 413 Et
853 380 903 414 ut
925 375 985 415 ad
1007 374 1193 415 Patrem
1221 382 1448 426 reuertar,
1472 387 1578 415 cum
1606 382 1703 416 tam
1725 388 1821 416 cre-

190 446 275 486 bro
297 444 505 485 diuinum
526 444 722 484 uerbum
744 445 997 496 praedicet,
1023 447 1385 497 haudquaquam
1403 447 1490 486 hoc
1512 458 1605 486 uno
1629 459 1821 488 munere

192 521 439 556 contentus
461 522 545 555 est.

271 587 377 627 Duo
405 587 591 638 quidem
619 587 709 627 uiri
738 587 948 638 primarii
983 588 1187 628 ciuitatis
1215 589 1352 628 huius
1384 589 1587 629 maxime
1617 590 1736 629 inter
1772 601 1821 629 se

190 658 493 708 dissidebant,
517 669 718 710 quorum
739 659 870 709 alter,
894 660 1054 699 nescio
1076 671 1166 711 qua
1195 665 1360 699 exorta
1388 659 1661 711 offensione,
1687 661 1823 701 alteri

191 730 447 780 mulierem,
472 741 578 769 cum
600 741 692 781 qua
713 731 883 770 multos
906 743 1052 771 annos
1080 732 1279 782 uixerat,
1317 732 1365 771 ui
1395 731 1600 771 adimere
1632 738 1819 772 conten-

190 801 343 841 debat.
365 800 498 851 Quod
519 812 626 840 cum
647 812 752 841 eum
773 813 867 841 non
886 802 974 842 hoc
996 803 1177 852 lateret,
1201 813 1271 850 ea,
1297 813 1415 853 quae
1432 803 1490 842 ad
1508 803 1580 842 sui
1597 802 1821 843 defensio-

190 884 297 912 nem
318 872 587 912 necessaria
609 871 697 912 sibi
726 872 1020 923 uidebantur,
1054 884 1226 924 magna
1249 873 1457 913 adhibita
1489 874 1725 914 celeritate
1746 886 1824 925 pa-

190 944 339 991 rabat;
364 949 408 983 et
429 943 539 984 dum
561 944 753 984 alterius
779 944 963 984 uolebat
990 952 1186 984 conatus
1215 945 1493 996 opprimere,
1518 957 1623 985 eum
1659 951 1825 985 contra

191 1026 240 1054 se
262 1015 585 1055 uehementius
605 1015 908 1056 accendebat.
929 1015 977 1055 P.
999 1016 1225 1067 Baptista,
1246 1027 1296 1055 re
1315 1016 1520 1067 cognita,
1540 1016 1629 1056 Dei
1644 1017 1825 1067 gloriae

193 1087 451 1135 studiOSUS,
489 1086 731 1138 praefatos
765 1087 893 1127 uiros
933 1087 1257 1127 discordantes
1297 1088 1418 1127 inter
1459 1099 1508 1128 se
1542 1099 1826 1139 componere

193 1169 374 1198 summa
397 1157 640 1208 diligentia
661 1158 861 1208 curauit,
886 1158 1009 1210 quod
1033 1164 1076 1198 et
1099 1158 1327 1199 adiutrice
1345 1158 1502 1199 diuina
1524 1159 1679 1210 gratia
1697 1159 1821 1199 fecit.

191 1229 311 1270 Nam
331 1229 516 1269 illorum
537 1229 706 1269 animis
728 1229 902 1268 sedatis
923 1229 1070 1280 ipsius
1092 1230 1297 1280 monitis,
1320 1230 1365 1270 in
1388 1230 1650 1281 pristinam,
1674 1230 1749 1270 uel
1770 1242 1824 1269 ea

192 1303 335 1341 inulto
356 1300 626 1351 firmiorem,
651 1300 906 1339 amicitiam
928 1300 1180 1340 redierunt.

270 1372 377 1412 Alia
400 1383 493 1411 non
515 1372 682 1421 minor,
711 1371 793 1411 sed
821 1372 959 1421 longe
981 1372 1145 1422 maior,
1170 1373 1407 1412 contentio
1430 1373 1551 1412 inter
1572 1372 1825 1424 primarios

191 1445 319 1484 ciues
340 1443 586 1483 cuiusdam
607 1442 765 1494 oppidi
785 1442 1034 1482 Valentiae
1056 1444 1271 1493 proximi,
1297 1443 1485 1484 nomine
1507 1443 1818 1493 Fontinentis,

191 1527 284 1555 non
304 1514 462 1554 multis
483 1514 652 1553 abhinc
674 1513 836 1554 diebus
858 1521 1021 1553 exorta
1044 1514 1143 1554 fuit.
1165 1514 1372 1567 Cumque
1392 1515 1455 1565 hi,
1475 1516 1553 1567 qui
1570 1515 1699 1555 rixas
1716 1527 1826 1555 con-

192 1587 432 1636 citassent,
456 1586 612 1637 capita
633 1585 776 1625 totius
800 1585 946 1636 plebis
968 1585 1267 1637 haberentur,
1291 1587 1541 1627 vniuersus
1561 1586 1658 1627 fere
1682 1598 1824 1638 popu-

190 1658 262 1698 lus
283 1670 375 1697 una
397 1668 504 1697 cum
520 1657 592 1701 leis
614 1662 683 1696 est
704 1657 1020 1708 perturbatus.
1044 1657 1164 1698 Nam
1186 1659 1265 1698 alii
1285 1659 1389 1699 aliis
1411 1659 1640 1709 fauentes,
1671 1670 1720 1698 se
1743 1659 1819 1698 ad-

191 1728 430 1769 uersarios
451 1728 650 1768 aliorum
673 1728 990 1778 declarabant,
1026 1741 1052 1768 a
1074 1729 1241 1780 quibus
1263 1730 1356 1770 iam
1384 1730 1576 1781 perinde
1598 1736 1647 1769 ut
1677 1729 1823 1769 inimi-

191 1800 368 1840 cissimi
389 1800 550 1839 hostes
565 1799 871 1839 habebantur.
896 1799 1055 1852 Itaque
1078 1801 1133 1840 de
1155 1801 1326 1853 populo
1348 1802 1435 1841 hoc
1450 1802 1513 1841 ita
1531 1801 1697 1851 diuiso,
1718 1802 1827 1852 quid

191 1872 331 1921 aliud,
355 1871 409 1911 R.
433 1870 587 1922 Pater,
610 1882 802 1922 sperare
822 1871 997 1922 liceret,
1023 1884 1163 1924 quarn
1187 1872 1310 1924 quod
1330 1873 1560 1913 Dominus
1582 1873 1638 1913 de
1668 1873 1828 1923 regnis

193 1943 313 1984 inter
335 1955 384 1984 se
421 1942 584 1982 diuisis
611 1942 658 1982 in
686 1942 932 1993 evangelio
968 1943 1193 1984 minatur?
1227 1944 1408 1985 cladem
1442 1944 1652 1996 profecto
1683 1943 1827 1983 maxi-

192 2026 332 2065 mam,
357 2025 700 2066 corporumque
722 2020 767 2054 et
789 2015 1053 2055 animarum
1075 2016 1344 2066 perniciem.
1368 2016 1500 2056 Multi
1529 2015 1618 2056 uiri
1647 2015 1826 2055 nobiles

192 2092 237 2126 et
257 2085 479 2137 religiosi,
503 2096 675 2136 magno
697 2085 863 2125 timore
884 2087 1102 2137 perculsi,
1128 2086 1408 2127 dissociatos
1429 2087 1616 2127 illorum
1642 2086 1826 2126 animos

192 2168 475 2208 componere
499 2156 693 2196 summis
715 2157 931 2207 precibus
953 2163 1257 2198 attentarunt.
1282 2157 1373 2199 Sed
1395 2158 1563 2198 mirum
1579 2169 1720 2209 quam
1744 2169 1822 2209 pa-

192 2239 296 2268 rum
318 2227 599 2268 contentiosi
623 2227 711 2267 uiri
733 2228 902 2267 horum
921 2228 1203 2268 iustissimas
1238 2240 1401 2281 preces
1424 2235 1656 2279 curarent,
1682 2239 1823 2279 quarn

193 2309 354 2339 eorum
375 2299 685 2338 saluberrima
707 2299 903 2339 consilia
925 2305 1292 2340 contemnerent.
1318 2300 1450 2341 Adeo
1471 2301 1656 2340 illorum
1683 2299 1825 2339 animi

193 2370 601 2410 excandescebant
630 2370 715 2419 ira,
749 2376 798 2410 vt
819 2382 912 2410 non
943 2371 1094 2410 solum
1123 2372 1427 2412 admonentes
1461 2383 1511 2411 se
1536 2382 1703 2423 pacem
1732 2381 1827 2409 non

193 2441 423 2491 audirent,
448 2441 531 2480 sed
551 2441 597 2480 id
620 2441 936 2491 consequendi
958 2453 1089 2493 spem
1124 2454 1309 2482 omnem
1339 2442 1520 2483 cunctis
1550 2441 1823 2482 adimerent.

193 2511 327 2551 Hanc
350 2512 407 2551 ob
436 2523 630 2552 causam
657 2512 720 2562 hi,
750 2512 826 2563 qui
855 2523 1023 2563 pacem
1056 2514 1358 2564 exoptabant,
1396 2514 1490 2554 iam
1519 2512 1615 2553 suis
1649 2511 1827 2552 uiribus

194 2581 466 2630 diffidentes,
491 2583 550 2622 ad
572 2582 620 2622 Ρ.
643 2582 921 2634 Baptistam,
946 2584 1078 2634 quasi
1095 2584 1153 2624 ab
1175 2596 1229 2624 eo
1252 2585 1402 2624 solum
1424 2583 1678 2624 remedium
1696 2593 1825 2622 acce-

192 2652 333 2704 pturi,
357 2652 683 2704 confugerunt.
708 2653 797 2704 Qui
818 2665 924 2694 cum
946 2655 1090 2706 probe
1111 2655 1394 2706 intelligeret
1425 2665 1648 2705 magnam
1682 2664 1822 2704 popu-

193 2725 288 2763 lum
319 2723 446 2763 illum
476 2723 657 2763 cladem
688 2730 1014 2776 accepturum,
1047 2726 1137 2766 nisi
1163 2731 1293 2766 tanto
1329 2726 1452 2766 malo
1480 2730 1822 2773 occurreretur,

194 2794 409 2834 omnibus
430 2793 532 2834 aliis
557 2794 766 2845 negociis
787 2795 1045 2846 expeditus,
1070 2796 1130 2836 ad
1159 2797 1382 2848 populum
1407 2796 1537 2836 illum
1566 2795 1823 2845 contendit,

192 2865 361 2917 ibique,
381 2876 465 2916 per
486 2870 609 2905 totos
631 2865 896 2916 quindecim
918 2866 1017 2905 dies
1038 2872 1371 2918 commoratus,
1392 2867 1627 2907 multoties
1645 2866 1826 2907 dissidii

191 2935 428 2987 principes
448 2941 519 2976 est
539 2936 783 2976 allocutus.
804 2935 932 2986 Quos
949 2948 1073 2976 nunc
1093 2937 1336 2978 dulcedine
1353 2938 1582 2978 sermonis
1596 2938 1823 2986 3111010115,
