2028 3328
166 168 213 203 To
682 168 909 206 LITTERAE
928 178 1288 211 oquaixffisrREs

165 263 296 303 missi
330 263 635 313 Societatem,
674 264 870 305 studiosi
907 264 1084 315 logices
1121 276 1176 304 ac
1222 265 1425 316 optimae
1460 265 1808 315 expectationis

166 335 371 374 iuuenes.
396 334 625 375 Dominus
647 346 760 375 uero
783 335 973 387 quidam
992 335 1310 376 Bernardinus
1334 334 1360 385 ¹,
1386 347 1445 374 ex
1466 346 1627 375 sorore
1655 347 1807 388 nepo-s

164 405 365 445 Moscosi
387 404 414 455 ²,
438 407 646 454 toletani,
671 407 717 446 in
738 412 937 458 utroque
955 406 1067 460 Jure
1087 407 1449 455 baccalaureus,
1475 412 1519 446 et
1540 405 1730 458 quidam
1753 408 1800 448 in

163 476 273 528 Jure
295 476 419 516 ciuili
440 476 713 517 licenciatus
743 477 934 528 Rasgon
956 478 1157 527 nomine,
1189 490 1244 518 ac
1266 483 1510 528 praeterea
1531 477 1799 528 theologiae

165 558 330 587 sacrae
350 546 549 596 Doctor‚
574 554 617 588 et
639 548 828 599 quidam
850 549 1126 599 cognomine
1153 549 1357 589 Fuentes
1387 554 1568 588 tantum
1595 549 1642 588 in
1666 560 1801 589 exer-

164 618 286 658 citiis
308 618 628 669 profecerunt,
654 626 702 660 ut
722 620 761 659 si
784 627 992 670 possent,
1017 620 1152 660 facile
1175 619 1425 671 quasdam,
1449 619 1616 671 quibus
1640 620 1798 660 distin-

165 696 239 729 cte
262 688 275 707 ³
297 689 564 730 detinentur
586 691 730 730 tricas
752 690 1029 742 effugerent,
1062 691 1296 731 interdum
1326 690 1596 742 frequenter
1621 702 1806 731 asseue-

168 768 325 800 rantes
346 761 427 800 vix
449 773 497 801 se
525 773 662 812 posse
697 768 832 802 extra
866 761 1147 819 Societatem
1183 762 1359 802 uiuere.
1397 761 1684 802 Benedictus
1714 762 1806 801 Do·

166 830 326 870 mimis
346 835 389 871 et
411 832 563 871 Pater
587 832 783 872 Domini
801 833 961 873 nostri
974 833 1093 885 sesti
1123 832 1317 878 Christi,
1339 832 1424 883 qni
1442 832 1633 872 uocauit
1650 844 1737 873 nos
1757 833 1811 872 in

169 901 449 942 Societatem
471 903 592 943 Filii
607 903 688 943 sui
706 902 734 944 4.
765 904 930 945 Amen.

245 973 467 1014 Proximo
488 985 648 1014 mense
663 975 773 1028 Julii
794 974 916 1015 R.<¹1³S
943 975 1080 1016 Pater
1098 982 1256 1016 noster
1278 974 1601 1024 Prouincialis,
1622 975 1804 1016 Doctor

169 1044 349 1095 Araoz,
388 1051 640 1097 antequam
674 1046 847 1087 Albani
877 1047 1094 1098 oppidum
1119 1046 1132 1065 5
1155 1047 1326 1097 adiret,
1360 1052 1409 1086 ut
1445 1046 1709 1099 Principem
1747 1058 1804 1086 ac

168 1115 486 1167 Hispanorum
506 1115 685 1167 Regem
705 1115 719 1135 ⁰
736 1118 783 1157 in
803 1116 1027 1169 Angliam
1048 1118 1441 1169 proficiscentem,
1473 1117 1583 1169 [qui]
1611 1118 1658 1158 in
1679 1118 1813 1158 dicto

167 1186 338 1238 oppido
360 1187 666 1228 recreationis
684 1200 829 1229 causa
850 1194 960 1229 tunc
983 1189 1301 1239 detinebatur,
1340 1189 1582 1237 inuiseret‚
1621 1189 1696 1229 hic
1719 1200 1807 1229 suo

168 1269 254 1298 nos
276 1258 420 1298 verbo
443 1264 487 1298 et
508 1260 722 1311 exemplo
745 1246 997 1311 plurimum
1018 1261 1065 1302 in
1082 1260 1267 1302 Christo
1290 1261 1536 1302 recreauit.
1572 1260 1669 1301 Illic
1690 1272 1806 1301 uero

170 1330 482 1380 quarumdam
503 1331 791 1382 monialium,
816 1343 935 1383 quae
957 1332 1102 1383 ipsius
1115 1331 1260 1372 Ducis
1281 1330 1455 1372 Albani
1476 1331 1488 1349 ⁷
1512 1331 1672 1372 affines
1694 1343 1800 1372 con-

169 1401 550 1453 sanguineaeque
573 1409 721 1452 erant,
741 1409 935 1453 rogatu,
961 1403 1106 1443 uerba
1133 1414 1271 1443 sacra
1292 1408 1422 1443 tanta
1445 1414 1603 1444 rerum
1625 1403 1803 1443 diuina-

170 1483 275 1511 rum
296 1473 433 1523 copia
456 1479 679 1524 tantaque
701 1472 885 1513 dicendi
905 1473 953 1513 vi
970 1485 1026 1513 ac
1048 1473 1206 1513 diuino
1228 1473 1396 1525 spiritu
1413 1473 1543 1524 fecit,
1567 1480 1616 1515 ut
1642 1486 1809 1515 omnes

170 1542 217 1582 in
239 1542 396 1583 fletum
418 1543 686 1593 concitarit‚
711 1550 760 1584 ut
781 1544 874 1584 iam
890 1544 999 1584 uiua
1017 1543 1348 1584 confiterentur
1365 1556 1482 1585 uoce
1498 1556 1548 1585 se
1565 1556 1806 1597 nunquam

170 1621 309 1654 antea
346 1615 455 1666 quid
488 1621 612 1655 esset
647 1615 866 1666 religiose
899 1616 1062 1657 viuere
1094 1615 1390 1666 cognouisse.
1424 1615 1635 1667 Quarum
1657 1628 1806 1668 usque

171 1685 288 1725 adeo
310 1687 384 1726 uel
406 1687 544 1727 unica
566 1686 719 1727 Patris
740 1687 966 1727 concione
988 1687 1194 1728 excitata
1220 1687 1305 1727 fuit
1325 1686 1514 1728 deuotio
1547 1694 1685 1738 atque
1708 1699 1808 1728 cor-

169 1757 242 1797 dis
263 1758 582 1809 compunctiO,
603 1764 653 1799 ut
687 1758 888 1809 socium,
926 1770 1063 1810 quem
1099 1770 1255 1799 secum
1277 1759 1480 1799 habebat
1503 1757 1532 1809 ⁸,
1555 1758 1727 1799 ibidem
1749 1759 1808 1800 ad

171 1836 354 1880 tempus
375 1830 639 1881 relinquere
662 1835 854 1870 coactus
874 1829 1036 1879 fuerit,
1062 1830 1139 1881 qui
1161 1830 1305 1870 diuini
1328 1830 1458 1870 verbi
1485 1830 1666 1871 fructus
1696 1837 1815 1871 tam=

173 1912 317 1951 quam
336 1900 487 1941 bonus
509 1912 565 1941 ac
586 1900 705 1941 fidus
727 1900 901 1942 Christi
919 1912 1098 1941 messor
1121 1901 1379 1952 colligeret.

254 1971 357 2012 Non
374 1973 519 2012 multo
536 1979 641 2024 post
666 1972 752 2012 hos
774 1972 873 2012 dies
899 1971 1059 2012 diuina
1087 1984 1174 2024 ope
1196 1971 1410 2013 effectum
1429 1978 1512 2023 est,
1537 1984 1593 2013 ac
1616 1972 1810 2014 Patrum

175 2049 445 2084 nostrorum
467 2055 634 2094 opera,
659 2049 708 2084 ut
729 2043 886 2095 plures
909 2055 964 2083 ac
986 2043 1128 2093 uarii,
1152 2043 1230 2095 qui
1252 2043 1464 2084 diuersas
1481 2043 1539 2084 ob
1562 2055 1732 2084 causas
1749 2050 1812 2084 te-

175 2114 430 2154 nacissimo
453 2113 558 2154 odio
581 2114 702 2154 inter
724 2125 827 2154 sese
854 2113 1165 2164 dissidebant,
1199 2114 1344 2155 multo
1380 2120 1543 2166 postea
1576 2126 1630 2155 ac
1653 2114 1816 2155 diuino

172 2186 505 2236 copularentur
528 2196 711 2235 amore,
735 2185 854 2225 inter
876 2196 993 2236 quos
1010 2184 1129 2225 duae
1147 2185 1429 2236 coniugatae
1454 2185 1694 2237 mulieres,
1717 2197 1814 2227 non

174 2256 273 2297 sine
296 2268 469 2308 magno
491 2257 672 2307 labore,
705 2255 922 2297 effectum
956 2263 1026 2296 est
1049 2262 1097 2296 ut
1132 2256 1179 2296 in
1211 2256 1463 2307 coniugum
1491 2268 1683 2298 suorum
1708 2268 1814 2309 gra-

175 2328 289 2368 tiam
310 2328 530 2369 redirent.
550 2328 678 2368 Lites
696 2339 824 2376 uero,
844 2338 964 2378 quae
981 2327 1101 2367 inter
1119 2327 1247 2368 ciues
1264 2334 1387 2378 sunt,
1407 2333 1546 2380 atque
1564 2327 1811 2369 interdicta

175 2410 381 2450 quoque,
406 2411 525 2451 quae
547 2399 595 2439 in
615 2399 703 2440 hac
728 2398 917 2439 ciuitate
939 2404 1132 2450 propter
1155 2397 1366 2449 judicum
1391 2398 1675 2440 secularium
1707 2409 1814 2439 cum

232 2557 240 2576 ¹
282 2557 514 2585 Bernardinus
529 2558 569 2586 de
586 2558 771 2586 sandoval.
787 2557 875 2585 Vide
890 2557 1037 2584 POLANCI
1054 2556 1258 2588 Clzromcon.
1271 2561 1295 2585 t.
1312 2564 1359 2590 lv,
1372 2565 1441 2592 pag
1464 2557 1528 2590 376.
1544 2565 1574 2585 n*
1590 2557 1652 2585 807.

231 2605 244 2624 ἓ
283 2605 427 2640 Saepius
439 2606 471 2633 in
487 2606 688 2634 nobiliorum
699 2606 884 2641 Hispaniae
896 2605 1104 2632 familiarum
1113 2606 1349 2633 stemmatibus
1358 2605 1539 2636 coniuncta
1549 2609 1717 2640 apparent
1730 2605 1816 2633 haec

174 2654 377 2687 cognomina
392 2653 546 2681 Moscoso
556 2659 588 2681 et
600 2654 796 2687 Sandoval,·
810 2653 884 2688 quis
899 2657 1014 2680 tamen
1029 2653 1083 2680 hic
1098 2653 1270 2680 toletanus
1286 2653 1441 2680 Mose-oso
1455 2653 1557 2680 suerit
1570 2653 1715 2680 nondum
1727 2653 1819 2681 scire

180 2700 351 2728 valuimus

232 2747 245 2767 ⁵
285 2747 350 2781 Sic,
367 2749 494 2776 rectius
510 2749 668 2776 fortassis
679 2749 849 2776 districti.

231 2795 246 2815 ⁴
283 2796 312 2822 2.
333 2795 421 2827 Cor„
436 2795 460 2828 Ι,
480 2803 511 2823 ν.
527 2796 623 2824 3.-1.
644 2796 790 2829 Petr.,1,
806 2805 839 2823 v.
862 2796 893 2823 3.

232 2842 246 2862 ⁵
283 2843 385 2875 Alba,
401 2844 559 2877 oppidum
573 2851 590 2870 e
606 2851 669 2878 quo
684 2851 805 2871 nomen
820 2852 996 2877 sumpsere
1013 2844 1137 2872 Albani
1154 2845 1210 2878 (de
1226 2843 1327 2875 Alba}
1344 2842 1470 2870 Duces.

231 2888 246 2908 ⁶
284 2890 461 2925 Philippus
479 2891 649 2925 Princeps,
665 2892 724 2919 sed
740 2891 886 2919 nondum
902 2891 1090 2926 Hispaniae
1109 2891 1192 2919 Rex,

235 2938 247 2956 7
286 2937 524 2965 Ferdinandus
539 2939 691 2966 Alvarez
705 2938 745 2966 de
760 2939 898 2966 Toledo.

231 2985 247 3003 ⁸
284 2984 371 3012 Vide
388 2985 536 3013 POLANCI
553 2984 757 3019 Chronicon,
773 2990 785 3013 t
812 2993 859 3021 1v,
876 2994 955 3021 pag.
969 2986 1032 3021 436,
1049 2994 1084 3014 n.
1100 2986 1165 3013 938.
