2028 3328
200 143 272 182 488
710 144 937 183 LITTERAE
964 157 1322 189 QUADRIMESTRES

201 245 403 292 quantus
425 240 484 280 sit
503 240 675 290 feruor,
700 248 902 294 quantus
923 255 1106 295 quoque
1127 254 1364 293 numeruS,
1389 255 1448 283 ex
1469 243 1571 283 aliis
1592 242 1831 293 cognitum

201 317 272 351 est
292 311 452 351 literis.
474 311 603 352 Haec
625 318 785 353 nostra
806 319 927 363 sunt,
951 313 1051 354 RQ
1084 312 1236 354 Pater.

282 381 353 422 De
380 381 664 423 Siracusano
693 395 807 424 uero
835 385 1033 436 collegio
1063 384 1175 423 illud
1204 395 1347 424 unum
1379 389 1449 424 est
1470 384 1829 436 admonendum,

201 464 292 493 uno
315 453 484 494 abhinc
505 465 664 495 mense
685 454 873 495 Patrem
894 455 1158 506 Philippum
1180 454 1428 495 Cassinum
1448 467 1540 495 una
1558 467 1663 495 cum
1684 455 1831 496 fratre

199 536 255 565 eo
276 524 539 576 profectum
561 537 679 576 esse,
703 527 1005 578 coepisseque
1027 525 1298 566 concionari
1319 526 1523 566 maximo
1546 538 1652 566 cum
1671 526 1831 578 populi

200 595 451 647 applausu:
483 597 561 648 qui
589 597 774 648 quidem
802 596 1063 636 certissima
1088 596 1181 636 iam
1212 598 1385 637 amoris
1407 607 1522 648 erga
1549 596 1832 638 Societatem

198 666 371 707 indicia
392 679 486 707 non
507 679 658 719 pauca
679 668 909 719 praebuit.
932 667 1119 716 Eorum,
1146 667 1222 718 qui
1246 667 1411 707 lecturi
1431 673 1552 718 sunt,
1578 668 1831 708 aduentum

199 738 469 778 auidissime
490 744 755 790 expectant,
779 738 859 789 qui
879 738 1024 788 breui,
1050 743 1099 777 ut
1121 749 1283 778 eorum
1304 737 1503 779 satisfiat
1534 739 1766 779 uoluntati
1787 744 1831 778 et

199 808 539 849 ardentissimis
561 810 697 858 uotis,
721 809 975 849 mittentur.

279 879 329 919 In
358 880 473 920 Itala
504 891 687 931 quoque
716 880 887 931 oppido
918 879 1081 920 eadem
1110 886 1217 920 sunt
1246 880 1542 931 concionum,
1580 880 1830 920 confessio-

199 961 309 990 num
336 957 379 990 et
409 951 659 990 lectionum
687 951 935 1001 exercitia,
965 962 1050 990 nec
1081 962 1230 1002 parua
1259 962 1365 991 cum
1390 950 1551 1002 fruge:
1584 952 1677 991 iam
1708 951 1832 991 enim

199 1021 517 1061 confitentium
552 1027 596 1061 et
632 1021 1076 1061 communicantium
1104 1033 1326 1062 numerus
1360 1022 1572 1062 nonnihil
1604 1022 1832 1063 adauctus

198 1097 282 1132 est.
313 1092 649 1132 Verumtamen
676 1093 910 1145 quoniam,
944 1099 1143 1143 urgente
1170 1093 1312 1143 fame,
1337 1094 1560 1145 templum
1587 1105 1672 1145 pro
1701 1105 1830 1134 more

195 1162 492 1214 frequentare
510 1176 602 1203 non
618 1170 850 1215 poterant,
870 1164 915 1203 id
932 1164 1160 1215 imprimis
1177 1163 1435 1204 curandum
1452 1164 1537 1204 fuit
1552 1163 1654 1204 R.d0
1672 1164 1720 1205 P.
1741 1164 1830 1205 Da—

196 1234 304 1274 nieli
329 1234 353 1283 ¹,
388 1235 465 1286 qui
486 1247 605 1275 vnus
634 1235 695 1275 ibi
726 1241 810 1286 est,
837 1247 941 1275 cum
962 1235 1107 1275 fratre
1129 1246 1332 1286 graecae
1352 1236 1621 1287 latinaeque
1644 1236 1831 1287 linguae

197 1304 478 1356 professore,
502 1312 552 1345 ut
574 1305 722 1346 fames
751 1312 897 1356 tanta,
921 1306 960 1346 si
990 1307 1225 1357 quomodo
1246 1306 1345 1347 fieri
1365 1307 1526 1358 possit,
1546 1307 1829 1348 subleuetur.

198 1375 510 1428 Quapropter,
536 1377 759 1428 quaesitis
786 1377 894 1417 hinc
917 1378 1023 1417 inde
1052 1379 1376 1430 eleemosynis,
1399 1389 1541 1430 saepe
1576 1390 1834 1430 pauperum

197 1448 382 1499 inopiae
419 1448 697 1488 subuentum
732 1454 816 1499 est,
854 1449 918 1488 ita
953 1455 1002 1489 ut
1036 1449 1182 1499 multi,
1220 1449 1297 1500 qui
1333 1450 1470 1490 morti
1501 1450 1595 1490 iam
1630 1450 1834 1501 proximi

198 1525 346 1569 erant,
370 1519 463 1559 sint
486 1520 828 1571 quodammodo
850 1520 896 1559 in
917 1520 1062 1560 uitam
1086 1521 1310 1571 restituti;
1334 1521 1490 1571 palam
1513 1521 1634 1561 enim
1657 1521 1832 1561 fereba-

197 1594 273 1630 tur
294 1590 449 1630 multis
470 1602 523 1630 ea
546 1602 690 1631 causa
712 1590 1005 1631 moriendum
1025 1590 1183 1640 fuisse,
1213 1592 1303 1631 nisi
1324 1603 1377 1632 eo
1397 1603 1534 1643 pane,
1558 1603 1694 1643 quem
1721 1591 1832 1632 diui-

196 1660 321 1701 nitus
348 1661 542 1701 missum
570 1673 672 1702 esse
701 1661 1063 1713 confitebantur,
1096 1662 1258 1703 refecti
1287 1663 1498 1703 nonnihil
1532 1669 1703 1703 essent.
1742 1661 1834 1703 Sed

198 1731 291 1772 iam
312 1732 450 1773 finem
472 1733 707 1773 scribendi
722 1733 908 1783 faciam,
933 1733 972 1773 si
988 1745 1130 1774 unum
1147 1734 1274 1784 illud,
1299 1734 1422 1786 quod
1443 1734 1584 1774 totius
1607 1735 1833 1785 epistolae

198 1810 339 1854 caput
361 1810 444 1854 est,
469 1803 711 1853 addidero,
745 1811 795 1845 ut
817 1804 926 1844 Ρ.ῐὶὶς
949 1805 1000 1845 T.
1033 1805 1157 1857 apud
1177 1804 1330 1845 Deum
1352 1805 1655 1845 obnixissime
1677 1817 1834 1856 prece-

201 1879 292 1925 tur,
319 1887 376 1914 ne
399 1887 589 1915 suorum
611 1887 857 1916 seruorum
878 1876 923 1916 in
945 1876 1152 1916 futurum
1174 1888 1317 1928 opera
1338 1876 1406 1916 vti
1426 1876 1719 1928 dedignetur.

279 1945 544 1998 Messanae,
569 1947 661 1987 XV
682 1947 785 1987 Kal.
809 1947 935 2000 Junii
957 1959 1080 1987 anno
1106 1947 1220 1988 1555.

280 2017 353 2057 Ex
376 2018 704 2058 commissione
726 2018 818 2058 R.di
840 2018 995 2059 Patris
1016 2018 1245 2059 Rectoris.

432 2088 485 2129 R.
512 2089 558 2129 Ρ.
583 2089 635 2130 Τ.

336 2167 441 2200 tuus
463 2160 510 2200 in
532 2160 717 2201 Christo
736 2161 1019 2201 humillimus
1036 2172 1216 2210 seruus,

1036 2286 1135 2326 FRA
1143 2298 1325 2326 NCISCUS
1356 2284 1632 2326 STEPHANUS
1653 2287 1680 2326 ².

258 2437 268 2457 ¹
309 2438 344 2465 P.
362 2438 497 2466 Danieli
512 2439 715 2475 Pae'ybroe‘k
728 2448 747 2467 a
763 2440 1019 2467 Teneremonda
1032 2441 1087 2467 vel
1102 2439 1397 2467 Denderamonda.
1411 2439 1622 2467 “Messanam
1637 2440 1692 2467 ubi
1707 2439 1838 2474 attigit,

203 2494 224 2512 a
238 2485 366 2518 Joanne
383 2486 512 2520 Ossa-io,
530 2488 582 2514 cui
598 2487 746 2514 Italense
763 2487 999 2515 Sacerdotium
1014 2489 1214 2521 obvenerat,
1230 2488 1413 2521 expetitus,
1430 2495 1504 2515 cum
1519 2491 1692 2522 potestate
1714 2487 1838 2515 Italam

204 2533 317 2564 venit.
343 2534 479 2560 Siciliae
501 2535 661 2568 oppidum
684 2543 788 2569 prope
811 2534 1014 2568 Messanam,
1037 2535 1288 2562 Basilianorum
1310 2534 1516 2562 Monasterio
1540 2535 1585 2562 ibi
1601 2543 1621 2562 a
1643 2535 1790 2569 Rogerio
1805 2539 1837 2562 et

210 2580 278 2608 filio
294 2581 364 2615 ejus
382 2586 590 2613 constructo,
607 2582 685 2609 olim
702 2583 892 2609 obnoxium.
906 2582 993 2609 Mira
1008 2583 1108 2616 plane
1124 2586 1212 2615 sunt,
1229 2590 1315 2616 quae
1332 2582 1434 2610 Pater
1450 2582 1573 2610 Daniel
1592 2583 1637 2610 ibi
1653 2583 1839 2617 peregerit.

204 2627 392 2654 Monachus
409 2629 632 2659 admonendo,
649 2629 830 2662 hortando,
847 2629 1050 2656 obtestando
1066 2636 1107 2655 ex
1124 2629 1219 2656 bonis
1235 2629 1379 2663 optimos
1401 2629 1493 2656 fecit.
1510 2650 1516 2657 .
1541 2629 1735 2664 Oppidanos
1756 2637 1840 2656 vero

210 2674 389 2701 Monaclzis
406 2676 616 2707 conciliavit,
634 2682 666 2702 et
683 2676 812 2703 crebris
829 2677 1046 2703 concionibus
1061 2684 1080 2703 a
1099 2684 1227 2703 morum
1249 2676 1388 2704 licentia
1404 2676 1590 2704 deterritos
1612 2677 1661 2704 ita
1684 2677 1843 2704 emenda·

206 2723 269 2755 vit,
285 2727 321 2748 ut
336 2723 379 2749 ad
396 2723 575 2756 pristinam
591 2723 764 2760 nascentis
778 2724 955 2757 religionis
971 2724 1182 2751 christianae
1199 2723 1428 2750 innocentiam
1444 2723 1671 2758 traduxerit„
1692 2725 1840 2751 Acume-

208 2776 262 2802 RA,
279 2769 490 2796 Provinciae
503 2770 638 2797 siculae
655 2770 686 2798 S.
699 2771 732 2804 J.
749 2772 849 2797 ortus
864 2774 939 2801 etc„
953 2779 984 2805 p.
1001 2778 1021 2804 1,
1039 2778 1067 2798 c.
1083 2778 1115 2802 ν,
1132 2778 1163 2797 n.
1175 2778 1279 2798 xxxv.
1296 2770 1384 2797 Vide
1403 2771 1508 2798 etiam
1521 2771 1646 2798 ibidem
1667 2779 1698 2798 n.
1717 2779 1843 2799 xxxvl-

209 2815 378 2850 SAccnixi,
396 2816 579 2844 Historiae
593 2817 626 2844 S.
640 2817 673 2851 J.
684 2821 774 2851 pars
788 2818 957 2850 secunda,
972 2818 1028 2845 lib.
1044 2825 1077 2848 11,
1092 2825 1146 2845 nn.
1161 2817 1196 2844 93
1210 2821 1243 2844 et
1255 2817 1299 2851 934
1313 2822 1346 2844 et
1361 2817 1522 2844 Litterae
1534 2817 1841 2851 ,Quadrimestrea

207 2867 236 2889 t.
257 2871 277 2897 1,
293 2871 371 2897 pag.
386 2864 431 2897 28,
454 2868 569 2892 annot.
588 2866 614 2891 1.

262 2910 276 2929 Ξ
314 2910 463 2938 Primum
478 2912 731 2946 autographum
746 2913 936 2946 exemplum
952 2917 1059 2940 totum
1075 2918 1126 2941 est
1141 2922 1242 2941 manu
1260 2914 1372 2942 Patris
1388 2914 1564 2948 Stephani,
1582 2912 1615 2940 in
1628 2914 1739 2941 altero
1755 2920 1837 2940 vero

211 2958 285 2984 sola
299 2958 501 2992 subscriptio
516 2967 535 2986 a
551 2959 666 2986 verbis
683 2959 734 2985 Ex
748 2961 1006 2987 commissione.
