2028 3328
270 178 340 215 450
785 178 1011 217 LITTERAE
1030 188 1388 223 QUADRIMESTRES

269 275 386 316 feste
407 275 612 316 fructum
632 276 931 327 uberrimum,
955 287 1092 327 quem
1113 287 1170 315 ex
1192 287 1245 314 eo
1268 285 1408 325 opere
1429 274 1562 325 pueri
1585 286 1640 314 ac
1664 274 1743 314 alii
1762 286 1905 326 gran-

272 347 410 388 daeui
430 347 741 398 collegissent.
775 346 1010 398 Oppidum
1036 347 1126 385 hoc
1156 345 1373 385 effectum
1400 350 1468 384 est
1489 344 1622 385 nobis
1653 345 1724 385 his
1756 346 1903 396 operi-

269 418 355 459 bus
390 418 734 468 charissimum;
771 424 815 458 et
849 429 956 458 cum
990 422 1127 456 antea
1157 428 1250 455 non
1273 415 1391 455 bene
1420 414 1632 455 Societas
1664 415 1789 467 apud
1823 427 1903 456 eos

269 489 465 540 audiret,
490 489 571 529 sed
588 499 797 529 essemus
814 489 880 528 eis
902 487 1072 537 infesti,
1103 491 1354 537 propterea
1381 485 1505 537 quod
1524 487 1671 526 multa
1694 486 1761 526 eis
1777 486 1903 527 dixe-

269 566 389 611 rant,
415 560 573 600 nescio
595 560 687 611 qui,
711 570 829 610 quae
849 569 963 598 uera
983 569 1076 597 non
1098 556 1255 606 fuisse,
1277 568 1334 596 ex
1359 556 1456 596 vita
1474 562 1519 596 et
1543 557 1902 597 conuersatione

268 631 466 671 fratrum
486 636 530 671 et
560 642 618 670 ex
639 630 741 670 aliis
777 629 996 680 operibus
1016 627 1363 678 scognouerunt.
1399 627 1617 667 Ostiatim
1646 627 1811 668 Patres
1839 628 1902 668 ui-

268 708 395 742 ctum
411 701 711 753 quaerebant,
731 711 817 739 nec
835 699 970 739 aliter
986 709 1099 738 suae
1115 698 1387 738 necessitati
1405 704 1448 738 et
1467 698 1679 738 ciborum
1695 698 1902 749 indigen-

269 774 362 813 tiae
384 783 660 813 succurrere
680 772 943 819 uoluerunt;
965 769 1046 809 sed
1062 780 1211 819 neque
1229 780 1300 819 ea,
1321 780 1441 820 quae
1463 770 1666 820 populus
1682 770 1826 810 multa
1844 770 1903 810 ad

267 843 612 885 xenodochium
634 841 870 891 afferebat,
895 839 1216 891 accipiebant;
1240 845 1336 880 tam
1370 851 1516 880 suave
1537 840 1604 880 eis
1625 846 1725 880 erat
1755 840 1819 880 ita
1839 841 1904 881 ui-

267 922 393 956 ctum
414 915 501 955 sibi
523 924 813 964 comparare.

344 986 415 1026 De
450 983 878 1032 exercitationibus,
916 988 1013 1022 tam
1047 981 1268 1022 literariis
1306 993 1446 1033 quam
1480 982 1813 1034 spiritualibus,
1856 983 1902 1023 id

266 1068 409 1097 unum
428 1057 576 1097 habeo
599 1055 774 1095 dicere:
807 1052 971 1094 eodem
1004 1052 1211 1103 feruore,
1242 1064 1334 1104 quo
1368 1059 1528 1104 antea,
1562 1054 1609 1093 in
1637 1054 1703 1094 eis
1730 1054 1912 1094 fratres

263 1138 584 1179 perseuerare.

344 1198 670 1247 Obsecramus‚
695 1195 848 1245 Pater,
873 1200 1102 1247 quotquot
1124 1194 1339 1235 Gandiae
1362 1194 1591 1246 degimus,
1615 1200 1664 1235 ut
1685 1196 1834 1236 nostri
1854 1196 1905 1236 in·

261 1270 352 1310 tuis
374 1268 663 1309 orationibus
685 1273 729 1307 et
751 1265 995 1307 sacrificiis
1016 1277 1193 1306 memor
1211 1266 1289 1317 sis,
1307 1277 1486 1317 nosque
1506 1267 1701 1306 multum
1722 1266 1907 1307 habeas¹

263 1338 628 1381 commendatos.

343 1411 570 1460 Gandiae,
595 1409 813 1450 Calendis
834 1408 945 1449 Maii
971 1408 1088 1449 1555.

343 1481 471 1522 Tuae
492 1481 795 1522 Paternitatis
817 1491 982 1520 seruus
1000 1479 1355 1530 indignissimus
1378 1479 1426 1518 in
1447 1478 1652 1530 Christo,

1190 1620 1429 1662 ANTONIUS
1450 1619 1731 1664 CORDESSES.

335 1906 687 1959 Superscriptt‘o
738 1917 788 1946 m
834 1909 1009 1958 quarta
1048 1906 1266 1958 pagina:
1309 1870 1421 1946 HTIS.
1459 1904 1520 1945 Al
1550 1916 1661 1957 muy
1703 1904 1805 1945 Β.ᾶο
1834 1917 1897 1945 en.

253 1978 336 2019 X.⁰
356 1978 458 2019 R.d0
474 1978 546 2018 Re
568 1979 608 2018 el
629 1977 779 2018 Padre
801 1977 1005 2017 Maestro
1027 1976 1209 2029 Ignatio
1231 1977 1288 2017 de
1310 1976 1506 2028 Loyola,
1530 1975 1772 2028 Preposito
1801 1975 1892 2016 Ge-

252 2074 384 2114 neral
401 2074 456 2114 de
476 2074 522 2113 la
549 2072 808 2125 Compafiia
831 2073 887 2113 de
916 2036 1028 2123 HJFJS,
1053 2084 1110 2113 en
1130 2071 1293 2113 Roma.

332 2144 443 2185 Alia
463 2156 629 2184 manu:
654 2144 767 2185 1555.
794 2143 993 2185 Gandia.
1017 2143 1413 2195 Quadrimestres.
1436 2143 1562 2184 Maii.
