2028 3328
878 97 961 133 AN.
994 96 1084 132 1555
1729 91 1802 130 763

858 547 1091 602 GDLIV

233 777 508 816 Fructuosus
530 778 684 815 Andre

283 843 403 881 Patri
425 845 591 890 ignatio
612 845 664 880 de
687 844 869 891 Loyola.

328 909 488 955 Ebora,
510 909 553 946 31
576 909 835 947 Decembris
854 909 944 945 1555
965 909 989 942 ¹.

965 1048 993 1094 †

243 1190 406 1231 Gratia
431 1198 475 1231 et
497 1191 705 1231 charitas
726 1190 798 1230 Xft
828 1190 956 1242 Jesu,
979 1189 1102 1229 adsit
1124 1200 1308 1240 semper
1329 1187 1479 1227 nobis.
1502 1186 1671 1226 Amen.

245 1262 362 1303 Cum
376 1274 429 1302 ea
448 1274 567 1314 quae
585 1262 904 1314 superioribus
922 1262 1004 1302 4.οῑ
1029 1260 1265 1300 mensibus
1278 1259 1437 1299 diuina
1453 1258 1660 1298 bonitate
1676 1255 1800 1308 apud

165 1345 251 1373 nos
278 1339 412 1384 gesta
444 1340 566 1383 sunt,
600 1333 657 1373 ad
685 1339 744 1383 te,
777 1332 914 1372 Pater
946 1331 1287 1381 colendissime,
1319 1336 1369 1369 vt
1397 1329 1702 1369 constitutum
1730 1333 1800 1367 est

167 1405 523 1455 perscriberem,
548 1404 637 1444 hoc
659 1404 773 1444 mihi
793 1404 1021 1455 imprimis
1044 1414 1146 1442 sese
1177 1400 1476 1442 scribendum
1503 1399 1682 1449 obtulit,
1714 1397 1798 1438 Pa-

166 1482 260 1515 tres
282 1476 545 1527 fratresque
569 1487 745 1523 omnes,
770 1481 866 1514 turn
888 1485 1089 1525 magnos
1117 1473 1164 1513 in
1193 1473 1366 1513 uirtute
1396 1473 1551 1512 facere
1582 1480 1800 1521 progres-

169 1558 263 1597 SUS,
288 1553 386 1587 tum
409 1547 549 1587 etiam
571 1546 617 1586 in
639 1547 814 1597 regulis
835 1545 1081 1585 seruandis
1101 1545 1148 1584 in
1177 1544 1276 1584 dies
1303 1543 1528 1594 singulos,
1559 1541 1660 1581 Deo
1687 1551 1800 1592 gra-

161 1618 248 1669 tia,
273 1630 364 1658 non
386 1618 686 1659 mediocriter
706 1617 954 1669 proficere;
977 1615 1160 1656 accedit
1180 1627 1234 1655 eo
1257 1614 1510 1665 singularis
1527 1613 1574 1653 in
1590 1611 1799 1664 parendo

165 1690 389 1730 alacritas
411 1696 454 1729 et
476 1690 647 1729 ardens
667 1689 715 1728 in
735 1688 1022 1740 proficiendo
1045 1687 1262 1727 studium.
1286 1686 1390 1726 Hoc
1413 1691 1570 1725 autern
1600 1682 1674 1724 X.i
1703 1688 1796 1734 opt.

171 1772 297 1800 max.
336 1761 541 1800 aduentu
576 1760 699 1800 misit
734 1760 783 1800 P.
820 1759 993 1799 Rector
1027 1758 1040 1776 ²
1071 1758 1154 1797 40¹·
1180 1758 1225 1797 in
1260 1757 1397 1796 huius
1431 1755 1562 1796 vrbis
1596 1753 1800 1795 xenodo-

164 1832 322 1872 chium
349 1838 400 1871 vt
439 1831 648 1882 aegrotis
684 1830 988 1880 inseruirent3
1018 1829 1079 1869 ibi
1109 1840 1214 1868 cum
1242 1828 1320 1867 alii
1348 1826 1468 1867 febri
1493 1826 1797 1875 iactarentur,

169 1903 249 1943 alii
268 1903 443 1943 morbis
465 1903 569 1942 aliis
598 1902 809 1954 grauiter
840 1901 1192 1951 afflictarentur,
1228 1901 1399 1940 fratres
1428 1897 1576 1938 nostri
1605 1897 1801 1937 lectulos

168 1974 386 2014 omnibus
408 1976 696 2023 sternebant,
721 1973 851 2013 cibos
877 1973 1107 2024 parabant
1135 1978 1179 2011 et
1209 1970 1520 2022 apponebant,
1552 1968 1800 2019 omniaque

163 2045 305 2086 etiam
333 2045 522 2085 sordida
552 2045 810 2085 ministeria
841 2044 1088 2095 diligenter
1118 2043 1329 2091 obibant,
1363 2041 1578 2081 omnibus
1609 2045 1798 2091 praesto

162 2124 311 2167 erant,
337 2128 507 2168 aquarn
530 2116 904 2167 comportabant,
928 2126 1068 2166 saepe
1090 2115 1231 2154 etiam
1253 2113 1465 2153 detracto
1482 2111 1623 2163 pallio
1641 2122 1800 2151 rerum

163 2188 542 2228 necessariarum
562 2188 718 2239 gratia
739 2186 869 2226 foras
891 2186 1095 2236 exibant,
1120 2191 1309 2224 caetera
1331 2183 1531 2234 denique
1552 2193 1799 2234 quaecum-

166 2271 255 2311 que
276 2271 394 2311 opus
415 2265 563 2306 erant,
588 2258 692 2310 pari
715 2257 958 2308 diligentia
981 2268 1035 2296 ac
1058 2267 1217 2296 amore
1235 2255 1598 2306 exequebantur.
1618 2253 1690 2293 Ex
1706 2264 1798 2304 quo

164 2342 338 2382 magna
360 2330 461 2370 Deo
485 2337 580 2381 opt.
606 2341 729 2369 max,
754 2330 857 2368 laus
879 2328 1052 2369 tributa
1075 2334 1158 2367 est.

212 2491 223 2512 ¹
263 2491 511 2525 Autographae
527 2491 559 2517 in
575 2490 655 2517 folio
671 2489 806 2523 duplici,
823 2496 876 2515 nn.
892 2488 945 2515 569
959 2492 993 2515 et
1007 2487 1069 2515 570.
1086 2487 1139 2514 Ex
1154 2488 1280 2514 volum.
1296 2487 1374 2514 anni
1393 2485 1472 2514 1556.

213 2540 227 2559 ‘2
266 2539 365 2566 Haud
382 2539 482 2566 facile
498 2539 681 2564 decernere
697 2541 749 2564 est
764 2537 920 2571 quisnam
935 2541 1028 2563 esset
1043 2535 1107 2562 hoc
1123 2539 1276 2569 tempore
1293 2534 1437 2568 Collegii
1455 2532 1639 2561 Eborensis
1660 2532 1800 2560 Rector.

159 2587 220 2615 Ait
237 2587 327 2614 enim
342 2587 486 2614 TELfflz:
503 2585 546 2612 “O
562 2585 675 2612 Padre
690 2584 856 2611 Melchior
872 2583 1051 2617 Carneiro,
1067 2583 1240 2610 conforme
1255 2582 1389 2609 minhas
1405 2585 1541 2615 comas,
1557 2584 1719 2614 comecou
1739 2587 1800 2607 seu

159 2629 356 2670 Reytorado
371 2641 412 2661 no
428 2641 517 2661 anno
533 2633 572 2659 de
589 2633 667 2665 1551,
683 2637 713 2659 et
731 2633 890 2660 continuo
907 2634 964 2660 ate
979 2640 997 2659 o
1013 2632 1053 2659 de
1071 2631 1139 2659 1555
1156 2631 1344 2663 exclusivo,
1367 2637 1496 2665 porque
1520 2637 1555 2657 se
1580 2629 1693 2664 partio
1715 2635 1802 2663 pera

157 2681 285 2709 Lisboa
299 2682 402 2709 ainda
417 2689 459 2708 no
474 2688 562 2708 anno
578 2681 617 2707 de
634 2680 703 2707 1554
717 2688 736 2707 a
751 2687 959 2714 preparasse
976 2686 1058 2713 pera
1073 2686 1094 2706 a
1108 2679 1260 2712 missam;
1276 2683 1309 2706 et
1325 2686 1366 2705 no
1383 2679 1422 2705 de
1439 2677 1508 2705 1556
1522 2677 1579 2712 foy
1603 2677 1735 2712 Reytor
1759 2675 1800 2702 de

157 2728 275 2756 Evora
287 2737 305 2756 ο
319 2729 354 2756 Ρ.
366 2729 475 2756 Leam
490 2728 667 2762 Euriques‚
681 2735 777 2755 como
790 2728 1006 2761 largamente
1019 2733 1188 2760 veremos;
1202 2730 1236 2753 et
1248 2733 1321 2753 com
1334 2726 1444 2753 haver
1454 2728 1606 2752 somente
1622 2724 1705 2751 dous
1716 2730 1801 2757 pera

159 2781 230 2803 tres
245 2783 352 2804 annos
367 2783 476 2810 vagos
492 2778 589 2803 entre
605 2783 623 2802 o
639 2775 674 2803 P.
688 2775 854 2803 Melchior
870 2774 1060 2810 Carneyro,
1076 2778 1110 2801 et
1125 2781 1143 2801 ο
1160 2774 1271 2801 Padre
1283 2774 1390 2801 Leam
1405 2773 1609 2807 Henriques,
1625 2771 1712 2799 acho
1725 2778 1798 2798 com

158 2824 240 2851 tudo
254 2831 318 2859 que
333 2827 430 2851 neste
444 2831 551 2858 pouco
567 2829 680 2858 tempo
694 2824 805 2851 houve
821 2831 874 2850 em
888 2823 1007 2850 Evora
1023 2828 1145 2857 quatro
1162 2821 1342 2856 Reytores.
1358 2829 1420 2856 que
1439 2821 1551 2849 foram
1573 2828 1591 2847 o
1616 2820 1651 2847 P.
1673 2819 1802 2854 Miguel

159 2872 200 2899 de
215 2871 355 2905 Barros,
371 2879 389 2899 o
406 2871 440 2898 Ρ.
457 2871 601 2899 Asfonso
616 2872 776 2904 Barreto,
791 2879 809 2898 o
831 2871 867 2899 P.
890 2870 1025 2898 Marcos
1039 2870 1154 2905 Jorge,
1178 2874 1212 2898 et
1234 2878 1252 2898 0
1279 2871 1313 2897 Ρ.
1338 2870 1496 2898 Cornelio
1520 2869 1672 2902 Comes„
1698 2867 1801 2895 Chro-

162 2920 242 2946 nica
257 2919 301 2946 de
319 2918 538 2954 Compauln'a
553 2920 596 2946 de
611 2919 699 2954 Jesu
717 2926 770 2946 em
788 2918 969 2952 Portugal.
987 2918 1083 2946 Part.
1099 2926 1133 2948 11,
1150 2919 1206 2946 lib.
1222 2927 1254 2950 V.
1271 2926 1344 2952 cap.
1364 2918 1405 2951 16,
1423 2925 1458 2945 n.
1477 2917 1503 2945 4.
