2028 3328
891 136 976 179 ΑΝ.
1007 137 1098 173 1554
1793 146 1816 180 7

167 230 371 282 pradicti
391 236 640 281 venerunt,
665 242 724 271 ex
745 231 914 283 quibus
932 231 1070 273 Pater
1091 233 1128 274 F
1132 236 1377 276 ranciscus
1395 237 1536 277 totius
1552 237 1808 289 Hispaniae

171 302 218 341 in
239 301 634 353 commissarium,
659 313 715 342 ac
736 301 959 354 deinceps
982 302 1164 345 Doctor
1185 305 1344 346 Araoz
1362 305 1614 358 Castellae,
1633 308 1811 350 Doctor

171 371 342 412 Torres
378 372 617 424 Baeticae,
655 371 884 425 Magister
916 372 1088 415 Strada
1118 374 1424 427 Aragonibus
1445 410 1452 428 ,
1492 377 1540 418 in
1574 381 1810 431 praeposi-

171 449 242 482 tos
289 449 397 483 sunt
440 443 685 496 praefiniti.
734 443 890 485 Etiam
932 443 1093 486 habita
1144 448 1534 499 congregatione,
1576 447 1809 490 Constitu-

171 513 343 565 tiones,
367 513 577 566 Regulae
598 522 740 566 atque
761 514 913 556 officia
936 523 1109 557 cuncta
1127 517 1365 567 patefacta
1386 517 1588 570 fuerunt,
1626 519 1681 560 de
1709 522 1804 571 qui-

171 584 256 624 bus
277 596 418 637 supra
440 585 630 627 modum
650 584 926 627 Paracletus
949 588 1129 628 solatus
1151 594 1221 628 est
1242 600 1329 629 nos
1353 587 1380 630 ¹.

247 655 539 697 Adolescens
553 657 800 709 quispiam,
822 658 966 709 probe
985 658 1224 700 intellectu
1240 660 1495 711 praeditus,
1512 660 1682 701 abhinc
1696 673 1808 713 pau-

170 727 236 766 cis
257 727 419 768 diebus
439 728 525 769 fuit
543 728 668 769 domi
689 735 904 780 nostrae,
928 730 1009 781 qui
1037 730 1122 770 sub
1152 730 1548 772 carthusiensium
1577 731 1805 783 Regulam

168 797 268 838 fore
285 810 333 838 se
355 800 674 851 recipiendum
690 811 864 852 operae
881 801 1086 852 pretium
1108 801 1254 842 duxit.
1280 801 1414 842 Alius
1431 814 1546 843 vero
1569 803 1807 844 exercitiis

168 868 321 909 adhuc
344 876 498 912 vacat:
521 871 560 911 is
579 871 763 922 ingredi
780 869 1070 912 Societatem
1087 872 1312 923 decreuit,
1332 873 1412 925 qui
1428 873 1670 925 utriusque
1688 872 1806 924 juris

167 940 394 991 facultati,
418 941 645 983 Pontificii
666 942 844 983 scilicet
866 949 911 983 et
941 942 1184 995 Caesarei,
1216 956 1409 996 operam
1436 944 1644 986 dederat.

246 1010 298 1052 In
318 1012 532 1054 omnibus
552 1019 597 1054 et
616 1024 699 1065 per
721 1014 878 1054 omnia
907 1013 1124 1055 laudetur
1151 1021 1196 1055 et
1222 1015 1510 1067 glorificetur
1538 1016 1680 1056 totius
1697 1016 1805 1056 boni

167 1082 272 1122 fons
294 1088 434 1135 atque
455 1084 602 1135 origo,
628 1084 843 1125 Christus
860 1085 997 1139 Jesus
1014 1085 1246 1127 Dominus
1264 1092 1309 1127 et
1326 1085 1610 1138 Redemptor
1627 1093 1801 1137 noster,

166 1164 304 1203 quem
325 1155 521 1206 supplex
541 1155 767 1208 deprecor
788 1162 838 1197 vt
866 1155 1206 1198 Paternitatem
1233 1164 1364 1198 tuam
1390 1158 1523 1198 nobis
1551 1158 1627 1198 diu
1648 1164 1804 1198 seruet

165 1224 446 1266 incolumem
468 1226 651 1279 tuisque
671 1227 887 1268 omnibus
914 1229 1123 1269 consiliis
1155 1234 1295 1281 atque
1326 1228 1571 1269 conatibus
1601 1228 1802 1280 Spiritus

169 1293 330 1335 Sancti
346 1298 501 1347 gratia
518 1303 562 1338 et
577 1297 738 1339 fauore
749 1310 936 1351 semper
954 1300 1159 1341 assistat.
1181 1300 1232 1341 In
1246 1301 1516 1352 sanctisque
1534 1301 1644 1340 item
1661 1301 1802 1340 sacri-

167 1365 286 1406 ficiis
307 1368 488 1420 piisque
509 1369 798 1411 orationibus
818 1371 1121 1412 Paternitatis
1139 1378 1248 1412 tuae
1270 1372 1568 1424 omniumque
1586 1371 1802 1412 charissi-

168 1447 350 1478 morum
371 1438 561 1480 Patrum
584 1452 641 1482 ac
660 1440 898 1493 Fratrum,
922 1443 1000 1494 qui
1016 1442 1154 1484 isthic
1176 1449 1338 1494 agunt,
1355 1453 1659 1494 ,summopere
1680 1443 1802 1494 cupi—

168 1519 270 1548 mus
292 1511 625 1563 commendari,
644 1519 694 1553 vt
711 1512 842 1564 digni
859 1513 1117 1555 efficiamur
1139 1515 1218 1566 qui
1239 1525 1486 1566 supremae
1504 1513 1802 1554 beatitudinis

164 1580 397 1630 promissa
419 1593 613 1624 munera
635 1584 845 1626 obtinere
866 1597 1145 1627 mereamur.

245 1651 545 1704 Methymnae
567 1654 730 1708 Campi
751 1657 901 1709 pridie
929 1655 1171 1699 Kalendas
1192 1658 1364 1699 Iunias.

244 1721 416 1764 Rector
438 1724 576 1766 Pater
597 1725 855 1779 Seuillano,
880 1728 1006 1780 quod
1028 1729 1233 1770 Abulam
1253 1740 1422 1770 versus
1452 1730 1541 1769 iter
1563 1728 1797 1778 habuerit,

165 1805 192 1833 a
214 1793 487 1847 Methymna
509 1798 654 1838 abest.

244 1865 294 1907 P.
317 1872 425 1907 tuae
447 1869 666 1910 minimus
686 1876 731 1911 et
746 1871 968 1923 indignus
990 1872 1126 1924 filius,

1073 2016 1306 2069 JOSEPHUS
1335 2028 1397 2057 DE
1428 2016 1631 2057 AcosTA.

217 2145 225 2165 ¹
266 2145 354 2174 Hinc
370 2147 549 2175 evidenter
563 2149 706 2184 eruitur.
721 2151 774 2179 sin
790 2152 901 2180 minus
918 2153 1057 2181 initium
1074 2158 1108 2181 et
1123 2154 1260 2181 duratio
1275 2154 1407 2189 primae
1423 2153 1711 2189 Congregationis
1724 2154 1804 2181 Pro-

162 2193 321 2221 vincialis
336 2193 370 2221 S.
382 2194 408 2228 J.
421 2195 454 2222 in
467 2195 647 2231 Hispania,
662 2199 786 2227 saltem
798 2200 945 2235 mensis,
961 2201 995 2228 in
1012 2209 1076 2236 quo
1094 2202 1270 2229 celebrata
1286 2202 1360 2236 suit,
1378 2202 1465 2237 quod
1480 2202 1615 2237 quidem
1629 2202 1801 2237 hucusque

161 2239 333 2268 historicis
348 2241 461 2269 suerat
476 2243 640 2277 ignotum.
655 2244 744 2273 Vide
761 2245 888 2274 Cartas
900 2248 943 2274 de
961 2247 1034 2275 San
1049 2248 1207 2282 lgnaczv,
1222 2253 1249 2277 t.
1269 2257 1315 2283 1v,
1332 2256 1413 2284 pag.
1433 2248 1475 2283 10,
1491 2252 1607 2276 annot.
1622 2248 1648 2282 2,
1661 2249 1718 2276 ubi
1735 2249 1803 2276 edi-

162 2291 264 2321 tores,
278 2289 513 2325 conjectando,
528 2291 639 2320 minus
653 2299 674 2320 a
685 2294 837 2322 veritate
853 2296 1063 2324 aberrarunt
1079 2304 1182 2331 quam
1198 2297 1321 2324 harum
1335 2304 1451 2324 rerum
1465 2297 1664 2331 scriptores,
1677 2297 1732 2331 qui
1745 2304 1802 2324 eos

162 2342 396 2369 praecessere.

214 2383 332 2411 Etiam
347 2391 389 2412 ex
404 2384 542 2420 litteriS,
558 2387 705 2416 nondum
718 2389 751 2417 in
761 2390 871 2419 lucem
882 2391 996 2424 editis,
1011 2399 1032 2419 a
1044 2391 1080 2419 Ρ.
1094 2391 1213 2420 Natali
1226 2392 1381 2420 exaratis
1392 2395 1426 2419 et
1438 2391 1643 2420 Vallisoleto
1656 2391 1798 2419 Romam

159 2431 203 2458 ad
219 2430 255 2458 Ρ.
270 2431 310 2458 Ν.
323 2431 497 2467 Ignatium
510 2434 631 2468 missis,
646 2437 733 2464 satis
748 2439 843 2466 clare
858 2439 1040 2467 deducitur
1055 2439 1090 2467 in
1106 2447 1220 2467 mense
1234 2440 1346 2474 Aprili
1363 2439 1520 2467 habitam
1534 2439 1637 2467 fuisse
1651 2438 1800 2473 Congre-

159 2479 344 2512 gationem.
360 2480 421 2508 Ait
437 2488 518 2516 ergo
533 2481 683 2513 Natalis.
702 2484 772 2513 “Yo
787 2488 880 2520 parti
898 2487 937 2514 de
953 2489 1033 2522 aqui
1048 2487 1274 2521 (Vallisoleto
1296 2489 1429 2522 nempe)
1444 2494 1523 2515 creo
1539 2489 1559 2514 a
1573 2486 1608 2514 20
1628 2487 1668 2514 de
1684 2486 1797 2519 Marco

160 2534 246 2561 para
259 2527 477 2561 Salamanca.
491 2538 514 2566 y
528 2530 606 2558 vine
619 2533 639 2559 a
654 2531 799 2567 Medina,
815 2534 977 2570 publique
994 2536 1045 2563 las
1061 2535 1339 2569 constituciones,
1356 2536 1389 2563 di
1404 2535 1533 2569 Reglas
1545 2556 1552 2570 ,
1566 2543 1588 2571 y
1602 2534 1727 2562 ordene
1748 2535 1798 2561 los

161 2575 324 2610 collegios
339 2583 379 2604 en
394 2577 474 2605 todo
489 2578 520 2605 lo
536 2586 599 2613 que
614 2587 667 2607 me
683 2582 821 2616 parecio
837 2583 1033 2611 necessario
1049 2592 1071 2620 y
1085 2584 1151 2611 vtil
1167 2591 1208 2611 en
1223 2585 1254 2611 el
1269 2583 1376 2611 Sefior
1389 2587 1547 2617 nuestro,
1563 2591 1584 2619 y
1600 2590 1641 2610 en
1664 2582 1798 2610 Medina

159 2622 360 2651 hallandose
376 2625 408 2652 el
421 2625 482 2653 P.e
499 2625 694 2661 Francisco,
709 2629 741 2656 el
754 2629 819 2657 Dr.
840 2631 968 2665 Araoz,
986 2632 1017 2659 el
1033 2631 1093 2659 Dr.
1107 2631 1245 2665 Torres,
1261 2632 1292 2659 el
1308 2631 1375 2659 Μ.ο
1393 2631 1531 2665 Strada,
1542 2639 1565 2667 y
1576 2631 1607 2658 el
1619 2631 1673 2658 Px
1689 2630 1798 2657 Villa-

159 2677 271 2698 nueua
284 2680 307 2707 y
322 2672 364 2707 io,
379 2680 414 2700 se
430 2673 505 2701 hizo
519 2675 549 2702 la
566 2676 738 2710 particion
753 2677 793 2705 de
806 2679 858 2706 las
872 2679 1081 2713 prouincias,
1097 2688 1119 2715 y
1129 2680 1329 2714 pusieronse
1340 2680 1390 2707 los
1401 2679 1632 2714 prouinciales
1645 2687 1667 2714 y
1680 2678 1796 2705 comis-

158 2717 260 2746 sario.
276 2718 319 2746 El
333 2719 398 2749 Dr.
415 2721 530 2750 Araoz
547 2730 588 2750 en
603 2723 750 2753 Castilla
765 2733 786 2761 y
802 2725 921 2762 Reyno
937 2727 977 2754 de
993 2727 1132 2761 Toiedo.
1147 2728 1178 2755 el
1191 2727 1251 2755 Dr.
1265 2727 1390 2755 Torres
1407 2735 1445 2754 en
1459 2727 1652 2754 Andaluzia
1665 2734 1687 2762 y
1703 2725 1796 2753 Stre-

159 2765 314 2801 madum,
329 2769 361 2796 el
375 2769 442 2798 Μ.ο
461 2771 588 2800 strada
601 2779 688 2807 para
703 2773 858 2809 Aragon,
874 2774 1045 2804 Valencia
1057 2784 1080 2811 y
1096 2775 1278 2809 Catalufia,
1294 2784 1316 2811 y
1331 2776 1362 2802 el
1377 2775 1431 2802 Re
1447 2774 1508 2802 Μ.ο
1525 2773 1634 2802 Miron
1647 2773 1795 2809 quedam-

155 2820 239 2849 dose
253 2828 340 2857 para
356 2821 486 2848 acabar
500 2828 539 2848 su
554 2820 712 2856 triennio;
728 2829 750 2857 y
765 2822 796 2849 el
812 2821 866 2849 P.e
885 2821 1072 2851 Francisco
1088 2824 1189 2851 sobre
1205 2823 1303 2850 todos
1318 2844 1332 2857 „

208 2867 282 2896 Hae
297 2875 381 2896 vero
396 2868 535 2895 litterae
551 2875 617 2895 non
632 2867 852 2904 Methymnae
866 2871 926 2898 sed
940 2871 1138 2899 Vallisoleti
1154 2878 1214 2898 mv
1230 2870 1309 2906 Maji
1331 2870 1398 2897 1554
1411 2870 1548 2897 suerunt
1564 2873 1742 2903 exaratae,
1758 2873 1792 2895 et

154 2915 272 2944 inillis
286 2915 326 2943 de
341 2916 488 2944 diversis
510 2917 622 2951 rebuS,
644 2921 721 2951 post
744 2917 1057 2953 Congregationem
1078 2919 1231 2954 peractis
1252 2917 1289 2946 fit
1311 2925 1439 2945 sermo:
1462 2917 1599 2946 fuerunt
1621 2924 1704 2952 ergo
1727 2925 1792 2944 non

152 2963 272 2998 paucis
285 2968 362 2998 post
378 2963 689 2999 Congregationem
704 2966 821 2993 diebus
835 2966 999 3001 scriptae.
