2028 3328
857 162 938 199 AN.
970 162 1061 199 1555
1711 160 1780 198 067

150 261 202 302 T.
228 261 282 302 R.
306 261 356 302 P.
376 261 673 312 cognouerit3
695 271 800 300 cum
817 259 862 299 id
879 259 1157 310 praesertim
1175 258 1355 298 duabus
1373 258 1427 297 de
1447 258 1601 297 causis
1620 258 1779 308 impul-

151 345 230 373 sus
251 333 363 372 mihi
385 332 730 372 obseruandum
750 331 1190 382 impraesentiarum
1211 329 1550 380 proposuerim,
1582 340 1780 379 quarum

154 405 300 444 altera
323 404 423 454 fuit,
455 410 503 443 ut
531 402 871 443 multitudinem
900 401 1025 440 illam
1056 400 1307 440 uerborum
1335 411 1475 450 quam
1506 411 1597 438 non
1625 410 1780 438 neces-

152 475 327 515 sariam
363 474 506 515 fuisse
540 474 885 522 animaduerto,
922 472 1142 521 uitarem3
1178 471 1376 522 pristina
1416 477 1572 510 autem
1612 470 1777 518 forma,

157 557 298 597 quam
321 557 374 585 ea
398 546 552 585 adhuc
575 546 789 594 retinent,
821 544 877 584 de
905 543 1070 595 quibus
1104 542 1158 582 R.
1197 541 1245 582 P.
1282 541 1335 581 T.
1372 541 1601 592 supremis
1635 541 1782 581 literis

155 617 405 656 certiorem
426 616 529 666 feci,
553 628 626 656 me
649 628 832 668 quoque
853 615 1116 655 breuiorem
1134 612 1265 662 facit3
1286 624 1380 652 non
1396 612 1518 652 enim
1536 612 1699 651 eadem
1716 624 1781 651 re-

152 687 353 738 petenda
385 687 496 727 mihi
524 688 626 727 uisa
656 693 786 738 sunt;
819 697 963 738 quare
995 697 1050 726 ea
1080 684 1284 725 breuiter
1320 682 1710 732 commemorabo,
1745 683 1783 722 si

154 769 272 808 quae
294 759 423 798 hisce
445 759 681 799 mensibus
702 770 824 799 noua
846 757 1159 808 contigerunt.

234 829 349 869 Illud
372 841 499 879 uem,
531 830 654 881 quod
682 829 910 869 Dominus
938 840 1021 880 per
1050 834 1208 879 patres
1237 834 1424 867 nostros
1451 824 1784 877 perficiendum

153 900 313 949 uoluit,
330 901 533 940 sermoni
549 907 709 941 nostro
725 899 889 941 afferet
906 900 1102 950 initium,
1117 899 1256 950 quod,
1275 898 1468 948 scilicet,
1486 897 1650 937 mulier
1666 908 1786 948 quae

155 971 377 1021 potestati
399 972 661 1022 cuiusdam,
694 971 899 1022 coniugii
925 971 1132 1020 uinculo,
1164 982 1247 1022 per
1277 968 1635 1021 quadriennium
1664 969 1786 1007 ultro

155 1042 365 1082 subiecta
386 1042 551 1093 fuerat,
576 1054 786 1094 quaeque
807 1043 930 1082 intra
950 1048 1018 1082 tot
1039 1052 1188 1081 annos
1219 1040 1534 1081 conscientiae
1562 1038 1786 1090 expiatio-

157 1125 264 1153 nem
285 1125 524 1165 nunquam
546 1114 736 1163 fecerat,
759 1125 908 1166 nuper
935 1113 1221 1153 domicilium
1249 1124 1332 1152 suo
1364 1118 1501 1163 atque
1523 1116 1684 1150 nostro
1707 1108 1788 1148 Re-

157 1184 389 1236 demptori
406 1185 522 1224 adeo
540 1185 858 1235 illustrauerit,
879 1190 927 1224 ut
946 1184 1069 1224 idem
1085 1183 1316 1224 Dominus
1337 1182 1593 1223 secundum
1612 1180 1788 1221 miseri-

158 1256 344 1296 cordias
366 1267 477 1296 suas
497 1256 609 1296 illud
630 1256 822 1296 uisitare
842 1267 936 1295 non
957 1255 1238 1306 dedignatus
1258 1254 1412 1303 fuerit,
1443 1253 1535 1293 imo
1568 1264 1622 1292 eo
1650 1251 1787 1292 modo

158 1327 391 1377 munierit,
414 1334 462 1367 ut
483 1324 610 1367 nullo
632 1339 870 1367 armorum
890 1338 1063 1378 genere
1084 1327 1311 1367 hactenus
1338 1324 1602 1377 expugnari
1628 1331 1787 1376 potue-

158 1398 218 1438 rit
240 1411 267 1438 a.
287 1399 612 1450 potentissimo
634 1399 782 1449 hoste,
802 1410 858 1439 ac
877 1410 1121 1450 speramus
1136 1399 1264 1438 nulla
1281 1397 1598 1448 longaeuitate
1615 1402 1788 1447 tempo-

159 1470 222 1510 ris
244 1480 382 1520 posse
404 1469 606 1509 dirutum
628 1470 699 1520 iri,
725 1470 763 1510 si
785 1470 971 1521 quidem
992 1469 1157 1510 mulier
1178 1469 1383 1521 quotidie
1405 1469 1558 1519 magis
1579 1468 1625 1507 in
1646 1467 1787 1507 uirtu-

158 1540 279 1580 tibus
300 1546 345 1580 et
366 1540 611 1580 deuotione
632 1540 828 1592 proficit3
852 1541 1041 1581 domum
1056 1547 1316 1592 praeterea,
1337 1551 1476 1592 quam
1494 1538 1789 1579 incolendam

159 1612 232 1652 uir
252 1611 327 1652 ille
349 1612 522 1652 ascitus
545 1611 586 1651 ei
608 1612 911 1662 conduxerat,
935 1612 1245 1652 renunciauit.

238 1683 405 1736 Judaei
425 1688 522 1723 tum
544 1683 634 1722 duo
657 1694 749 1723 non
771 1683 935 1735 paucis
957 1683 1117 1723 diebus
1139 1696 1165 1723 a
1186 1683 1361 1723 nostris
1383 1683 1646 1723 doctrinam
1672 1681 1788 1721 chri-

162 1754 367 1794 stianam
388 1754 513 1794 docti
534 1753 736 1803 fuerunt,
761 1766 816 1794 ac
837 1754 1026 1795 tandem
1048 1754 1335 1794 christianae
1362 1754 1454 1805 legi
1486 1765 1567 1805 per
1595 1753 1791 1793 sanctis-

161 1825 265 1865 simi
286 1825 570 1865 sacramenti
591 1824 895 1876 Baptismatis
917 1826 1202 1866 ablutionem
1224 1825 1507 1865 christianus
1541 1825 1658 1864 alter
1684 1823 1790 1864 insi-

160 1903 234 1936 tus
251 1895 352 1946 fuit,
372 1896 446 1947 qui
465 1901 509 1935 et
526 1907 666 1946 saepe
684 1897 981 1937 sanctissimo
1000 1897 1102 1937 cibo
1124 1897 1344 1947 uescitur,
1365 1903 1409 1936 et
1426 1896 1570 1936 uerbo
1601 1895 1791 1936 Domini

162 1967 322 2007 alitur:
346 1968 463 2007 alter
487 1974 643 2006 autem
665 1967 908 2008 instruitur
930 1968 1098 2017 adhuc,
1129 1976 1173 2009 et
1201 1980 1307 2008 cum
1333 1969 1535 2020 primum
1564 1967 1790 2016 cognitio-

162 2050 268 2078 nem
290 2050 451 2078 earum
473 2048 645 2086 rerum,
670 2051 789 2091 quae
811 2039 857 2079 in
880 2040 968 2080 hac
999 2040 1213 2080 doctrina
1242 2039 1521 2092 praesertim
1553 2045 1659 2079 sunt
1690 2050 1790 2090 per-

164 2109 401 2159 discenda,
425 2110 623 2162 adeptus
644 2111 795 2162 fuerit,
820 2111 919 2163 ipse
941 2123 1124 2163 quoque
1145 2111 1424 2162 baptismate
1446 2117 1609 2150 sancto
1638 2110 1791 2150 ablue-

164 2188 255 2231 tur,
281 2182 410 2220 cuius
441 2182 595 2232 gratia
627 2182 779 2223 Deum
809 2182 1062 2223 Dominum
1091 2190 1304 2223 nostrum
1328 2183 1487 2235 Jesum
1518 2182 1615 2222 X.m
1646 2192 1791 2221 exoro

164 2252 265 2291 eius
295 2251 528 2292 desideria
557 2253 662 2294 fidei
691 2254 977 2295 christianae
1008 2261 1346 2295 conseruentur
1377 2260 1421 2294 et
1448 2255 1787 2305 adaugeantur.

243 2321 423 2363 Deinde
445 2324 491 2364 id
508 2324 631 2374 quod
649 2326 788 2375 paulo
805 2332 912 2365 ante
929 2326 1151 2376 euenerit‚
1172 2326 1382 2375 multum,
1402 2331 1445 2365 et
1463 2325 1648 2376 quidem
1665 2325 1792 2364 haud

164 2394 262 2434 scio
283 2406 343 2434 an
365 2395 505 2435 etiam
526 2396 677 2446 magis
699 2398 839 2447 q'uam
861 2407 948 2447 ego
970 2397 1127 2436 verbis
1148 2397 1370 2448 consequi
1390 2397 1588 2446 ualeam,
1608 2396 1794 2436 diuinae

166 2464 399 2505 Maiestati
430 2467 663 2517 placuisse
691 2467 847 2508 credo.
880 2467 999 2508 Nam
1026 2468 1216 2519 quidam
1246 2476 1345 2508 arte
1372 2479 1427 2508 ac
1458 2467 1565 2508 dolo
1593 2474 1636 2508 et
1663 2467 1794 2508 falsis

164 2536 445 2577 daemonum
478 2538 759 2589 imaginibus
794 2539 971 2590 illusUS‚
1010 2539 1087 2591 qui
1114 2551 1354 2590 nunquam
1385 2539 1639 2591 praeterita
1669 2539 1795 2580 uitae

165 2613 319 2647 aetate
355 2608 535 2659 integre
572 2609 816 2649 confessus
850 2609 1022 2660 fuerat,
1061 2616 1139 2650 aut
1174 2610 1455 2650 uerecundia
1491 2610 1678 2661 insana,
1717 2616 1796 2650 aut

164 2678 317 2718 stultis
339 2679 569 2730 aliquibus
588 2680 953 2731 cogitationibus
975 2681 1202 2732 detentus,
1228 2682 1301 2722 uel
1328 2682 1494 2722 timore
1523 2693 1793 2733 oppressu5,

164 2750 259 2789 inm
287 2750 468 2800 integre
497 2750 562 2801 (ut
591 2751 810 2801 creditur)
842 2751 1183 2793 confessionem
1212 2752 1453 2792 confessus
1484 2760 1569 2793 est.
1604 2752 1677 2793 Ex
1706 2764 1797 2804 quo

165 2820 377 2872 profecto
409 2821 629 2872 intelligis
659 2828 883 2872 quantum
913 2822 1141 2864 Dominus
1169 2823 1306 2876 Jesus
1337 2824 1566 2876 singulari
1596 2826 1799 2876 quodam

167 2903 359 2931 munere
389 2892 495 2932 huic
524 2893 743 2933 minimae
779 2892 1002 2934 Societati
1033 2895 1297 2947 impertitus
1327 2895 1489 2946 fuerit,
1519 2903 1567 2936 ut
1596 2896 1643 2937 id
1676 2896 1801 2948 quod

168 2963 290 3002 intra
316 2972 380 3002 tot
405 2975 552 3002 annos
576 2964 731 3004 multis
754 2965 1001 3015 1·cligio.<i.<‚
1027 2966 1271 3007 diabolicis
1293 2968 1486 3010 insidiis,
1513 2975 1686 3008 tcctum
1708 2967 1799 3007 fuc-
