2028 3328
826 97 908 134 ΑΝ.
941 97 1032 134 1554
1692 98 1757 135 139

119 198 323 248 placere,
343 195 419 247 qui
441 206 638 236 vxorem
659 206 842 246 quoque
860 193 1060 233 habebat
1078 193 1391 243 superstitem,
1417 204 1521 232 cum
1543 205 1633 244 quo
1656 194 1758 243 plus

122 268 274 307 minus
290 267 342 307 24
358 267 492 307 annis
510 266 747 316 illegitime
766 272 809 304 et
826 263 1058 314 impudice
1077 275 1382 311 conuersans,
1403 264 1557 314 proles
1575 276 1758 315 quoque

121 340 370 378 nonnullas
387 351 443 378 ex
461 338 537 377 illo
560 336 847 376 adulterinas
865 335 1086 385 suscepit,
1106 346 1222 385 quas
1240 334 1364 374 domi
1385 334 1496 373 aluit
1516 335 1638 385 apud
1658 347 1758 385 pro-

123 410 274 459 prium
296 410 537 459 maritum,
577 408 781 448 omnium
818 407 1015 446 istorum
1051 406 1290 455 ignarum,
1329 405 1444 444 haec
1467 405 1654 456 quidem
1677 418 1757 456 per

120 481 324 532 spatium
344 479 396 520 20
417 491 646 520 annorum
668 490 807 529 saepe
844 477 1060 517 confessa
1091 484 1174 526 est,
1201 484 1244 516 et
1272 476 1653 525 communicauit,
1679 478 1757 516 sed

120 563 375 603 numquam
398 552 597 602 integre,
623 550 729 602 quia
752 549 808 589 de
843 548 1073 588 adulterio
1107 559 1290 599 semper
1313 547 1480 597 tacuit,
1521 554 1564 587 et
1601 549 1666 596 (vt
1694 548 1759 592 fii)

119 623 165 661 in
186 622 497 673 gravissimos
518 632 703 662 errores
724 620 1020 672 postmodum
1044 619 1294 668 inciderat,
1318 630 1437 670 quae
1459 624 1615 658 tamen
1635 631 1757 658 nunc

119 693 280 733 sedulo
303 693 500 733 recurrit
517 693 576 733 ad
598 704 731 732 suurn
754 692 941 732 Patrem
958 690 1315 740 confessarium,
1342 690 1589 730 consilium
1614 690 1759 741 inqui-

121 776 228 804 rens
250 770 294 804 et
316 763 523 814 modum,
548 775 637 815 quo
660 763 806 815 possit
827 762 1010 813 integre
1039 761 1330 811 satisfacere,
1356 767 1399 801 et
1421 761 1476 800 de
1499 761 1594 800 suis
1617 761 1759 800 omni-

120 836 205 875 bus
228 835 287 875 ad
308 836 510 885 gloriam
532 835 619 874 Dei
640 834 902 886 disponere.

203 905 377 947 Omnes
390 913 500 955 tres,
516 906 764 946 occasione
778 905 950 953 oblata,
966 904 1102 944 simul
1115 904 1314 955 profecti
1328 914 1487 943 sumus
1502 903 1547 942 in
1560 903 1760 955 patriam

120 977 170 1017 P.
199 977 421 1017 Anthonii
449 977 456 996 ¹
481 990 587 1017 cum
616 989 788 1028 magna
824 976 1147 1016 aedificatione
1176 976 1450 1023 multorum,
1485 975 1652 1026 quibus
1690 987 1762 1015 oc-

116 1050 355 1089 currimus
384 1049 429 1088 in
451 1049 543 1099 ria,
571 1056 613 1089 et
637 1061 753 1101 quos
781 1047 1059 1088 offendimus
1095 1048 1141 1087 in
1178 1047 1393 1098 hospitiis
1428 1054 1473 1086 et
1506 1047 1608 1086 aliis
1630 1047 1761 1095 locis,

123 1120 401 1172 praesertim
423 1120 721 1160 monasteriis
742 1120 951 1159 virorum
969 1125 1012 1159 et
1035 1118 1296 1169 mulierum,
1315 1118 1395 1158 vbi
1416 1129 1556 1169 saepe
1579 1118 1759 1169 praedi·

120 1191 347 1241 cauimus,
373 1192 492 1231 inter
515 1197 700 1231 caetera
723 1202 906 1242 quoque
930 1191 976 1230 in
998 1189 1284 1229 monasterio
1314 1188 1603 1238 Tudiniensi,
1629 1189 1762 1228 cuius

123 1274 287 1303 curam
301 1262 551 1314 aliquando
570 1262 729 1302 habuit
747 1261 794 1301 P.
820 1262 1078 1301 Vrsmarus
1095 1261 1124 1310 ‘³3
1149 1267 1193 1300 et
1211 1261 1318 1301 licet
1335 1261 1381 1300 in
1399 1260 1530 1300 initio
1548 1272 1605 1300 ne
1622 1260 1763 1300 intro-

125 1334 310 1373 mittere
333 1334 517 1385 quidem
541 1345 626 1373 nos
654 1334 840 1383 vellent,
875 1333 1171 1385 postmodum
1201 1332 1441 1372 discedere
1463 1343 1557 1371 non
1578 1331 1762 1383 permit—

125 1405 359 1454 tebamur,
390 1411 433 1445 et
459 1412 567 1445 ante
598 1404 856 1445 discessum
878 1404 1053 1444 hortati
1074 1416 1235 1444 sumus
1264 1415 1343 1444 eas
1370 1403 1414 1443 in
1439 1403 1695 1452 communi,
1721 1409 1764 1442 et

124 1479 168 1518 in
193 1478 379 1529 priuato
402 1476 681 1528 perfecimus
703 1489 772 1527 ea,
805 1476 863 1515 ob
885 1488 1004 1528 quae
1034 1489 1060 1516 a
1090 1476 1278 1527 magnis
1304 1475 1421 1515 viris
1446 1487 1500 1515 eo
1523 1474 1652 1515 missi
1673 1474 1766 1514 fue-

122 1560 298 1589 ramus.

207 1619 488 1660 Concionati
523 1630 705 1670 quoque
742 1630 901 1658 sumus
938 1618 1086 1659 variis
1121 1618 1167 1658 in
1204 1618 1319 1658 locis
1348 1618 1534 1667 ibidem,
1569 1616 1627 1657 ad
1649 1629 1768 1669 quas

122 1691 379 1732 conciones
414 1690 583 1741 ubique
615 1696 774 1729 tantus
804 1690 1084 1729 accurrebat
1115 1690 1336 1741 populus,
1367 1689 1509 1729 etiam
1538 1688 1768 1740 operariis

121 1762 301 1813 diebus,
322 1767 523 1813 quantus
541 1763 658 1801 solet
676 1762 751 1800 vel
768 1761 814 1801 in
832 1761 1099 1812 praecipuis
1118 1761 1510 1801 solemnitatibus.
1530 1760 1666 1800 Hanc
1688 1771 1766 1811 pa·

123 1834 278 1884 trizim,
303 1845 397 1874 non
418 1833 483 1873 ita
504 1833 649 1873 multo
667 1838 771 1883 post
793 1832 994 1873 reditum
1016 1839 1252 1882 nostrum,
1276 1833 1511 1883 gallorum
1529 1831 1768 1871 exercitus

124 1916 299 1957 magna
320 1917 379 1945 ex
399 1909 533 1956 parte
555 1903 793 1954 caedibus,
819 1903 1094 1955 captivitate
1126 1910 1265 1954 atque
1296 1903 1512 1943 incendio
1542 1902 1765 1951 vastauit,

120 1988 214 2029 quo
236 1982 414 2028 postea,
439 1974 646 2015 collectis
675 1986 733 2014 ex
760 1975 1061 2026 eleemosyna
1091 1975 1246 2014 aureis
1268 1986 1361 2014 non
1383 1974 1563 2025 paucis,
1588 1973 1637 2013 P.
1674 1972 1768 2012 An·

125 2048 315 2088 thonius
349 2058 398 2087 se
433 2047 601 2086 iterum
624 2046 839 2095 contulit,
865 2052 914 2086 vt
943 2046 1088 2086 verbo
1122 2052 1166 2085 et
1188 2045 1396 2086 subsidio
1426 2045 1700 2096 pecuniario
1724 2045 1769 2083 in

126 2119 352 2160 vastitate
369 2118 463 2169 illa,
483 2129 595 2169 prae
616 2117 757 2157 nimia
780 2117 986 2166 tristitia,
1011 2116 1318 2166 desolatione,
1343 2122 1387 2156 et
1409 2116 1552 2156 etiarn
1568 2115 1691 2155 fame
1715 2127 1769 2154 ac

127 2190 340 2243 penuria,
365 2189 634 2230 deficientes
672 2189 905 2229 solaretur
941 2195 985 2229 et
1019 2189 1243 2240 erigeret3
1283 2199 1402 2239 quae
1439 2199 1515 2228 res
1550 2198 1773 2238 magnam

126 2274 270 2314 quam
286 2261 498 2313 plurimis
516 2260 668 2300 attulit
687 2260 1079 2300 aedificationem.
1100 2259 1240 2300 Pater
1258 2271 1442 2311 quoque
1459 2259 1608 2310 patris
1625 2259 1772 2298 nostri

126 2332 359 2373 Anthonii
376 2332 524 2382 (cuius
541 2332 680 2383 paulo
699 2337 806 2371 ante
824 2332 1095 2382 generalem
1116 2331 1259 2371 totius
1278 2331 1402 2371 vitae
1426 2330 1772 2370 confessionem

127 2403 426 2453 audiueram)
445 2414 499 2442 eo
516 2403 563 2442 in
581 2403 778 2442 tumultu
802 2414 828 2442 a
849 2402 986 2453 gallis
1007 2409 1174 2454 captus
1195 2402 1302 2452 fuit,
1327 2409 1371 2442 et
1392 2402 1456 2442 ita
1478 2402 1649 2442 misere
1671 2412 1773 2440 cru-

127 2476 305 2524 ciatus,
328 2480 379 2514 vt
401 2474 448 2514 in
475 2473 655 2523 itinere,
681 2478 933 2524 antequam
963 2473 1024 2513 ad
1054 2473 1256 2524 patriam
1283 2472 1478 2523 rediret,
1510 2478 1773 2513 extremum

135 2545 370 2586 exhalarit
391 2544 606 2596 spiritum
630 2545 779 2592 (cuius
801 2544 1005 2584 animam
1033 2550 1221 2596 patrum
1244 2556 1299 2584 ac
1334 2544 1534 2584 fratrum
1555 2544 1774 2596 precibus

130 2617 178 2657 in
202 2616 406 2657 Domino
428 2615 844 2666 commendamus).

208 2688 527 2729 Transeuntes
544 2697 726 2738 quoque
745 2685 907 2726 Patres
922 2686 1172 2737 Quintinus
1185 2693 1229 2726 et
1246 2686 1513 2727 Anthonius
1526 2685 1773 2735 Leodium,

191 2874 196 2892 ¹
240 2872 420 2900 Binchium
435 2871 584 2906 (pineti),
601 2879 687 2906 quae
704 2871 819 2905 patria
834 2875 909 2898 erat
928 2871 966 2897 Ρ.
988 2872 1137 2899 Antonio
1154 2871 1305 2899 Pouclet.

184 2919 200 2938 ²
240 2919 427 2947 Ursmarus
444 2919 604 2947 Goisson.
637 2918 722 2946 Vide
742 2919 800 2945 Por
815 2926 890 2945 uei
911 2919 1045 2948 Clu-012..
1062 2925 1084 2946 t.
1102 2927 1147 2952 ιν,
1165 2927 1242 2954 pag.
1258 2920 1322 2954 aus,
1339 2927 1372 2946 n.
1389 2920 1441 2946 055
1457 2923 1488 2946 et
1505 2922 1623 2946 annot.
1642 2918 1670 2944 1.
