2028 3328
822 123 858 158 A
867 132 903 158 N.
936 122 1025 159 1555
1674 123 1745 160 537

107 224 233 276 tores
254 220 438 259 nonnisi
467 219 686 260 diuitibus
713 219 906 259 uerbum
934 218 1021 258 Dei
1049 219 1322 269 praedicare
1353 219 1622 269 dignentur,
1657 231 1741 259 nos

109 290 249 330 etiam
277 290 473 331 miseros
500 298 544 331 et
575 290 842 331 calamitate
871 301 1121 341 oppressos
1152 291 1461 329 consolemur.
1493 290 1742 340 Cogitabat

108 361 207 412 ipse
229 361 368 402 Pater
389 364 492 402 loca
514 362 572 402 ad
594 361 902 402 eleemosinas
932 361 1202 412 largiendas
1232 361 1464 401 destinata
1486 361 1637 411 adire,
1663 362 1741 401 ibi-

109 443 197 483 que
218 432 363 472 diuini
383 433 613 473 sermonis
633 444 803 485 panem
824 432 1106 484 pauperibus
1128 443 1410 483 proponere,
1436 433 1527 472 nisi
1557 432 1603 471 in
1627 431 1738 472 Ger-

108 503 313 543 maniam
335 504 537 544 eundum
556 505 734 544 fuisset:
757 504 888 543 cuius
910 503 1212 554 profectionis
1234 509 1534 554 potestatem,
1568 510 1741 554 quanto

108 575 264 614 labore
288 587 313 614 a
336 574 483 615 Ducis
504 588 651 615 vxore
673 575 1017 625 efflagitauerit‚
1044 581 1087 614 et
1108 573 1317 615 Nuncius
1349 574 1406 614 ab
1435 587 1489 614 ea
1522 574 1580 614 ad
1612 573 1740 614 Sum-

108 656 232 685 mum
268 645 539 686 Pontificem
574 645 771 686 Romam
806 646 998 695 missus,
1037 651 1081 685 et
1116 645 1261 697 ipsius
1296 645 1569 697 lachrymae
1597 653 1740 685 testa-

107 716 293 756 bantur:
334 717 599 757 huiusmodi
641 716 648 735 ¹
690 724 847 757 tamen
890 716 1073 756 ueniam
1108 722 1449 768 consequutus,
1488 717 1596 756 hinc
1633 728 1740 756 cum

107 785 207 826 R.d0
222 787 270 827 P.
295 787 584 839 Hieronymo
606 788 762 829 Natali
783 788 856 828 die
875 788 900 828 2
921 788 1314 840 quadragesimae
1338 787 1570 828 discessit.

188 857 259 898 Ad
296 859 503 899 omniurn
538 866 695 900 autem
729 871 885 899 rerum
919 860 1171 900 maximam
1207 861 1474 911 penuriam,
1505 871 1595 910 qua
1624 859 1742 899 haec

106 928 221 968 vrbs
242 929 517 981 iampridem
539 931 706 970 misere
728 931 976 982 premitur,
1002 936 1301 970 accesserant
1323 931 1551 981 capitales
1572 930 1741 981 morbi,

109 1000 275 1050 quibus
303 1001 582 1053 quicumque
611 1002 949 1053 corripiebatur
977 1012 1118 1052 aegre
1149 1008 1345 1042 mortem
1373 1001 1617 1041 euadebat.
1651 1000 1742 1042 Sed

107 1083 210 1111 cum
234 1084 292 1112 ex
314 1073 447 1113 nobis
468 1085 552 1113 sex
573 1085 627 1113 eo
651 1073 799 1113 morbi
829 1084 1003 1124 genere
1032 1072 1185 1113 affecti
1213 1073 1269 1113 de
1298 1073 1394 1113 uita
1424 1072 1743 1124 periclitaren-

106 1149 195 1191 tur,
221 1155 381 1183 omnes
403 1151 559 1184 tamen
580 1151 766 1196 praeter
787 1156 918 1196 spem
938 1145 1227 1185 medicorum
1250 1145 1614 1194 conualuerunt‚
1647 1155 1741 1183 uno

107 1212 250 1253 Paulo
280 1214 308 1265 ²,
338 1214 484 1255 fratre
513 1216 805 1267 charissimo,
836 1221 1049 1268 excepto,
1079 1216 1155 1256 cui
1185 1215 1578 1267 quemadmodum
1613 1215 1743 1255 Deus

109 1283 213 1336 Opt.
239 1285 364 1325 Max.
388 1287 565 1338 aliquot
586 1287 748 1327 diebus
769 1294 877 1327 ante
898 1294 1096 1328 mortem
1118 1298 1288 1338 cupere
1310 1293 1354 1327 et
1372 1286 1648 1338 praesagire
1666 1286 1740 1326 de-

108 1355 256 1406 derat,
280 1357 346 1397 sic
369 1364 589 1398 aeternae
611 1358 735 1398 uitae
756 1358 1057 1399 foelicitatem
1078 1358 1262 1399 dedisse
1284 1358 1533 1398 credimus.

187 1426 355 1467 Frater
389 1428 779 1470 Bartholomaeus
806 1428 819 1448 ⁵
852 1430 943 1470 alio
979 1430 1250 1470 certaminis
1285 1440 1458 1481 genere
1494 1441 1543 1469 se
1577 1441 1741 1470 uerum

108 1498 282 1539 Christi
304 1499 496 1540 militem
516 1500 747 1551 probauit:
774 1501 873 1540 eius
894 1508 1026 1552 pater
1047 1501 1117 1541 bis
1139 1501 1231 1541 iam
1249 1500 1462 1541 Bononia
1484 1501 1574 1541 huc
1596 1501 1739 1551 uenit,

105 1575 156 1610 ut
177 1570 303 1610 illum
327 1583 352 1610 a
375 1578 472 1611 tam
493 1572 734 1612 salutifero
755 1579 892 1624 portu
915 1580 1176 1613 reuocaret:
1200 1573 1271 1612 his
1288 1572 1452 1612 diebus
1469 1578 1567 1612 tum
1587 1572 1738 1623 minis,

104 1647 203 1681 tum
218 1642 539 1682 blandioribus
557 1643 712 1683 uerbis
729 1655 783 1683 ac
800 1644 957 1683 multis
975 1644 1402 1695 pollicitationibuS,
1423 1644 1480 1683 ab
1498 1643 1741 1694 Religione

104 1712 336 1753 abducere
357 1713 569 1764 tentauit;
594 1713 675 1754 sed
697 1725 803 1754 cum
825 1714 1212 1755 Bartholomaeus
1235 1721 1433 1755 mortem
1452 1720 1672 1765 oppetere
1690 1725 1741 1754 se

104 1783 391 1835 paratiorem
411 1784 678 1824 ostenderet
706 1796 845 1836 quam
871 1785 1025 1826 Patris
1056 1786 1356 1838 acquiescere
1386 1785 1651 1834 blandiciis,
1675 1785 1740 1825 in-

106 1853 329 1905 dignatus
349 1861 485 1906 pater
505 1855 599 1895 filio
624 1856 909 1896 maledicens
940 1859 1081 1908 (quae
1111 1863 1266 1897 tamen
1298 1857 1562 1896 maledictio
1592 1857 1637 1896 in
1668 1857 1741 1896 be-

104 1925 419 1965 nedictionem
443 1927 582 1966 cessit
605 1927 736 1966 iuxta
757 1927 869 1967 illud
889 1926 999 1979 Jesu
1019 1927 1209 1968 Christi:
1234 1928 1508 1967 Beatc'estz's
1524 1938 1628 1966 cnm
1645 1938 1742 1966 ma-

103 1995 364 2036 ledia-erint
400 1996 532 2036 nobis
573 1996 587 2015 ‘⁶
621 1997 881 2048 homines),
917 1998 1178 2039 Bononiam
1213 1999 1367 2038 inanis
1402 2009 1621 2038 reuersus
1655 2004 1739 2038 est.

103 2067 244 2108 Aliud
266 2068 401 2108 nobis
422 2079 544 2108 nunc
567 2080 661 2108 non
684 2069 811 2110 uenit
832 2070 879 2109 in
900 2076 1103 2110 mentem
1126 2070 1248 2122 quod
1270 2070 1547 2119 scribamus,
1581 2069 1672 2109 nisi
1691 2075 1740 2109 ut

102 2139 402 2179 obsecremus
424 2138 478 2178 R.
503 2137 551 2179 P.
575 2138 627 2179 T.
652 2145 701 2179 ut
724 2151 808 2191 pro
830 2141 964 2181 nobis
986 2152 1151 2192 preces
1172 2141 1466 2180 incessanter
1487 2140 1651 2180 fundat
1681 2140 1740 2180 ad

105 2209 374 2250 Dominum.

183 2280 464 2330 Florentiae,
489 2281 562 2322 die
583 2281 634 2321 27
656 2283 829 2323 mensis
848 2283 957 2336 Julii
983 2283 1098 2323 1555.

317 2352 369 2392 T.
393 2352 448 2393 R.
473 2353 521 2393 P.

423 2424 775 2474 indignissimus
796 2437 975 2476 seruus,

1411 2568 1525 2608 LEO.

157 2751 165 2770 ¹
206 2750 348 2781 Scilieit.
367 2751 470 2778 Ducis
485 2751 623 2785 ejusque
637 2752 764 2779 uxoris.

156 2797 171 2817 Ξ
209 2797 317 2833 Hujus
333 2806 519 2828 cognomen
537 2800 714 2833 nequidem
734 2800 899 2827 Polaticus
921 2800 1045 2834 aperit,
1063 2800 1140 2827 dum
1163 2800 1249 2827 haec
1273 2801 1395 2835 ipsam
1417 2808 1513 2827 suum
1536 2800 1739 2831 Chronicon,

102 2849 132 2873 t.
152 2853 185 2878 v,
203 2847 416 2873 transcribit.

156 2893 170 2912 ³
207 2893 494 2922 Bartholomaeus
510 2894 649 2927 Bedula,
664 2895 849 2922 helvetius.
872 2895 1057 2927 Pommcus,
1074 2897 1092 2922 ῑ.
1111 2903 1139 2923 c.

158 2941 173 2961 ⁴
211 2941 347 2974 Matth..
363 2951 395 2976 v,
413 2951 445 2968 v.
463 2943 508 2969 11.
