2028 3328
848 99 931 136 AN.
964 99 1054 135 1553
1702 99 1771 134 ‘³07

1702 125 1748 135 —u

128 202 335 251 locutus,
366 206 415 240 ut
441 197 624 239 mulieri
652 201 831 236 tantam
855 194 977 234 hanc
1004 194 1263 234 remitteret
1292 193 1511 233 iniuriam
1541 200 1611 233 est
1647 206 1769 234 asse-

141 278 325 324 quutus.

221 341 463 382 Hactenus
496 339 551 379 de
579 338 805 391 patribus,
842 348 962 388 quae
993 336 1040 376 in
1070 341 1274 376 mentem
1301 342 1554 386 uenerunt,
1586 336 1770 387 scripsi,

142 426 267 454 nunc
301 414 394 453 iarn
430 412 485 451 de
522 410 759 459 fratribus,
796 419 916 460 quae
952 407 1259 457 occurrerint,
1298 407 1467 447 dicam.
1505 407 1609 447 Duo
1645 407 1774 447 missi

143 491 252 525 sunt
272 496 355 536 per
377 484 475 523 dies
497 483 665 522 multos
687 480 746 520 ad
767 479 988 531 generale
1010 479 1370 529 xenodochium,
1401 485 1451 519 ut
1472 478 1773 529 pauperibus,

143 567 284 608 quam
304 560 495 606 possent
516 564 666 604 opem,
689 551 878 591 ferrent:
903 561 1103 601 quorum
1121 549 1328 590 charitas
1346 556 1389 589 et
1406 549 1645 589 humilitas
1667 561 1776 601 pau-

141 626 332 678 peribus
353 625 606 665 extiterunt
628 634 767 674 quam
788 621 1103 673 gratissimae.
1127 621 1318 661 Fratres
1332 621 1455 660 enirn
1473 632 1554 660 eos
1570 621 1777 661 maxima

142 697 362 738 leuabant
396 695 545 735 morbi
580 694 794 734 molestia
830 692 1120 743 aliorumque
1155 692 1369 732 laborum
1393 692 1567 742 taedio,
1597 704 1677 732 eos
1708 704 1776 731 so-

143 769 284 809 lando
308 773 445 818 atque
468 778 613 817 prope
634 777 780 816 aeque
802 764 1015 804 dolendo.
1040 763 1296 803 Monebant
1318 763 1459 803 etiam
1483 775 1563 803 eos
1585 775 1780 814 pauper-

136 839 257 880 tatis
284 851 339 879 ac
368 837 715 889 aegritudinum
744 846 861 876 onus
889 846 948 875 ex
975 846 1025 874 se
1053 835 1304 874 molestum
1326 835 1559 885 patienter
1585 834 1779 885 ferrent,

147 910 485 960 crederentque
506 908 777 959 neutiquam
798 918 825 946 a
846 905 1050 946 Domino
1081 905 1346 957 destitutos,
1377 906 1489 957 quin
1510 905 1666 957 potius
1688 918 1781 945 ma-

148 981 262 1023 ximi
298 980 473 1020 amoris
512 979 683 1019 indicia
710 977 1104 1028 benignitatisque
1132 983 1357 1027 paternae
1385 977 1641 1017 Dominum
1669 977 1783 1028 ipsis

147 1052 456 1105 praestitisse:
480 1050 552 1090 his
573 1049 761 1090 monitis
788 1049 983 1100 aliisque
1008 1048 1334 1088 humilioribus
1356 1049 1609 1099 exercitiis,
1634 1049 1782 1089 nostri

148 1126 319 1165 fratres
341 1123 405 1163 ita
438 1133 668 1174 pauperes
699 1131 813 1171 erga
833 1131 883 1160 se
918 1119 1186 1170 affecerant,
1216 1126 1267 1160 ut
1294 1120 1556 1170 aegerrime
1590 1120 1781 1160 tulerint

140 1206 311 1236 eorum
328 1194 590 1234 absentiam
612 1204 733 1243 cum,
757 1191 860 1231 aliis
881 1191 1083 1242 negotiis
1113 1191 1242 1231 dorni
1269 1191 1459 1242 detenti,
1483 1203 1532 1232 se
1554 1203 1648 1231 non
1670 1191 1784 1231 inui-

151 1274 323 1308 serent.

230 1338 302 1378 De
324 1335 561 1377 exercitiis
582 1333 822 1375 litterariis
843 1345 995 1385 pauca
1015 1333 1313 1384 subiungam.
1337 1333 1517 1373 Feruor
1533 1346 1695 1374 eorum
1712 1334 1785 1374 his

153 1408 316 1449 diebus
338 1407 542 1447 maxime
572 1406 734 1446 creuit.
769 1404 976 1456 Singulis
1006 1403 1169 1444 diebus
1203 1404 1450 1445 dominicis
1480 1405 1545 1456 (ut
1575 1418 1601 1445 a
1629 1406 1786 1446 multis

157 1480 321 1521 diebus
341 1479 568 1518 habemus
590 1477 646 1516 de
676 1475 821 1526 more)
851 1474 1162 1516 defenduntur
1193 1488 1220 1516 a
1247 1475 1394 1516 fratre
1421 1477 1628 1528 quodam
1650 1489 1788 1528 quae-

152 1552 263 1592 dam
285 1549 570 1591 assertiones
592 1548 690 1588 eius
710 1547 962 1592 facultatis.
986 1546 1033 1587 in
1054 1558 1147 1598 qua
1168 1558 1217 1587 se
1246 1553 1448 1588 exercet.
1485 1547 1608 1588 Ante
1630 1554 1788 1589 tamen

155 1633 296 1675 quam
317 1619 587 1662 scholastici
607 1618 948 1670 disputationes
969 1618 1325 1670 aggrediantur,
1349 1619 1499 1659 solent
1521 1620 1788 1660 oratiuncu-

157 1696 229 1734 lae
249 1694 418 1734 breues
441 1691 565 1742 <quia
587 1690 823 1740 longiores
850 1689 1074 1741 temporis
1102 1690 1351 1740 angustiae
1372 1702 1467 1730 non
1496 1692 1788 1742 permittunt)

152 1766 229 1806 uel
248 1775 450 1816 graecae
471 1763 545 1802 uel
565 1761 739 1801 latinae
758 1761 807 1800 in
826 1760 1012 1800 laudem
1031 1760 1227 1801 alicuius
1244 1761 1431 1802 virtutis
1452 1768 1533 1802 aut
1552 1762 1791 1804 facultatis

148 1835 359 1877 recitari.
374 1833 621 1874 Accedunt
639 1844 698 1871 ex
715 1831 922 1871 externis
938 1831 1234 1872 scholasticis
1252 1833 1535 1884 complures,
1556 1834 1791 1875 accedunt

158 1907 300 1948 etiam
320 1905 554 1946 interdum
574 1902 897 1943 vniuersitatis
922 1902 1232 1954 professores.
1256 1904 1393 1944 Vnde
1414 1904 1464 1945 fit
1491 1911 1540 1945 ut
1566 1905 1794 1947 fratribus

158 1978 331 2019 nostris
354 1989 449 2017 non
470 1976 602 2016 detur
625 1974 987 2025 argumentandi
1012 1975 1159 2026 locuS,
1190 1974 1273 2015 sed
1293 1975 1340 2015 in
1369 1976 1490 2016 diem
1522 1984 1794 2029 sequentem

159 2062 294 2091 suam
311 2047 677 2100 disputationem
693 2045 879 2085 differre
909 2052 1157 2097 cogantur:
1182 2047 1415 2088 intersunt
1437 2060 1622 2100 quoque
1644 2050 1796 2090 nostri

161 2120 499 2161 assertionibus
521 2118 734 2168 aliorum,
760 2116 987 2157 aduersus
1009 2129 1126 2169 quas
1148 2118 1355 2158 maximo
1377 2118 1579 2171 feruore,
1604 2132 1692 2160 nec
1713 2121 1793 2162 mi-

160 2193 265 2233 nori
285 2190 530 2240 modestia,
555 2189 682 2229 uelut
703 2188 782 2228 alii
803 2194 1208 2239 argumentantur.
1232 2189 1329 2229 Nec
1354 2189 1408 2240 (si
1429 2190 1543 2230 mihi
1563 2191 1609 2231 id
1640 2191 1796 2232 dicere

160 2265 232 2305 fas
259 2263 342 2314 est)
379 2262 426 2302 in
454 2260 703 2312 postremis
738 2259 983 2310 habentur,
1022 2260 1133 2312 quin
1164 2261 1319 2312 potius
1348 2261 1412 2311 (ut
1439 2262 1584 2302 libere
1624 2263 1797 2314 dicam)

154 2335 368 2376 omnium
390 2331 734 2373 existimatione
754 2331 876 2371 inter
895 2331 1074 2382 primos
1096 2339 1510 2384 connumerantur,
1545 2334 1592 2374 id
1612 2335 1797 2386 publice

162 2404 508 2458 professoribus
545 2402 942 2443 asseuerantibus.
980 2402 1172 2443 Fratres
1212 2403 1258 2443 id
1293 2404 1501 2445 studiose
1542 2412 1711 2446 curant
1752 2414 1801 2447 ut

160 2476 488 2526 scholasticos,
513 2485 637 2514 nunc
658 2473 831 2524 uerbis,
854 2484 979 2513 nunc
1002 2475 1232 2525 exemplo,
1264 2475 1312 2515 in
1339 2475 1428 2515 Dei
1450 2482 1589 2528 atque
1611 2478 1802 2518 Virtutis

165 2559 376 2589 amorem
401 2545 640 2598 pelliciant
671 2550 715 2584 et
743 2544 997 2594 attrahant,
1030 2550 1075 2584 et
1109 2557 1227 2596 quos
1258 2546 1418 2587 vident
1446 2549 1722 2589 commodos
1744 2549 1804 2590 ad

159 2619 390 2660 exercitia
412 2615 673 2669 spiritualia
695 2615 965 2667 peragenda
988 2622 1301 2657 commouent.
1335 2617 1457 2658 Hinc
1479 2618 1529 2659 fit
1550 2625 1599 2660 ut
1620 2621 1803 2661 schola-

167 2690 272 2731 stici
292 2690 389 2730 fere
411 2700 571 2728 omnes
593 2687 799 2726 maximo
823 2698 982 2726 amore
1003 2698 1088 2727 nos
1118 2694 1465 2740 prosequantur
1487 2689 1804 2744 Societatique

166 2767 357 2802 nostrae
379 2760 576 2800 multum
603 2757 947 2797 deuinciantur.
978 2757 1063 2797 His
1095 2758 1258 2799 diebus
1285 2771 1336 2799 se
1366 2759 1592 2802 Societati
1614 2763 1804 2814 quidam

170 2831 445 2873 adolescens
472 2829 662 2877 dicauit,
693 2828 770 2880 qui
797 2827 984 2879 quidem
1015 2830 1223 2870 omnium
1255 2842 1490 2872 consensu
1518 2835 1803 2886 praecipuus

168 2904 216 2944 in
237 2902 409 2954 linguis
438 2901 716 2950 habebatur;
740 2910 850 2939 narn
872 2898 996 2950 (cum
1017 2900 1098 2940 uix
1117 2900 1399 2952 uigesimum
1420 2903 1611 2945 tertium
1641 2911 1722 2945 aut
1741 2907 1808 2946 ui-
