2028 3328
871 79 955 115 AN.
986 79 1076 115 1555
1719 77 1786 115 381

152 177 379 228 ecclesiis,
404 177 529 217 domi
550 177 794 227 diligenter
817 187 956 227 opere
975 176 1263 226 completur.
1298 174 1402 226 Qua
1433 188 1491 216 ex
1519 186 1663 216 631153
1692 177 1787 215 1311-

151 249 333 289 dandus
354 249 482 288 venit
504 260 596 288 non
616 259 782 300 parum
804 246 931 287 Deus
953 245 1058 297 Opt.
1092 246 1217 286 Max.
1251 246 1474 286 nobilium
1511 252 1556 286 et
1585 247 1787 287 aliorum

153 325 379 371 pronatae
400 319 525 360 vitae
545 319 799 368 hominum,
824 318 902 369 qui
923 316 1060 357 modo
1083 316 1253 357 diuinis
1274 317 1586 356 sacramentis
1610 317 1678 357 vti
1700 317 1789 356 fre-

154 397 346 442 quenter
368 390 609 442 incipiunt.
634 389 795 430 Plures
824 387 1145 429 confessiones
1167 386 1445 427 audiuntur:
1469 388 1789 428 restitutiones

154 463 462 502 ducentorum
497 467 576 501 aut
611 461 811 511 plurium
840 460 1034 499 millium
1061 457 1390 510 dipondiorum
1420 458 1625 510 propriis
1646 458 1789 499 domi-

155 533 225 573 nis
259 532 388 573 fiunt:
423 532 703 572 subuentum
739 536 808 571 est
842 530 1149 582 pauperibUS,
1195 530 1399 570 maxime
1435 529 1524 570 hoc
1559 536 1787 581 tempore,

156 616 276 653 cum,
315 609 506 655 propter
528 604 717 643 nauium
740 602 988 654 jacturam,
1020 601 1318 652 cogitabatur
1350 601 1455 641 illos
1490 601 1791 641 laboraturos

154 676 292 716 fame:
317 676 606 726 compositae
628 680 734 715 sunt
756 674 828 714 1115
849 673 1010 714 diebus
1039 685 1132 713 non
1166 684 1345 724 paucae
1372 673 1491 722 lites,
1516 684 1626 713 nam
1647 678 1691 713 et
1712 684 1789 723 po-

155 753 328 787 strema
351 746 750 798 quadragesimali
767 745 983 785 contione
1001 744 1163 784 habita
1185 756 1212 784 a
1234 743 1373 784 Patre
1394 744 1535 785 Auila
1555 743 1565 763 ¹
1588 755 1790 784 commo-

154 825 228 858 tae
250 823 372 868 sunt,
395 829 490 857 non
511 817 611 857 sine
632 817 845 857 Vbertate
866 815 1217 866 lachrimarum,
1243 821 1444 867 quatuor
1467 821 1546 855 aut
1568 815 1788 867 quinque,

154 896 198 929 et
219 888 402 940 publice
424 888 517 929 alta
540 901 656 929 voce
679 887 1002 928 condonarunt
1019 886 1213 938 injurias
1230 887 1472 938 capitales:
1496 886 1571 927 hic
1590 892 1790 927 mortem

156 960 316 1011 patris,
342 959 416 999 ille
438 960 616 1010 matris,
641 960 718 999 illa
740 959 876 1009 filiae,
899 959 1015 998 haec
1037 970 1150 998 vero
1173 958 1363 1009 sororis3
1388 964 1432 998 et
1453 958 1546 998 alio
1574 958 1663 1009 die,
1687 970 1794 998 sua-

157 1031 293 1071 dente
310 1030 448 1071 Patre
466 1030 700 1081 Goncalez
712 1029 725 1048 ²
742 1030 1000 1070 fraternam
1017 1029 1314 1070 dilectionem
1326 1041 1466 1081 super
1480 1030 1641 1082 quinto
1658 1041 1790 1081 prae-

157 1108 292 1154 cepto
315 1102 542 1153 decalogi,
562 1102 788 1142 emolliuit
811 1101 1040 1142 Dominus
1061 1101 1248 1141 viscera
1270 1100 1529 1153 cujusdam,
1553 1101 1631 1153 qui
1654 1102 1792 1153 alapa

159 1186 325 1214 caesus
336 1173 504 1224 fuerat,
521 1186 640 1225 quae
657 1186 743 1214 nec
760 1173 970 1223 militum,
990 1185 1076 1213 nec
1093 1173 1422 1224 inquisitorum
1437 1185 1602 1225 preces
1619 1174 1793 1213 emolli-

162 1258 211 1286 re
225 1252 489 1297 potuerant,
505 1245 622 1285 adeo
640 1252 706 1295 vt,
721 1250 825 1297 post
842 1245 1158 1296 importunam
1175 1245 1302 1285 litem
1319 1250 1364 1284 et
1380 1245 1573 1296 longam
1585 1245 1796 1285 vexatio-

161 1328 268 1356 nem
283 1323 327 1356 et
345 1327 544 1367 magnas
561 1317 811 1368 impensas,
828 1322 935 1356 ante
949 1316 1125 1356 exitum
1138 1315 1366 1356 ecclesiae
1384 1316 1540 1356 omnia
1557 1316 1794 1357 liberrime

161 1388 368 1428 donauit.
394 1387 622 1439 Denique,
647 1387 955 1427 concionante
976 1385 1114 1427 Patre
1137 1386 1349 1438 Baptista
1366 1385 1396 1438 ³,
1420 1386 1498 1427 diu
1519 1387 1794 1428 dissidentia

161 1459 306 1500 corda
330 1460 556 1499 nobilium
585 1464 923 1509 matronarum,
956 1459 1003 1499 in
1030 1459 1132 1510 ipsa
1168 1459 1383 1509 66616513,
1407 1459 1565 1500 multis
1595 1458 1794 1499 videnti-

161 1531 247 1572 bus
268 1537 311 1571 et
334 1530 691 1581 admirantibus,
716 1531 964 1571 conciliata
986 1536 1108 1570 sunt.

241 1601 416 1642 Habuit
450 1601 498 1642 Ρ.
529 1600 717 1642 Xuarez
751 1600 766 1620 ⁴
791 1602 915 1653 apud
946 1613 1186 1642 carcerem
1213 1602 1450 1653 publicum
1480 1608 1651 1643 octauo
1686 1614 1795 1654 quo—

161 1685 249 1725 que
285 1674 358 1713 die
395 1673 638 1713 contiones
673 1672 729 1713 de
765 1673 1021 1714 christiana
1056 1673 1286 1714 doctrina:
1325 1679 1384 1724 et,
1417 1679 1605 1724 praeter
1631 1674 1792 1725 multa,

162 1756 281 1796 quae
303 1744 461 1785 diuina
483 1745 638 1795 gratia
660 1749 704 1784 et
724 1745 869 1795 ipsius
891 1752 1174 1797 cooperante
1195 1744 1425 1785 industria
1461 1745 1677 1797 expedita
1700 1745 1795 1785 fue-

162 1828 226 1866 re,
250 1816 455 1867 negotia,
479 1815 593 1856 illud
613 1822 682 1856 est
703 1816 894 1856 maximi
914 1816 1135 1868 ponderis
1155 1816 1313 1856 diuino
1330 1816 1494 1857 fauore
1510 1815 1792 1857 confectum:

161 1892 263 1928 erat
283 1887 329 1927 in
350 1887 552 1927 vinculis
574 1886 738 1927 Petrus
759 1887 948 1939 quidam
969 1887 1152 1927 Mendel
1174 1886 1202 1936 ⁵,
1226 1888 1417 1928 natione
1438 1887 1632 1938 flander,
1653 1889 1796 1928 nutri-

161 1965 252 2010 tus,
275 1964 325 1999 ut
347 1959 516 2007 aiebat,
540 1959 600 1999 ad
620 1959 763 2010 pedes
796 1959 986 1999 Martini
1007 1959 1215 2008 Lutheri,
1253 1965 1298 1999 et
1319 1970 1558 1999 venenosa
1588 1957 1795 2010 ejusdem

160 2030 375 2070 doctrina
391 2030 610 2081 imbutus3
633 2030 722 2080 hic,
747 2030 883 2071 morti
904 2030 1168 2080 damnatus,
1201 2041 1308 2070 cum
1336 2038 1458 2070 esset
1488 2030 1561 2070 die
1584 2030 1793 2071 crastino

160 2101 531 2153 suspendendus,
570 2101 835 2142 admonitus
869 2113 1035 2142 sacrae
1063 2102 1342 2142 auricularis
1371 2101 1696 2153 confessionis,
1727 2114 1795 2142 re-

162 2173 349 2225 spondit
384 2173 645 2212 subridens:
682 2173 799 2213 “iam
824 2184 912 2224 ego
941 2172 1142 2213 Domino
1173 2184 1276 2213 meo
1307 2173 1550 2213 confessus
1577 2185 1695 2223 sum,
1721 2174 1797 2214 cui

162 2255 243 2284 cor
265 2255 418 2284 meum
441 2250 485 2284 et
507 2245 684 2284 scelera
720 2255 824 2284 mea
859 2251 964 2285 sunt
993 2251 1120 2295 nota,
1153 2256 1290 2296 quem
1318 2243 1479 2284 fallere
1506 2245 1633 2284 nullo
1654 2244 1795 2285 modo

162 2326 370 2367 possum:
403 2315 513 2367 quid
549 2314 805 2356 confitebor
832 2315 1011 2356 homini
1030 2315 1269 2367 peccatori
1296 2315 1435 2355 simili
1462 2315 1615 2364 mihi?‚,
1641 2315 1795 2356 Voca-

163 2392 238 2427 tus
275 2392 345 2426 est
385 2398 514 2426 more
541 2386 675 2427 solito
707 2386 766 2427 ad
799 2387 951 2438 ipsum
982 2386 1265 2427 audiendum
1305 2386 1444 2427 Pater
1482 2386 1690 2437 Xuarez,
1722 2387 1797 2427 6111

164 2458 262 2509 ipse
283 2458 434 2509 coepit
455 2469 589 2497 suam
610 2458 858 2509 propalare
884 2457 1174 2498 vaesaniam.
1198 2457 1265 2498 Re
1286 2463 1542 2508 comperta,
1568 2457 1797 2498 accedunt

164 2529 224 2570 ad
245 2528 578 2569 confutandum
599 2528 887 2569 haereticum
907 2528 1164 2570 doctissimi
1185 2534 1230 2569 et
1259 2528 1440 2580 egregii
1467 2527 1644 2568 ordinis
1664 2540 1798 2580 prae-

267 2715 303 2742 P.
320 2714 497 2749 Alphonso
511 2722 570 2741 seu
586 2715 714 2742 Basilio
730 2714 770 2742 de
785 2714 903 2742 Avila.

270 2762 306 2790 Ρ.
321 2762 535 2790 Gundisalvo
551 2761 731 2789 Gonzalez.

270 2810 305 2838 P.
321 2809 450 2844 Joanne
465 2810 626 2845 Baptista
641 2809 806 2837 Sanchez.

269 2858 357 2886 Vide
372 2865 489 2893 supra,
503 2865 583 2893 pag.
597 2858 662 2893 377,
677 2861 792 2886 annot.
808 2858 839 2886 11.

268 2906 411 2934 Nomina
425 2906 511 2934 haec
525 2913 590 2933 non
605 2906 740 2940 aperuit
758 2905 939 2940 Gonzalez,
956 2907 1030 2933 litte
1038 2906 1082 2933 ris
1096 2906 1272 2940 hispanice
1287 2906 1437 2940 scriptiS,
1453 2914 1570 2941 supra,
1588 2914 1666 2940 pag.
1687 2906 1751 2933 378.

216 2714 232 2926 ert-0⁸³0—
