2028 3328
826 123 908 160 AN.
940 123 1031 160 1555
1672 123 1742 163 535

107 229 149 262 et
172 233 465 262 communem
489 222 748 261 animarum
778 221 976 260 salutem
1006 220 1312 270 procurandi,
1337 222 1547 270 negociis
1570 222 1633 260 ita
1665 232 1738 261 oc·

106 305 346 344 cupamur,
372 300 434 340 ut,
460 293 697 343 aspirante
720 291 836 341 Deo,
861 291 1029 342 aliquis
1053 291 1157 330 inde
1179 290 1358 330 fructus
1381 302 1564 342 semper
1586 298 1738 332 excat.

184 365 255 404 EX
276 370 541 403 nostrorum
563 363 955 403 scholasticorum
982 373 1176 402 numero
1204 362 1229 400 2
1255 368 1334 402 aut
1361 362 1386 401 3
1416 363 1739 403 adolescentes

108 447 157 475 se
193 435 298 474 huic
328 442 517 474 nostrae
544 434 765 474 Societati
795 434 888 474 iam
916 434 1156 473 uoluntate
1193 439 1333 485 atque
1368 432 1522 473 animo
1555 433 1741 474 addixe-

109 512 230 555 runt,
256 517 305 545 re
327 512 481 545 autem
509 505 609 557 ipsa
639 504 885 555 addicturi,
916 505 954 544 si
976 516 1058 556 per
1080 504 1130 544 T.
1166 503 1219 544 R.
1250 504 1300 544 P.
1330 504 1526 544 licuerit.
1566 504 1741 545 Horum

107 583 259 616 aetate
279 575 526 627 grandior,
551 576 739 616 natione
762 576 988 627 hispanus
1007 607 1014 624 ,
1040 575 1181 615 nobili
1201 586 1376 626 genere
1399 582 1549 625 ortus,
1581 575 1640 615 ad
1662 574 1740 616 So—

105 647 287 687 cietatis
309 647 571 688 institutum
593 647 727 688 ualde
753 653 825 687 est
852 646 1116 698 appositus;
1148 647 1232 687 sed
1260 648 1348 686 hoc
1377 646 1477 686 eius
1508 646 1740 687 desiderio

105 718 309 769 cognito,
333 726 552 769 parentes
574 725 617 758 et
640 719 910 768 familiares,
931 724 1028 758 tum
1046 717 1316 769 lachrymis,
1337 724 1434 757 tum
1451 718 1744 768 pollicitatio-

105 789 256 839 nibus,
281 789 461 829 iuuenis
478 790 688 829 animum
711 802 736 829 a
760 789 997 841 proposito
1020 789 1208 829 student
1231 800 1456 829 auocare:
1481 788 1655 829 frustra
1678 796 1743 829 ta—

108 871 230 911 men,
255 860 441 901 Christo
463 861 632 912 gratia,
657 862 703 901 id
725 868 970 901 conantur.
990 860 1068 900 Ille
1085 860 1222 910 enim,
1243 860 1510 901 huiusmodi
1526 872 1650 900 uana
1668 872 1743 900 ne-

107 931 308 982 gligenS,
332 931 420 972 Dei
443 933 738 972 instinctibus
761 933 1053 982 auscultans,
1082 931 1214 972 breui
1244 932 1366 972 inter
1391 943 1477 972 nos
1505 931 1631 983 cupit
1661 931 1738 972 ad·

106 1003 225 1043 mitti
256 1002 282 1041 ¹.

186 1074 257 1114 Ex
279 1076 435 1115 multis
457 1087 592 1125 uero,
618 1075 696 1126 qui
723 1075 770 1114 in
795 1082 956 1115 nostro
987 1075 1159 1126 templo
1192 1075 1394 1115 confessi
1424 1080 1547 1123 sunt,
1579 1074 1745 1115 mulier

106 1146 352 1197 quaedam,
377 1146 449 1186 cui
473 1154 580 1186 ante
602 1147 745 1186 moris
767 1158 861 1186 non
881 1152 982 1186 erat
1003 1146 1177 1186 nostris
1198 1145 1522 1186 sacerdotibus
1538 1157 1623 1186 sua
1641 1157 1744 1197 pec-

106 1222 211 1256 cata
233 1217 485 1268 denudare,
508 1217 586 1257 ubi
606 1228 770 1257 eorum
790 1217 870 1257 uni
890 1224 1087 1268 peccata
1108 1217 1443 1268 recensuisset,
1469 1222 1599 1257 tanto
1622 1228 1745 1257 com-

104 1288 372 1337 punctionis
399 1288 559 1328 dolore
586 1288 754 1328 affecta
784 1288 888 1338 fuit,
923 1294 971 1328 ut
1007 1288 1183 1329 diceret
1219 1299 1324 1329 eum
1357 1300 1474 1329 saxo
1502 1288 1741 1329 duriorem

104 1369 208 1398 esse
229 1365 468 1410 oportere,
493 1359 571 1410 qui
598 1359 722 1410 apud
742 1371 828 1400 nos
855 1359 1098 1400 confessus
1128 1360 1188 1400 ad
1214 1360 1411 1400 meliora
1438 1371 1532 1400 non
1554 1371 1744 1401 reuoca-

108 1435 251 1470 retur.
284 1429 546 1470 Nonnullae
577 1431 733 1481 etiam,
766 1430 824 1470 ad
856 1431 1044 1482 nuptias
1070 1430 1276 1471 nondum
1298 1437 1578 1483 prouectae,
1610 1443 1634 1471 a
1664 1442 1744 1471 no-

105 1501 215 1541 stris
248 1500 464 1542 Patribus
490 1513 764 1553 persuasae,
797 1508 971 1542 statum
996 1502 1316 1554 perfectionis,
1347 1502 1533 1544 Christo
1565 1514 1650 1543 sua
1681 1503 1745 1543 di-

104 1577 268 1612 cantes
303 1572 446 1612 corda
481 1584 802 1624 corporaque,
840 1573 1121 1625 suscipiunt;
1159 1573 1282 1614 inter
1316 1585 1434 1625 quas
1469 1578 1539 1614 est
1577 1573 1746 1614 nobilis

106 1642 339 1695 quaedam
369 1643 489 1684 Duci
517 1646 531 1665 ‘-'
552 1645 834 1695 cognatione
863 1644 1137 1692 coniuncta,
1159 1656 1280 1696 quae
1313 1645 1564 1697 plurimum
1592 1646 1743 1697 profe—

105 1715 168 1755 cit
197 1715 244 1754 in
270 1715 347 1755 uia
381 1714 571 1755 Domini
607 1721 856 1767 postquam
882 1715 942 1756 ad
969 1722 1158 1756 nostros
1185 1716 1339 1768 coepit
1374 1716 1602 1757 confiteri.
1638 1716 1742 1757 Hac

104 1786 207 1837 ipsa
228 1786 410 1825 ratione
432 1786 655 1826 meretrix
675 1786 929 1838 quaedam,
953 1787 1224 1838 generalem
1250 1787 1593 1828 confessionem
1615 1787 1740 1828 exhi·

106 1857 220 1897 bens
251 1864 390 1908 atque
424 1857 743 1908 iniquissimae
778 1858 902 1897 uitae
931 1858 1214 1907 ualedicens,
1244 1857 1298 1898 R.
1332 1857 1380 1899 P.
1404 1859 1555 1899 nostri
1589 1858 1742 1899 Ludo-

106 1928 200 1968 uici
235 1927 248 1945 ⁵
281 1927 471 1968 hortatu
499 1934 543 1968 et
579 1939 722 1980 opera
753 1929 800 1969 in
832 1929 1181 1969 Conuersarum
1212 1940 1456 1970 numerum
1483 1929 1740 1982 adscripta,

106 1999 230 2051 quod
255 1992 486 2050 reliquum
512 1999 638 2039 uitae
666 2000 934 2051 salubriter,
967 2009 1014 2040 ut
1041 2012 1301 2051 speramus,
1326 1989 1575 2052 transiget.

188 2070 315 2110 Idem
334 2069 474 2110 Pater
496 2070 658 2111 diebus
680 2071 926 2112 dominicis
953 2077 998 2112 et
1023 2072 1156 2112 festis
1184 2073 1419 2113 canticum
1447 2072 1620 2113 B'eatae
1648 2073 1740 2113 Ma-

109 2141 206 2181 riae
227 2141 442 2192 Virginis
463 2141 812 2193 interpretatur.
1506 2153 1508 2155 ’

186 2211 446 2252 Praeterita
469 2212 831 2263 quadragesima
864 2225 970 2253 cum
1000 2214 1189 2266 quidam
1210 2214 1372 2255 habitu
1398 2214 1621 2266 religioso
1651 2214 1742 2255 fra—

108 2289 178 2324 ter
200 2283 461 2323 catholicae
483 2283 588 2324 fidei
609 2285 846 2324 contraria
868 2284 1091 2336 dogmata
1112 2286 1387 2326 concionari
1408 2286 1663 2336 uideretur,
1682 2287 1741 2326 ab

108 2354 271 2395 eodem
293 2354 432 2394 Patre
452 2355 655 2406 primum
675 2357 1000 2408 commonitus,
1024 2357 1190 2398 deinde
1212 2357 1271 2398 ad
1293 2358 1506 2398 coenobii
1530 2357 1742 2398 Priorem

108 2425 304 2476 delatus,
328 2432 433 2477 post
453 2427 727 2467 concionem
747 2428 806 2467 ad
828 2428 1050 2479 populum
1070 2428 1233 2479 literis,
1257 2440 1377 2480 quae
1394 2429 1595 2469 obscura
1613 2428 1741 2469 dixe-

108 2502 196 2547 rat,
220 2496 469 2548 illustrare,
493 2509 611 2549 quae
631 2497 752 2538 salsa
772 2507 1034 2548 recantare,
1058 2506 1251 2540 coactus
1272 2499 1371 2540 fuit.

187 2566 427 2619 Superiori
449 2568 522 2608 die
543 2568 747 2620 quodam
767 2570 814 2609 in
835 2570 939 2610 loco
960 2581 1067 2610 cum
1087 2582 1206 2611 unus
1234 2582 1294 2611 ex
1319 2571 1495 2611 nostris
1523 2571 1741 2612 Patribus

105 2638 331 2690 plurimos
347 2639 522 2679 lusoria
540 2640 704 2680 charta
725 2640 1013 2692 colludentes
1028 2640 1309 2693 offendisset,
1329 2641 1488 2683 habita
1511 2642 1741 2683 concione

163 2846 174 2866 ¹
214 2845 482 2881 christophorus
497 2847 897 2880 Trussillus(Truxillo?).
914 2848 1090 2876 POLANcus
1105 2849 1138 2876 in
1157 2849 1334 2885 Chronico,
1351 2854 1376 2878 t.
1396 2857 1417 2875 v

161 2894 177 2913 2
215 2893 358 2921 Cosmae
374 2894 387 2921 I
402 2894 441 2921 de
457 2894 606 2923 Medicis.

162 2941 178 2961 ⁵
215 2941 381 2969 Ludovici
396 2942 436 2969 de
452 2941 634 2978 Coudreto,
650 2944 818 2971 Rectoris.
