2028 3328
871 83 906 118 A
917 93 952 118 x.
982 81 1076 119 ,1554
1735 81 1805 116 173

244 183 302 222 In
338 186 512 233 quarta
526 180 733 233 pagina,
767 179 866 218 loco
893 177 1334 228 superscmptz‘otzfs.
1363 176 1417 226 Q.
1447 175 1705 227 Saragoza,
1729 176 1798 225 54,

168 253 215 293 19
235 253 399 294 Octob.
425 260 468 293 et
485 252 576 292 An.
688 250 742 301 Q.
766 248 813 290 S.

820 604 1160 660 CCCXXXI

288 835 550 874 Franciscus
571 836 717 884 Scipio

334 902 454 939 Patri
473 902 630 949 Joanni
647 902 700 939 de
721 902 929 940 Polanco.

382 967 593 1013 Bononia,
616 968 660 1005 15
681 967 941 1005 Novembris
966 966 1055 1003 1554
1075 965 1099 1001 ¹.

943 1121 1040 1198 nis

598 1321 880 1361 Franciscus
901 1319 1057 1370 Scipio
1082 1318 1127 1358 P.
1154 1317 1378 1357 Polanc0.

941 1389 1001 1431 .S.
1025 1390 1039 1409 ²

250 1534 404 1575 Pridie
426 1547 575 1575 nonas
597 1534 891 1585 Nouembris,
929 1534 1058 1574 horis
1093 1532 1429 1583 pomeridianis
1465 1531 1508 1582 (a
1539 1536 1812 1571 nostrorum

168 1606 292 1647 enim
312 1606 574 1646 studiorum
601 1606 908 1646 renouatione
930 1605 1152 1655 exordiri,
1175 1604 1239 1644 mi
1268 1603 1421 1654 Pater,
1448 1602 1606 1653 volui),
1636 1613 1811 1653 magna

169 1678 394 1729 cuiusque
425 1678 602 1718 ordinis
629 1677 893 1729 frequentia
927 1677 1114 1717 habitae
1145 1683 1253 1716 sunt
1287 1675 1525 1715 orationes
1554 1680 1758 1725 quatuor
1780 1671 1810 1710 ⁵.

169 1748 326 1790 Prima
347 1749 433 1789 fuit
455 1749 500 1788 in
523 1749 782 1799 sapientiae
803 1749 990 1788 laudem
1012 1760 1039 1788 a
1060 1747 1227 1788 Fratre
1250 1753 1412 1786 nostro
1437 1745 1649 1797 Baptista
1671 1743 1686 1762 ⁴
1707 1756 1815 1796 pro·

168 1820 396 1861 nuntiata:
435 1822 582 1860 altera
617 1820 673 1860 de
707 1819 1008 1860 uerecundia:
1048 1819 1185 1859 tertia
1214 1824 1380 1858 contra
1410 1817 1648 1867 publicam
1684 1816 1807 1856 hanc

169 1891 424 1932 iuuentutis
457 1891 811 1931 institutionem:
844 1896 1011 1941 quarta
1042 1895 1207 1929 contra
1242 1888 1478 1940 priuatam
1508 1893 1552 1927 et
1588 1886 1810 1927 domesti-

169 1974 275 2004 cam
294 1962 650 2003 institutionem:
675 1967 911 2012 postrema
934 1961 990 2001 de
1011 1960 1349 2000 taciturnitate:
1383 1970 1503 2010 quae
1532 1969 1695 1998 omnes
1715 1957 1814 1997 fere

168 2034 397 2075 foeliciter
438 2033 623 2074 fuerunt
665 2039 934 2084 peroratae3
967 2032 1182 2084 quamuis
1213 2031 1479 2071 oratoribus
1513 2036 1558 2070 et
1595 2029 1811 2080 angustia

168 2106 259 2146 loci
280 2111 326 2145 et
347 2105 572 2156 temporis
594 2104 842 2156 plurimum
864 2103 1131 2144 detrimenti
1154 2102 1374 2143 attulerit.
1400 2101 1519 2142 Nam
1541 2101 1643 2151 etsi,
1663 2099 1817 2151 parie-

169 2182 214 2217 te
237 2175 438 2228 quodam
460 2175 656 2225 deiecto,
680 2186 740 2215 ex
760 2174 940 2215 duobus
963 2175 1169 2226 amplum
1186 2173 1490 2225 gymnasium
1508 2171 1816 2220 confecimus,

170 2260 264 2288 non
285 2248 435 2299 potuit
456 2253 613 2287 tamen
641 2258 811 2298 capere
844 2246 1188 2287 multitudinem
1223 2245 1506 2284 auditorum.
1538 2243 1820 2284 Oratoribus

171 2319 394 2371 permixti
415 2325 522 2358 sunt
543 2322 723 2369 poetae,
748 2317 826 2369 qui
853 2329 938 2357 sua
969 2326 1012 2357 et
1035 2316 1414 2369 pronuntiatione
1445 2322 1490 2355 et
1512 2321 1654 2354 cantu
1675 2315 1815 2366 pluri-

171 2402 298 2431 mum
319 2390 671 2430 delectauerunt
688 2394 733 2429 et
755 2395 1126 2429 commouerunt.
1151 2388 1226 2428 Ad
1248 2388 1365 2427 haec
1389 2393 1494 2427 acta
1530 2386 1616 2426 fuit
1637 2386 1816 2436 Ecloga

172 2527 209 2554 P.
225 2526 412 2554 Francisco
426 2525 553 2553 Strada
569 2525 703 2559 Burgis,
719 2528 755 2551 ut
772 2525 902 2552 itineris
929 2525 1068 2555 socium.
1092 2524 1406 2557 Caesaraugustam
1429 2523 1574 2550 venisse.
1590 2523 1720 2550 Verum
1742 2529 1818 2549 cum

170 2575 256 2602 haec
272 2574 470 2609 conjectura
483 2574 572 2600 nullo
589 2576 683 2599 certo
699 2572 790 2599 illius
807 2572 970 2606 temporis
986 2573 1178 2599 testimonio
1195 2572 1375 2605 innitatur,
1391 2571 1562 2598 affirmare
1577 2575 1671 2597 certo
1683 2577 1748 2597 non
1763 2577 1823 2597 au-

172 2622 302 2650 demuS.

229 2671 236 2689 ¹
278 2668 527 2703 Autographae
542 2668 575 2695 in
591 2668 717 2702 duplici
735 2668 826 2699 solio.
842 2675 897 2696 nn.
913 2668 949 2695 86
963 2673 995 2695 ct
1012 2668 1057 2694 87.

226 2718 240 2736 ²
278 2716 441 2744 Salutem.

226 2766 240 2783 5¹·
278 2764 439 2798 ,Quatuor
453 2763 578 2791 dicitur
592 2763 624 2790 in
641 2766 749 2796 textu;
765 2763 825 2790 sed
846 2762 935 2790 infra
958 2762 1021 2789 hoc
1040 2763 1182 2790 verbum
1199 2762 1347 2789 obducta
1363 2765 1413 2789 est
1429 2762 1529 2796 linea,
1545 2765 1578 2788 ct
1604 2761 1635 2788 in
1664 2760 1822 2794 margine

171 2813 317 2840 chartae
332 2811 458 2838 dicitur
474 2811 638 2844 quinque,
654 2814 688 2837 et
712 2809 900 2845 significari
916 2810 1053 2837 videtur
1077 2810 1294 2837 scribendum
1316 2810 1470 2843 quinque
1498 2816 1559 2843 pro
1574 2810 1738 2842 quatuor.
1755 2807 1820 2834 Po-

174 2866 303 2886 LANCUS
317 2859 351 2886 in
368 2857 547 2891 Chronico,
561 2857 640 2884 dum
656 2857 742 2884 haec
755 2857 985 2891 transcripsit,
1001 2857 1113 2891 posuit
1133 2856 1281 2884 multae.
1297 2856 1334 2883 T.
1350 2864 1396 2890 ιν,
1412 2864 1491 2891 pag.
1508 2855 1569 2889 113,
1586 2862 1618 2882 n.
1640 2854 1701 2883 217.

229 2907 245 2928 Α
281 2905 391 2941 Hujus
406 2905 492 2933 nihil
505 2908 645 2939 praeter
659 2911 781 2932 nomen
796 2904 967 2932 novimus.
