2028 3328
180 121 252 157 2142
696 122 922 161 LITTERAE
949 135 1306 168 QUADRiMEsrREs

183 229 292 257 raro
321 225 495 269 patres,
520 220 744 271 iurantes,
774 229 1057 272 reuerentes,
1082 224 1207 262 uelut
1239 223 1391 262 edocti
1413 228 1534 272 sunt,
1569 222 1816 274 reprehen-

185 289 298 329 dant
333 296 377 330 et
406 290 667 341 cohibeant,
698 291 831 332 flexis
860 293 1057 343 genibus
1088 305 1145 332 ne
1180 293 1332 332 iurent
1367 293 1683 342 obsecranteS,
1722 294 1816 333 ani-

185 360 623 413 maduertentesque
646 375 703 402 ex
719 374 774 403 eo
797 364 1004 403 diuinam
1025 364 1320 403 maiestatem
1336 375 1429 403 non
1447 375 1612 415 parurn
1630 363 1815 403 offendi.

186 431 317 482 Quae
353 433 530 473 monita
565 440 662 473 tum
698 435 806 485 quia
840 435 1171 474 honestissima
1206 439 1332 485 sunt,
1365 440 1463 474 tum
1499 435 1607 486 quia
1641 445 1815 486 magna

183 503 299 543 fiunt
332 505 599 563 urbanitate
631 512 674 545 et
705 506 983 555 reuerentia,
1014 505 1209 544 libenter
1232 506 1513 555 auscultant,
1539 517 1641 546 sese
1663 518 1816 557 repre-

181 575 404 624 hendunt,
426 588 481 616 ac
498 577 544 616 in
561 583 801 628 posterum
818 577 1080 616 iuramenta
1097 576 1330 616 uitaturos
1346 576 1639 627 pollicentur.
1664 576 1817 628 Quan-

179 653 255 686 tae
277 647 518 688 hominum
539 648 837 699 ignorantiae
859 648 947 688 hac
970 647 1306 687 exercitatione
1327 648 1584 698 medeatur,
1606 649 1692 688 soli
1709 659 1816 688 con-

181 717 366 757 fessarii
389 725 603 769 noscunt,
629 719 706 770 qui
731 724 870 758 antea
892 730 1077 758 errores
1112 719 1437 770 apertissimos
1464 719 1511 759 in
1532 719 1588 760 iis
1610 720 1688 771 qui
1710 731 1815 760 con—

182 788 432 829 fitebantur
482 789 913 840 deprehendebant.
957 789 1124 829 Frater
1169 790 1361 841 quidam
1405 790 1668 830 doctrinam
1707 799 1820 830 natu

184 860 516 910 grandioribus
537 861 887 912 interpretatur,
912 872 1050 912 quem
1076 867 1126 901 ut
1148 861 1339 901 audiant
1361 869 1647 902 concurrunt
1672 862 1819 910 multi;

187 938 408 982 acceptus
431 933 554 972 enim
576 939 644 972 est
665 932 811 972 frater
832 932 908 972 hic
930 933 1100 973 mirum
1122 933 1169 972 in
1190 934 1379 973 modum
1400 933 1715 984 audientibus;
1740 935 1821 974 sed

186 1002 357 1053 dignus
380 1010 448 1043 est
470 1004 680 1054 profecto
702 1015 796 1044 non
818 1008 1000 1044 tantum
1021 1016 1140 1054 meo,
1165 1005 1247 1044 sed
1275 1005 1372 1045 fere
1403 1005 1609 1045 omnium
1631 1005 1818 1056 iudicio,

187 1074 265 1125 qui
294 1075 476 1114 cunctis
504 1076 741 1126 probetur:
774 1081 933 1115 tantus
955 1076 1054 1116 eius
1076 1082 1145 1115 est
1166 1076 1213 1116 in
1244 1076 1441 1117 dicendo
1464 1076 1670 1128 spiritus,
1695 1077 1820 1117 zelus

184 1151 229 1184 et
250 1157 398 1196 amor,
423 1152 471 1185 ut
494 1147 610 1186 alias
632 1146 763 1186 dotes
784 1153 1096 1197 praeteream.
1120 1147 1259 1187 Faxit
1278 1147 1437 1187 diuina
1454 1148 1640 1188 bonitas
1657 1155 1721 1196 ut,
1747 1159 1820 1188 ue-

185 1216 268 1255 luti
290 1228 395 1256 eum
416 1217 628 1268 partibus
650 1218 708 1257 ad
730 1218 819 1257 hoc
840 1218 1150 1258 ministerium
1172 1219 1430 1259 commodis
1452 1219 1628 1259 donare
1659 1219 1819 1270 digna-

183 1292 274 1338 tur,
300 1288 435 1328 simul
455 1289 659 1339 gratiam
680 1295 885 1340 praestet
907 1291 948 1329 ei
970 1289 1029 1330 ad
1050 1290 1153 1341 hoe,
1177 1296 1227 1330 ut
1248 1290 1295 1330 in
1315 1290 1467 1342 ipsum
1485 1302 1629 1331 unum
1652 1296 1821 1331 cuncta

185 1359 372 1409 referat,
398 1365 446 1399 ut
468 1371 561 1400 non
582 1361 734 1400 minor
753 1361 795 1400 ei
816 1361 996 1401 fructus
1017 1362 1266 1412 proueniat
1293 1374 1351 1402 ex
1380 1362 1468 1401 hoc
1500 1373 1655 1413 opere,
1680 1373 1821 1413 quam

188 1430 292 1469 aliis
314 1441 421 1470 eum
442 1432 751 1472 audientibus.
777 1431 943 1472 Patres
971 1444 1199 1484 persaepe
1234 1439 1464 1473 uocantur
1491 1439 1541 1473 ut
1569 1433 1822 1473 morientes

188 1500 424 1552 adiuuent,
450 1503 573 1554 quod
595 1503 751 1543 multis
772 1504 1037 1544 nominibus
1055 1510 1125 1544 est
1142 1504 1450 1544 fructuosum.
1473 1503 1612 1544 Pater
1633 1504 1823 1556 quidam

187 1573 494 1613 concionatus
530 1580 600 1613 est
634 1575 723 1615 hac
751 1575 1115 1626 quadragesima
1149 1575 1194 1615 in
1218 1575 1389 1627 oppido
1411 1575 1614 1627 quodam
1635 1575 1823 1616 Concae

188 1643 360 1694 uicino,
384 1650 428 1684 et
449 1644 610 1696 frater,
635 1657 771 1697 quem
793 1657 952 1686 secum
973 1646 1224 1697 deferebat,
1247 1647 1403 1687 docuit
1420 1647 1684 1687 doctrinam
1705 1646 1822 1687 chri·

188 1714 406 1765 stianam,
431 1727 525 1755 non
546 1722 726 1757 tantum
748 1729 841 1767 eos,
866 1718 943 1769 qui
969 1718 1016 1758 in
1050 1730 1105 1758 eo
1135 1717 1304 1770 oppido
1327 1718 1572 1769 degebant,
1597 1729 1760 1758 uerum
1781 1723 1825 1757 et

188 1785 320 1835 alios,
344 1787 421 1837 qui
442 1788 611 1838 oppida
630 1789 784 1828 uicina
805 1789 1094 1830 habitabant.

269 1857 326 1897 Et
342 1864 390 1897 ut
408 1858 500 1898 iam
517 1858 573 1899 de
592 1860 861 1901 domesticis
880 1862 1116 1902 exercitiis
1134 1862 1288 1914 aliqua
1306 1862 1474 1913 dicam,
1493 1862 1656 1902 eodem
1672 1861 1823 1902 feruo-

190 1939 239 1967 re
261 1928 500 1970 litterariis
523 1931 941 1973 exercitationibus
961 1932 1133 1973 fratres
1155 1933 1445 1973 incumbunt.
1469 1932 1714 1973 Habentur
1734 1932 1820 1972 fre-

187 2005 384 2049 quenter
406 2002 657 2053 orationes,
682 2003 995 2044 defenduntur
1008 2005 1309 2055 assertiones,
1332 2004 1489 2045 multis
1506 2016 1564 2044 ex
1580 2003 1822 2044 scholasti-

189 2070 258 2110 cis
282 2073 489 2112 externis
511 2074 570 2113 ad
591 2085 672 2114 eas
695 2075 1051 2115 confluentibus.
1081 2075 1240 2127 Nuper
1272 2076 1454 2127 accepti
1484 2080 1592 2115 sunt
1619 2080 1715 2114 tres
1735 2073 1824 2114 fra-

189 2147 300 2192 tres,
324 2154 522 2193 quorum
549 2145 742 2196 primus,
774 2158 923 2187 annos
948 2146 996 2186 16
1021 2151 1174 2197 natus,
1198 2147 1245 2186 in
1272 2146 1627 2187 humanioribus
1655 2145 1823 2185 litteris

190 2213 487 2254 mediocriter
508 2222 578 2255 est
591 2216 814 2257 eruditus.
834 2216 1118 2268 Degustauit
1136 2229 1319 2269 quoque
1338 2218 1627 2269 aliquantum
1644 2217 1823 2256 litteras

190 2293 406 2334 graecas,
431 2292 472 2326 et
496 2287 590 2327 iam
611 2288 937 2340 philosophiae
961 2289 1041 2329 dat
1070 2300 1277 2340 operam3
1302 2289 1424 2329 inter
1446 2289 1553 2338 alia,
1582 2288 1822 2340 praeditus

193 2361 262 2394 est
282 2355 472 2406 ingenio
494 2358 609 2398 satis
631 2365 785 2399 acuto.
818 2359 913 2400 Alii
934 2371 1118 2412 quoque
1142 2360 1232 2400 duo
1268 2360 1365 2400 suis
1393 2360 1578 2400 dotibus
1600 2360 1820 2400 decoran-

192 2431 281 2464 tur,
312 2426 494 2468 Feruor
527 2429 574 2468 in
609 2430 930 2480 spiritualibus
965 2431 1204 2471 exercitiis
1239 2431 1409 2471 crescit
1444 2431 1560 2471 adeo
1596 2437 1646 2471 ut
1680 2431 1822 2471 multo

193 2499 540 2539 necessariores
561 2500 773 2541 habenae
799 2501 891 2541 sint
913 2513 1054 2553 quam
1080 2502 1304 2559 calcaria.
1333 2501 1662 2552 Magnificetur
1692 2500 1822 2542 Chri-

192 2571 306 2617 stus,
331 2579 356 2607 a
380 2580 469 2619 quo
490 2571 677 2621 profluit
699 2583 835 2612 omne
855 2572 1043 2613 bonum.
1077 2572 1331 2625 Splendent
1358 2573 1405 2612 in
1430 2573 1486 2612 iis
1508 2572 1823 2612 dilectissimis

193 2635 416 2678 fratribus
437 2641 553 2680 meis
576 2641 856 2694 obedientia,
881 2644 1048 2694 oratio,
1072 2643 1384 2694 mortificatio,
1417 2643 1597 2694 religio,
1622 2655 1678 2684 ac
1700 2643 1820 2683 deni-

194 2719 283 2757 que
304 2709 603 2759 perfectionis
625 2713 776 2753 omnis
799 2714 1178 2755 ardentissimum
1205 2714 1517 2766 desyderium.
1541 2713 1824 2754 Declaratur

194 2785 357 2827 aperte
379 2792 519 2830 quam
540 2782 730 2823 uberem
750 2785 958 2834 gratiam
979 2785 1183 2837 Spiritus
1203 2784 1404 2826 Sanctus
1428 2785 1495 2825 eis
1515 2785 1563 2825 in
1584 2796 1669 2825 sua
1687 2796 1822 2825 uoca-

195 2847 321 2887 tione
343 2850 587 2902 largiatur,
611 2854 686 2892 cui
709 2855 869 2902 (ueluti
902 2866 1199 2907 summopere
1221 2855 1369 2906 decet)
1402 2855 1686 2895 conformari
1715 2855 1824 2895 totis

196 2917 373 2958 uiribus
410 2920 633 2962 nituntur.
675 2922 817 2975 Deus,
856 2926 987 2966 cuius
1028 2927 1203 2966 auxilio
1247 2926 1306 2966 ad
1342 2927 1457 2967 haec
1492 2932 1823 2977 peruenerunt,
