2028 3328
852 122 934 159 AN.
966 122 1057 158 1555
1703 121 1774 158 557

138 234 214 266 tae
261 224 578 265 conscientiae
622 220 808 272 gaudiis
848 218 1186 270 propemodum
1226 217 1632 268 inexplicabilibus
1674 229 1770 267 per-

137 298 355 337 vfruuntur
378 296 497 335 inter
519 294 714 333 vulnera
736 289 1012 342 pientissimi
1033 289 1145 341 Jesu
1167 295 1211 328 et
1234 288 1378 327 vbera
1400 288 1771 337 gloriosissimae

140 368 228 408 Dei
249 366 517 413 Genitricis,
542 364 599 404 ad
623 363 753 403 cuius
774 360 1043 401 felicissima
1065 358 1299 410 praesidia
1319 370 1500 397 summa
1519 358 1769 397 deuotione

141 439 468 488 confugerant,
494 435 821 485 accipiuntque
845 444 870 471 a
893 431 1067 471 nostris
1089 430 1296 469 melioris
1314 429 1438 468 vitae
1458 430 1631 468 monita
1655 430 1773 468 salu-

141 510 276 550 taria.
301 508 506 559 Singulis
528 518 641 546 vero
659 505 820 545 diebus
837 501 1086 543 dominicis
1104 507 1147 540 et
1165 500 1295 540 festis
1314 513 1371 539 ex
1389 499 1556 539 vicinis
1575 500 1771 539 ciuitati-

139 583 224 621 bus
246 586 290 619 et
312 579 493 631 oppidis
516 578 708 617 veniunt
730 576 859 615 multi
882 572 941 614 ad
962 585 1063 622 nos,
1088 584 1180 612 non
1202 572 1352 611 solum
1375 571 1771 622 peregrinationis

138 652 309 700 gratia,
334 649 414 689 scd
437 650 576 689 etiam
598 655 647 688 vt
666 647 913 698 generales
935 643 1254 684 confessiones
1271 642 1463 691 faciant,
1488 650 1537 681 vt
1557 642 1601 681 in
1624 648 1774 691 poste-

141 735 242 762 rum
265 722 440 773 puriori
463 719 749 760 conscientia
772 725 814 758 et
842 723 971 757 certa
998 716 1115 755 bene
1146 713 1338 754 Viuendi
1369 714 1549 753 ratione
1577 713 1676 752 Deo
1700 713 1773 752 de·

140 793 363 841 semiana
386 803 477 843 quo
500 792 639 830 etiam
661 790 709 830 fit
732 795 779 829 vt
801 800 893 828 non
912 786 1050 838 pauci
1067 786 1157 825 Viri
1175 792 1218 825 et
1241 785 1474 832 muliereS,
1495 784 1773 835 praesertim

142 863 365 914 virgines,
391 862 565 902 relictis
587 861 731 901 seculi
752 858 1095 905 blandimentis,
1120 856 1220 896 Deo
1244 868 1293 895 se
1310 855 1590 903 deuoueant,
1615 861 1658 894 et
1677 861 1773 906 tan-

143 936 262 985 dem,
287 935 520 985 superatis
542 931 904 980 difficultatibus,
929 935 1220 968 consecrent.

224 1006 355 1046 Multi
377 1006 532 1052 etiam,
566 1010 815 1054 antequam
839 1013 864 1041 a
893 1000 1024 1040 nobis
1052 998 1290 1048 recedant,
1321 998 1593 1049 asperrimis
1621 999 1773 1048 poeni-

142 1078 300 1118 tentiis
327 1084 371 1116 et
398 1076 551 1116 Deum
578 1076 767 1126 placant
795 1079 838 1112 et
866 1070 1200 1112 nefandissima
1231 1070 1429 1109 crimina
1461 1069 1656 1109 diluunt.
1694 1069 1776 1109 Est

143 1149 265 1189 enirn
283 1149 400 1188 haec
422 1148 545 1187 alma
563 1146 726 1185 domus
745 1143 927 1183 sentina
944 1148 988 1182 et
1005 1142 1354 1193 receptaculum
1372 1140 1661 1180 nefariorum
1679 1152 1775 1181 sce-

142 1222 291 1260 lerum
311 1220 454 1259 totius
477 1216 849 1265 christianitatis;
873 1226 965 1254 non
985 1213 1108 1265 quod
1131 1213 1176 1252 in
1200 1225 1254 1252 ea
1276 1213 1386 1252 talia
1407 1212 1773 1258 committantur,

144 1298 222 1331 aut
243 1291 321 1331 diu
343 1302 436 1330 non
458 1290 614 1329 abluta
636 1292 959 1339 permaneant;
978 1285 1060 1325 sed
1076 1291 1126 1324 vt
1144 1285 1190 1324 in
1207 1284 1328 1324 illius
1347 1284 1482 1323 domo
1501 1284 1661 1323 mundi
1678 1295 1774 1324 sce-

143 1364 239 1402 lera
270 1363 535 1408 abluantur,
568 1371 649 1410 per
681 1369 820 1410 quam
852 1357 940 1397 sibi
970 1355 1294 1396 reconciliauit
1326 1357 1597 1406 prolapsum
1625 1366 1776 1405 genus

142 1435 413 1474 humanum.
438 1431 540 1472 Non
563 1431 705 1482 igitur
723 1429 1034 1479 dedignantur
1051 1427 1192 1467 etiam
1206 1426 1483 1466 nobilissimi
1505 1426 1675 1477 quique
1688 1426 1776 1477 pri-

142 1506 264 1545 uatis
285 1511 328 1544 et
351 1504 547 1555 publicis
568 1500 827 1552 disciplinis
849 1510 1020 1550 corpus
1041 1510 1177 1538 suum
1199 1504 1415 1548 atterere,
1436 1506 1479 1537 et
1498 1509 1683 1537 omnem
1696 1497 1777 1538 hu-

143 1588 334 1617 manum
362 1575 580 1614 ruborem
606 1572 854 1623 deponere,
886 1582 976 1622 quo
1008 1575 1217 1621 optatam
1247 1569 1642 1620 grauissimorum
1672 1581 1777 1620 pec-

143 1655 357 1688 catorum
379 1646 565 1685 veniam
586 1645 775 1683 valeant
797 1641 1008 1692 adipisci,
1039 1652 1179 1692 quam
1202 1647 1246 1680 et
1275 1647 1624 1691 consequuntur
1646 1647 1777 1680 tanta

145 1719 356 1759 cordium
378 1716 679 1763 exultatione,
704 1720 754 1753 vt
776 1719 880 1764 post
903 1711 1123 1763 egregias
1142 1711 1366 1751 victorias
1389 1711 1445 1751 cle
1467 1723 1624 1761 carne,
1649 1723 1777 1751 mun-

145 1790 204 1830 do
231 1796 276 1830 et
304 1789 488 1829 diabolo
520 1786 718 1834 habitas,
751 1784 942 1823 veniant
970 1783 1029 1822 ad
1060 1794 1147 1822 nos
1182 1794 1289 1822 cum
1326 1783 1566 1822 lachrimis
1596 1783 1778 1833 gratias

144 1872 352 1901 summas
373 1865 581 1910 agentes,
607 1857 729 1909 quod
746 1862 841 1896 tam
862 1854 1145 1895 salutaribus
1167 1854 1331 1893 mediis
1349 1854 1437 1893 illis
1454 1855 1668 1903 salutem,
1690 1855 1779 1894 lae-

145 1932 310 1981 titiam,
335 1930 539 1981 gratiam
561 1935 604 1968 et
625 1928 824 1978 gloriam
847 1925 1180 1977 pepererimus;
1207 1925 1587 1976 constituantque
1608 1925 1690 1964 tali
1707 1925 1780 1965 die

147 2003 344 2054 singulis
366 2001 499 2041 annis
520 2000 567 2039 in
589 1999 865 2039 memoriam
893 1997 1010 2036 tanti
1038 1995 1249 2036 beneficii
1277 2007 1465 2036 sacram
1496 1995 1780 2036 communio·

146 2086 252 2115 nem
274 2073 497 2124 recipere,
522 2077 565 2110 et
586 2069 758 2110 diuinis
789 2068 951 2108 officiis
977 2067 1078 2107 Deo
1108 2067 1260 2107 laudis
1287 2074 1331 2107 et
1351 2067 1617 2118 gratiarum
1639 2067 1780 2107 actio-

147 2146 220 2186 nis
235 2144 414 2185 hostias
435 2142 693 2182 immolare.

229 2215 375 2256 Paces
396 2215 536 2254 etiam
558 2213 677 2252 inter
699 2211 940 2252 discordes
962 2217 1068 2250 sunt
1092 2210 1260 2259 factae,
1286 2215 1382 2249 tam
1410 2209 1454 2248 in
1488 2209 1684 2259 priuatis
1705 2220 1780 2248 ex-

148 2285 492 2328 hortationibus
509 2295 648 2336 quam
671 2283 717 2323 in
739 2281 1126 2330 confessionibus,
1152 2292 1244 2320 non
1267 2281 1366 2320 sine
1389 2291 1560 2330 magna
1594 2279 1782 2320 affluen-

148 2360 213 2400 tia
234 2358 419 2398 diuinae
436 2355 634 2407 gratiae,
654 2366 773 2405 quae
790 2359 835 2393 et
855 2353 986 2393 nobis
1004 2351 1321 2392 confitentium
1339 2358 1382 2390 et
1397 2352 1600 2402 partium
1620 2350 1781 2391 aduer-

148 2441 308 2471 sarum
329 2427 473 2468 corda
490 2427 553 2466 ita
573 2425 818 2476 permonst,
842 2431 892 2464 vt
908 2429 1012 2475 post
1028 2434 1179 2474 pauca
1201 2422 1345 2462 verba
1363 2421 1542 2462 ruerint
1557 2421 1604 2462 in
1622 2422 1783 2462 oscula

149 2507 194 2541 et
214 2499 510 2540 dulcissimas
537 2497 807 2548 lachrymas
835 2495 956 2535 inter
983 2505 1154 2534 suaues
1181 2494 1443 2544 amplexus,
1473 2493 1538 2533 ita
1569 2499 1620 2533 vt
1641 2493 1785 2533 etiam

152 2571 393 2613 adstantes
414 2567 731 2621 permouerint
757 2566 815 2606 ad
838 2567 1006 2606 vberes
1034 2564 1305 2616 lachrymas
1333 2564 1563 2604 scintillae
1585 2564 1693 2604 illae
1720 2564 1783 2604 di-

150 2643 287 2683 uinae
310 2640 570 2690 charitatis,
594 2644 929 2690 promanantes
955 2649 1014 2676 ex
1036 2636 1218 2676 actibus
1244 2641 1404 2676 tantae
1424 2635 1626 2687 pietatis.
1650 2634 1785 2687 Quod

150 2714 190 2754 si
220 2714 336 2754 alter
363 2724 422 2752 ex
449 2709 744 2751 discordibus
773 2707 974 2748 inueniri
1004 2718 1099 2747 non
1125 2706 1289 2758 possit,
1320 2705 1487 2746 damus
1515 2717 1709 2757 operam
1734 2712 1786 2746 vt

152 2785 229 2836 qui
249 2784 385 2824 nobis
405 2782 652 2823 confitetur
673 2792 757 2821 suo
788 2781 891 2819 loco
914 2785 958 2819 et
985 2785 1194 2829 tempore
1217 2783 1444 2828 congerat
1467 2777 1699 2818 carbones
1719 2778 1784 2818 in-

152 2866 319 2896 censos
336 2854 382 2894 in
400 2861 539 2905 caput
557 2852 747 2892 inimici.
767 2850 894 2891 Solet
910 2856 1067 2890 autem
1082 2849 1310 2889 Dominus
1328 2848 1590 2889 vberrimos
1606 2848 1786 2890 fructus

154 2939 213 2967 ex
230 2926 319 2966 hoc
338 2924 576 2978 perfectae
596 2922 783 2975 pietatis
803 2920 952 2962 officio
969 2920 1239 2972 frequenter
1257 2919 1494 2970 colligere;
1513 2925 1557 2960 et
1573 2926 1625 2960 vt
1642 2931 1787 2961 vnum
