<?xml version="1.0" encoding="UTF-8"?>
<!DOCTYPE html PUBLIC "-//W3C//DTD XHTML 1.0 Transitional//EN"
    "http://www.w3.org/TR/xhtml1/DTD/xhtml1-transitional.dtd">
<html xmlns="http://www.w3.org/1999/xhtml" xml:lang="en" lang="en">
 <head>
  <title>
</title>
<meta http-equiv="Content-Type" content="text/html;charset=utf-8" />
  <meta name='ocr-system' content='tesseract 3.04.00' />
  <meta name='ocr-capabilities' content='ocr_page ocr_carea ocr_par ocr_line ocrx_word'/>
</head>
<body>
  <div class='ocr_page' id='page_1' title='image "./litteraequadrime1503lain_0060.png"; bbox 0 0 2028 3328; ppageno 0'>
   <div class='ocr_carea' id='block_1_1' title="bbox 175 101 1286 144">
    <p class='ocr_par' dir='ltr' id='par_1_1' title="bbox 175 101 1286 144">
     <span class='ocr_line' id='line_1_1' title="bbox 175 101 1286 144; baseline -0.004 -4"><span class='ocrx_word' id='word_1_1' title='bbox 175 104 223 140; x_wconf 73' lang='lat'>54</span> <span class='ocrx_word' id='word_1_2' title='bbox 688 101 913 139; x_wconf 68' lang='lat' dir='ltr'>LITTERAE</span> <span class='ocrx_word' id='word_1_3' title='bbox 929 109 1286 144; x_wconf 78' lang='lat' dir='ltr'><strong>QUADRIMESTRES</strong></span> 
     </span>
    </p>
   </div>
   <div class='ocr_carea' id='block_1_2' title="bbox 170 192 1835 2521">
    <p class='ocr_par' dir='ltr' id='par_1_2' title="bbox 176 192 1835 887">
     <span class='ocr_line' id='line_1_2' title="bbox 179 192 1809 248; baseline -0.003 -9"><span class='ocrx_word' id='word_1_4' title='bbox 179 200 339 248; x_wconf 90' lang='lat' dir='ltr'>simae,</span> <span class='ocrx_word' id='word_1_5' title='bbox 361 206 457 239; x_wconf 90' lang='lat' dir='ltr'>tum</span> <span class='ocrx_word' id='word_1_6' title='bbox 475 199 578 239; x_wconf 91' lang='lat' dir='ltr'>aliis</span> <span class='ocrx_word' id='word_1_7' title='bbox 595 198 733 238; x_wconf 87' lang='lat' dir='ltr'>etiam</span> <span class='ocrx_word' id='word_1_8' title='bbox 750 197 1050 248; x_wconf 82' lang='lat' dir='ltr'>temporibus,</span> <span class='ocrx_word' id='word_1_9' title='bbox 1072 202 1120 236; x_wconf 92' lang='lat' dir='ltr'>vt</span> <span class='ocrx_word' id='word_1_10' title='bbox 1137 207 1220 236; x_wconf 91' lang='lat' dir='ltr'>sex</span> <span class='ocrx_word' id='word_1_11' title='bbox 1237 195 1361 235; x_wconf 90' lang='lat' dir='ltr'>sacri</span> <span class='ocrx_word' id='word_1_12' title='bbox 1378 193 1666 233; x_wconf 73' lang='lat' dir='ltr'>auriculares</span> <span class='ocrx_word' id='word_1_13' title='bbox 1685 192 1711 244; x_wconf 89' lang='lat'>¹,</span> <span class='ocrx_word' id='word_1_14' title='bbox 1732 194 1809 245; x_wconf 92' lang='lat' dir='ltr'>qui</span> 
     </span>
     <span class='ocr_line' id='line_1_3' title="bbox 177 264 1808 319; baseline -0.004 -9"><span class='ocrx_word' id='word_1_15' title='bbox 177 276 287 310; x_wconf 87' lang='lat' dir='ltr'>tunc</span> <span class='ocrx_word' id='word_1_16' title='bbox 315 269 530 319; x_wconf 88' lang='lat' dir='ltr'>aderant,</span> <span class='ocrx_word' id='word_1_17' title='bbox 563 270 775 309; x_wconf 86' lang='lat' dir='ltr'>omnibus</span> <span class='ocrx_word' id='word_1_18' title='bbox 805 268 1035 319; x_wconf 92' lang='lat' dir='ltr'>profecto,</span> <span class='ocrx_word' id='word_1_19' title='bbox 1060 267 1138 318; x_wconf 91' lang='lat' dir='ltr'>qui</span> <span class='ocrx_word' id='word_1_20' title='bbox 1166 267 1255 306; x_wconf 94' lang='lat' dir='ltr'>huc</span> <span class='ocrx_word' id='word_1_21' title='bbox 1285 264 1645 314; x_wconf 87' lang='lat' dir='ltr'>conueniebant,</span> <span class='ocrx_word' id='word_1_22' title='bbox 1677 265 1808 304; x_wconf 90' lang='lat' dir='ltr'>satis-</span> 
     </span>
     <span class='ocr_line' id='line_1_4' title="bbox 176 335 1809 392; baseline -0.002 -12"><span class='ocrx_word' id='word_1_23' title='bbox 176 340 331 381; x_wconf 85' lang='lat' dir='ltr'>facere</span> <span class='ocrx_word' id='word_1_24' title='bbox 361 352 453 380; x_wconf 93' lang='lat' dir='ltr'>non</span> <span class='ocrx_word' id='word_1_25' title='bbox 475 346 677 392; x_wconf 87' lang='lat' dir='ltr'>possent;</span> <span class='ocrx_word' id='word_1_26' title='bbox 707 341 862 391; x_wconf 87' lang='lat' dir='ltr'>itaque</span> <span class='ocrx_word' id='word_1_27' title='bbox 894 339 985 379; x_wconf 90' lang='lat' dir='ltr'>alio</span> <span class='ocrx_word' id='word_1_28' title='bbox 1015 339 1082 378; x_wconf 90' lang='lat' dir='ltr'>ire</span> <span class='ocrx_word' id='word_1_29' title='bbox 1110 337 1412 388; x_wconf 78' lang='lat' dir='ltr'>cogebantur.</span> <span class='ocrx_word' id='word_1_30' title='bbox 1443 335 1636 375; x_wconf 85' lang='lat' dir='ltr'>Plurimi</span> <span class='ocrx_word' id='word_1_31' title='bbox 1666 335 1809 376; x_wconf 92' lang='lat' dir='ltr'>totius</span> 
     </span>
     <span class='ocr_line' id='line_1_5' title="bbox 178 407 1835 462; baseline -0.004 -11"><span class='ocrx_word' id='word_1_32' title='bbox 178 413 303 451; x_wconf 82' lang='lat' dir='ltr'>vitae</span> <span class='ocrx_word' id='word_1_33' title='bbox 321 423 495 451; x_wconf 89' lang='lat' dir='ltr'>arcana</span> <span class='ocrx_word' id='word_1_34' title='bbox 512 410 798 451; x_wconf 81' lang='lat' dir='ltr'>confessario</span> <span class='ocrx_word' id='word_1_35' title='bbox 815 409 1076 462; x_wconf 86' lang='lat' dir='ltr'>prodidere,</span> <span class='ocrx_word' id='word_1_36' title='bbox 1096 407 1218 448; x_wconf 88' lang='lat' dir='ltr'>vnde</span> <span class='ocrx_word' id='word_1_37' title='bbox 1234 407 1409 447; x_wconf 91' lang='lat' dir='ltr'>factum</span> <span class='ocrx_word' id='word_1_38' title='bbox 1427 413 1495 446; x_wconf 90' lang='lat' dir='ltr'>est</span> <span class='ocrx_word' id='word_1_39' title='bbox 1513 412 1578 457; x_wconf 89' lang='lat' dir='ltr'>vt,</span> <span class='ocrx_word' id='word_1_40' title='bbox 1594 417 1712 457; x_wconf 92' lang='lat' dir='ltr'>quae</span> <span class='ocrx_word' id='word_1_41' title='bbox 1725 417 1807 457; x_wconf 92' lang='lat' dir='ltr'>per</span> <span class='ocrx_word' id='word_1_42' title='bbox 1834 428 1835 431; x_wconf 62' lang='lat'><em>=</em></span> 
     </span>
     <span class='ocr_line' id='line_1_6' title="bbox 177 477 1801 533; baseline -0.004 -11"><span class='ocrx_word' id='word_1_43' title='bbox 177 483 345 533; x_wconf 81' lang='lat' dir='ltr'>viginti</span> <span class='ocrx_word' id='word_1_44' title='bbox 367 488 445 522; x_wconf 88' lang='lat' dir='ltr'>aut</span> <span class='ocrx_word' id='word_1_45' title='bbox 473 482 664 533; x_wconf 90' lang='lat' dir='ltr'>triginta</span> <span class='ocrx_word' id='word_1_46' title='bbox 686 492 833 521; x_wconf 87' lang='lat' dir='ltr'>annos</span> <span class='ocrx_word' id='word_1_47' title='bbox 860 480 982 520; x_wconf 92' lang='lat' dir='ltr'>furto</span> <span class='ocrx_word' id='word_1_48' title='bbox 1005 480 1160 520; x_wconf 89' lang='lat' dir='ltr'>ablata</span> <span class='ocrx_word' id='word_1_49' title='bbox 1192 478 1396 527; x_wconf 87' lang='lat' dir='ltr'>fuerant,</span> <span class='ocrx_word' id='word_1_50' title='bbox 1430 477 1801 517; x_wconf 86' lang='lat' dir='ltr'>restituerentur.</span> 
     </span>
     <span class='ocr_line' id='line_1_7' title="bbox 177 548 1806 604; baseline -0.003 -11"><span class='ocrx_word' id='word_1_51' title='bbox 177 553 394 604; x_wconf 83' lang='lat' dir='ltr'>Quotidie</span> <span class='ocrx_word' id='word_1_52' title='bbox 417 553 461 593; x_wconf 89' lang='lat' dir='ltr'>id</span> <span class='ocrx_word' id='word_1_53' title='bbox 484 553 723 593; x_wconf 91' lang='lat' dir='ltr'>hominum</span> <span class='ocrx_word' id='word_1_54' title='bbox 742 563 891 603; x_wconf 89' lang='lat' dir='ltr'>genus</span> <span class='ocrx_word' id='word_1_55' title='bbox 918 551 1199 591; x_wconf 89' lang='lat' dir='ltr'>conueniunt</span> <span class='ocrx_word' id='word_1_56' title='bbox 1230 550 1287 589; x_wconf 90' lang='lat' dir='ltr'>ad</span> <span class='ocrx_word' id='word_1_57' title='bbox 1315 559 1400 588; x_wconf 91' lang='lat' dir='ltr'>nos</span> <span class='ocrx_word' id='word_1_58' title='bbox 1431 548 1596 588; x_wconf 89' lang='lat' dir='ltr'>denuo.</span> <span class='ocrx_word' id='word_1_59' title='bbox 1627 548 1806 589; x_wconf 87' lang='lat' dir='ltr'>Verum</span> 
     </span>
     <span class='ocr_line' id='line_1_8' title="bbox 176 619 1807 674; baseline -0.004 -10"><span class='ocrx_word' id='word_1_60' title='bbox 176 625 386 664; x_wconf 88' lang='lat' dir='ltr'>cumillis</span> <span class='ocrx_word' id='word_1_61' title='bbox 407 624 678 664; x_wconf 81' lang='lat' dir='ltr'>satisfacere</span> <span class='ocrx_word' id='word_1_62' title='bbox 694 634 988 674; x_wconf 88' lang='lat' dir='ltr'>nequaquam</span> <span class='ocrx_word' id='word_1_63' title='bbox 1007 622 1253 674; x_wconf 91' lang='lat' dir='ltr'>possimus,</span> <span class='ocrx_word' id='word_1_64' title='bbox 1274 619 1478 671; x_wconf 88' lang='lat' dir='ltr'>opperiri</span> <span class='ocrx_word' id='word_1_65' title='bbox 1496 619 1807 659; x_wconf 89' lang='lat' dir='ltr'>admonentur</span> 
     </span>
     <span class='ocr_line' id='line_1_9' title="bbox 176 690 1807 745; baseline -0.003 -11"><span class='ocrx_word' id='word_1_66' title='bbox 176 695 325 734; x_wconf 87' lang='lat' dir='ltr'>donec</span> <span class='ocrx_word' id='word_1_67' title='bbox 348 703 529 745; x_wconf 83' lang='lat' dir='ltr'>tempus</span> <span class='ocrx_word' id='word_1_68' title='bbox 550 695 700 745; x_wconf 85' lang='lat' dir='ltr'>magis</span> <span class='ocrx_word' id='word_1_69' title='bbox 723 700 1035 745; x_wconf 90' lang='lat' dir='ltr'>opportunum</span> <span class='ocrx_word' id='word_1_70' title='bbox 1056 698 1288 733; x_wconf 87' lang='lat' dir='ltr'>occurrat.</span> <span class='ocrx_word' id='word_1_71' title='bbox 1308 690 1521 742; x_wconf 87' lang='lat' dir='ltr'>Plerique</span> <span class='ocrx_word' id='word_1_72' title='bbox 1542 690 1710 730; x_wconf 90' lang='lat' dir='ltr'>horum</span> <span class='ocrx_word' id='word_1_73' title='bbox 1727 697 1807 730; x_wconf 87' lang='lat' dir='ltr'>aut</span> 
     </span>
     <span class='ocr_line' id='line_1_10' title="bbox 176 761 1805 816; baseline -0.003 -11"><span class='ocrx_word' id='word_1_74' title='bbox 176 777 338 805; x_wconf 88' lang='lat' dir='ltr'>omnes</span> <span class='ocrx_word' id='word_1_75' title='bbox 365 766 460 805; x_wconf 85' lang='lat' dir='ltr'>fere</span> <span class='ocrx_word' id='word_1_76' title='bbox 481 777 589 805; x_wconf 86' lang='lat' dir='ltr'>suas</span> <span class='ocrx_word' id='word_1_77' title='bbox 619 764 913 816; x_wconf 84' lang='lat' dir='ltr'>frequentant</span> <span class='ocrx_word' id='word_1_78' title='bbox 942 763 1259 804; x_wconf 89' lang='lat' dir='ltr'>confessiones</span> <span class='ocrx_word' id='word_1_79' title='bbox 1287 768 1425 813; x_wconf 89' lang='lat' dir='ltr'>atque</span> <span class='ocrx_word' id='word_1_80' title='bbox 1453 761 1805 801; x_wconf 90' lang='lat' dir='ltr'>communiones</span> 
     </span>
     <span class='ocr_line' id='line_1_11' title="bbox 180 835 1154 887; baseline -0.001 -12"><span class='ocrx_word' id='word_1_81' title='bbox 180 848 287 876; x_wconf 89' lang='lat' dir='ltr'>cum</span> <span class='ocrx_word' id='word_1_82' title='bbox 309 847 481 887; x_wconf 90' lang='lat' dir='ltr'>magno</span> <span class='ocrx_word' id='word_1_83' title='bbox 503 836 688 887; x_wconf 91' lang='lat' dir='ltr'>quidem</span> <span class='ocrx_word' id='word_1_84' title='bbox 710 835 907 887; x_wconf 90' lang='lat' dir='ltr'>spiritali</span> <span class='ocrx_word' id='word_1_85' title='bbox 929 835 1154 886; x_wconf 88' lang='lat' dir='ltr'>profectu.</span> 
     </span>
    </p>

    <p class='ocr_par' dir='ltr' id='par_1_3' title="bbox 173 903 1808 1667">
     <span class='ocr_line' id='line_1_12' title="bbox 259 903 1807 957; baseline 0 -11"><span class='ocrx_word' id='word_1_86' title='bbox 259 905 375 947; x_wconf 87' lang='lat' dir='ltr'>Sunt</span> <span class='ocrx_word' id='word_1_87' title='bbox 397 913 552 946; x_wconf 91' lang='lat' dir='ltr'>autem</span> <span class='ocrx_word' id='word_1_88' title='bbox 573 907 738 946; x_wconf 91' lang='lat' dir='ltr'>horum</span> <span class='ocrx_word' id='word_1_89' title='bbox 759 906 982 956; x_wconf 84' lang='lat' dir='ltr'>nonnulli,</span> <span class='ocrx_word' id='word_1_90' title='bbox 1007 905 1084 957; x_wconf 91' lang='lat' dir='ltr'>qui</span> <span class='ocrx_word' id='word_1_91' title='bbox 1101 904 1299 945; x_wconf 86' lang='lat' dir='ltr'>cubandi</span> <span class='ocrx_word' id='word_1_92' title='bbox 1322 903 1335 922; x_wconf 66' lang='lat'><strong>²</strong></span> <span class='ocrx_word' id='word_1_93' title='bbox 1357 909 1567 955; x_wconf 91' lang='lat' dir='ltr'>tempore</span> <span class='ocrx_word' id='word_1_94' title='bbox 1589 916 1682 944; x_wconf 86' lang='lat' dir='ltr'>vna</span> <span class='ocrx_word' id='word_1_95' title='bbox 1700 916 1807 946; x_wconf 90' lang='lat' dir='ltr'>cum</span> 
     </span>
     <span class='ocr_line' id='line_1_13' title="bbox 177 976 1805 1029; baseline -0.001 -12"><span class='ocrx_word' id='word_1_96' title='bbox 177 978 282 1018; x_wconf 80' lang='lat' dir='ltr'>siliis</span> <span class='ocrx_word' id='word_1_97' title='bbox 305 989 413 1017; x_wconf 91' lang='lat' dir='ltr'>suas</span> <span class='ocrx_word' id='word_1_98' title='bbox 433 977 735 1029; x_wconf 90' lang='lat' dir='ltr'>pronuntiant</span> <span class='ocrx_word' id='word_1_99' title='bbox 757 977 1016 1027; x_wconf 92' lang='lat' dir='ltr'>orationes,</span> <span class='ocrx_word' id='word_1_100' title='bbox 1050 976 1381 1026; x_wconf 85' lang='lat' dir='ltr'>excutiuntque</span> <span class='ocrx_word' id='word_1_101' title='bbox 1409 987 1436 1014; x_wconf 94' lang='lat' dir='ltr'>a</span> <span class='ocrx_word' id='word_1_102' title='bbox 1464 976 1671 1026; x_wconf 89' lang='lat' dir='ltr'>peccatis</span> <span class='ocrx_word' id='word_1_103' title='bbox 1699 987 1805 1016; x_wconf 89' lang='lat' dir='ltr'>con-</span> 
     </span>
     <span class='ocr_line' id='line_1_14' title="bbox 174 1045 1807 1099; baseline -0.001 -11"><span class='ocrx_word' id='word_1_104' title='bbox 174 1049 435 1098; x_wconf 76' lang='lat' dir='ltr'>scientiam,</span> <span class='ocrx_word' id='word_1_105' title='bbox 459 1047 536 1088; x_wconf 90' lang='lat' dir='ltr'>alii</span> <span class='ocrx_word' id='word_1_106' title='bbox 557 1060 668 1088; x_wconf 91' lang='lat' dir='ltr'>vero</span> <span class='ocrx_word' id='word_1_107' title='bbox 686 1054 805 1097; x_wconf 91' lang='lat' dir='ltr'>sunt,</span> <span class='ocrx_word' id='word_1_108' title='bbox 826 1048 903 1099; x_wconf 90' lang='lat' dir='ltr'>qui</span> <span class='ocrx_word' id='word_1_109' title='bbox 920 1059 968 1087; x_wconf 91' lang='lat' dir='ltr'>se</span> <span class='ocrx_word' id='word_1_110' title='bbox 985 1054 1171 1088; x_wconf 88' lang='lat' dir='ltr'>strenue</span> <span class='ocrx_word' id='word_1_111' title='bbox 1189 1046 1460 1086; x_wconf 89' lang='lat' dir='ltr'>verberibus</span> <span class='ocrx_word' id='word_1_112' title='bbox 1478 1045 1679 1086; x_wconf 88' lang='lat' dir='ltr'>caedunt</span> <span class='ocrx_word' id='word_1_113' title='bbox 1696 1058 1807 1098; x_wconf 90' lang='lat' dir='ltr'>quo-</span> 
     </span>
     <span class='ocr_line' id='line_1_15' title="bbox 176 1116 1804 1170; baseline -0.001 -11"><span class='ocrx_word' id='word_1_114' title='bbox 176 1120 301 1169; x_wconf 86' lang='lat' dir='ltr'>tidie,</span> <span class='ocrx_word' id='word_1_115' title='bbox 327 1120 444 1159; x_wconf 90' lang='lat' dir='ltr'>alius</span> <span class='ocrx_word' id='word_1_116' title='bbox 465 1119 827 1170; x_wconf 82' lang='lat' dir='ltr'>quinquaginta,</span> <span class='ocrx_word' id='word_1_117' title='bbox 852 1119 969 1158; x_wconf 87' lang='lat' dir='ltr'>alius</span> <span class='ocrx_word' id='word_1_118' title='bbox 990 1119 1181 1169; x_wconf 71' lang='lat' dir='ltr'>triginta</span> <span class='ocrx_word' id='word_1_119' title='bbox 1203 1124 1246 1158; x_wconf 94' lang='lat' dir='ltr'>et</span> <span class='ocrx_word' id='word_1_120' title='bbox 1273 1129 1371 1157; x_wconf 87' lang='lat' dir='ltr'>sex.</span> <span class='ocrx_word' id='word_1_121' title='bbox 1395 1116 1511 1158; x_wconf 88' lang='lat' dir='ltr'>Sunt</span> <span class='ocrx_word' id='word_1_122' title='bbox 1542 1123 1804 1169; x_wconf 90' lang='lat' dir='ltr'>praeterea,</span> 
     </span>
     <span class='ocr_line' id='line_1_16' title="bbox 177 1188 1808 1241; baseline 0 -12"><span class='ocrx_word' id='word_1_123' title='bbox 177 1190 254 1240; x_wconf 91' lang='lat' dir='ltr'>qui</span> <span class='ocrx_word' id='word_1_124' title='bbox 277 1190 322 1230; x_wconf 91' lang='lat' dir='ltr'>in</span> <span class='ocrx_word' id='word_1_125' title='bbox 343 1191 525 1241; x_wconf 90' lang='lat' dir='ltr'>templis</span> <span class='ocrx_word' id='word_1_126' title='bbox 547 1189 782 1240; x_wconf 85' lang='lat' dir='ltr'>agricolas</span> <span class='ocrx_word' id='word_1_127' title='bbox 802 1188 815 1207; x_wconf 78' lang='lat'>⁵</span> <span class='ocrx_word' id='word_1_128' title='bbox 833 1196 972 1241; x_wconf 89' lang='lat' dir='ltr'>atque</span> <span class='ocrx_word' id='word_1_129' title='bbox 988 1188 1228 1230; x_wconf 90' lang='lat' dir='ltr'>mendicos</span> <span class='ocrx_word' id='word_1_130' title='bbox 1248 1194 1490 1240; x_wconf 89' lang='lat' dir='ltr'>quaerant,</span> <span class='ocrx_word' id='word_1_131' title='bbox 1511 1200 1710 1240; x_wconf 93' lang='lat' dir='ltr'>quorum</span> <span class='ocrx_word' id='word_1_132' title='bbox 1730 1189 1808 1229; x_wconf 89' lang='lat' dir='ltr'>hic</span> 
     </span>
     <span class='ocr_line' id='line_1_17' title="bbox 176 1259 1807 1312; baseline 0 -12"><span class='ocrx_word' id='word_1_133' title='bbox 176 1267 247 1300; x_wconf 85' lang='lat' dir='ltr'>est</span> <span class='ocrx_word' id='word_1_134' title='bbox 268 1272 487 1300; x_wconf 89' lang='lat' dir='ltr'>numerus</span> <span class='ocrx_word' id='word_1_135' title='bbox 507 1260 738 1311; x_wconf 86' lang='lat' dir='ltr'>frequens.</span> <span class='ocrx_word' id='word_1_136' title='bbox 773 1260 1025 1301; x_wconf 89' lang='lat' dir='ltr'>Conferunt</span> <span class='ocrx_word' id='word_1_137' title='bbox 1047 1272 1096 1300; x_wconf 93' lang='lat' dir='ltr'>se</span> <span class='ocrx_word' id='word_1_138' title='bbox 1121 1259 1257 1300; x_wconf 89' lang='lat' dir='ltr'>iidem</span> <span class='ocrx_word' id='word_1_139' title='bbox 1279 1260 1325 1299; x_wconf 90' lang='lat' dir='ltr'>in</span> <span class='ocrx_word' id='word_1_140' title='bbox 1353 1270 1593 1310; x_wconf 88' lang='lat' dir='ltr'>cauponas</span> <span class='ocrx_word' id='word_1_141' title='bbox 1615 1271 1670 1300; x_wconf 87' lang='lat' dir='ltr'>ea</span> <span class='ocrx_word' id='word_1_142' title='bbox 1699 1271 1807 1312; x_wconf 88' lang='lat' dir='ltr'>gra-</span> 
     </span>
     <span class='ocr_line' id='line_1_18' title="bbox 176 1329 1808 1382; baseline 0.001 -12"><span class='ocrx_word' id='word_1_143' title='bbox 176 1332 255 1379; x_wconf 88' lang='lat' dir='ltr'>tia,</span> <span class='ocrx_word' id='word_1_144' title='bbox 281 1338 329 1371; x_wconf 93' lang='lat' dir='ltr'>ut</span> <span class='ocrx_word' id='word_1_145' title='bbox 359 1342 474 1382; x_wconf 88' lang='lat' dir='ltr'>quos</span> <span class='ocrx_word' id='word_1_146' title='bbox 502 1330 795 1382; x_wconf 86' lang='lat' dir='ltr'>offenderint,</span> <span class='ocrx_word' id='word_1_147' title='bbox 829 1331 967 1371; x_wconf 91' lang='lat' dir='ltr'>modo</span> <span class='ocrx_word' id='word_1_148' title='bbox 998 1331 1198 1382; x_wconf 90' lang='lat' dir='ltr'>possint,</span> <span class='ocrx_word' id='word_1_149' title='bbox 1229 1330 1287 1370; x_wconf 87' lang='lat' dir='ltr'>ad</span> <span class='ocrx_word' id='word_1_150' title='bbox 1313 1329 1626 1371; x_wconf 91' lang='lat' dir='ltr'>confitendum</span> <span class='ocrx_word' id='word_1_151' title='bbox 1654 1337 1700 1371; x_wconf 92' lang='lat' dir='ltr'>et</span> <span class='ocrx_word' id='word_1_152' title='bbox 1729 1343 1808 1372; x_wconf 91' lang='lat' dir='ltr'>au-</span> 
     </span>
     <span class='ocr_line' id='line_1_19' title="bbox 174 1401 1807 1453; baseline 0.001 -12"><span class='ocrx_word' id='word_1_153' title='bbox 174 1401 394 1442; x_wconf 89' lang='lat' dir='ltr'>diendum</span> <span class='ocrx_word' id='word_1_154' title='bbox 421 1413 608 1442; x_wconf 84' lang='lat' dir='ltr'>sacrum</span> <span class='ocrx_word' id='word_1_155' title='bbox 629 1401 877 1442; x_wconf 90' lang='lat' dir='ltr'>adducant.</span> <span class='ocrx_word' id='word_1_156' title='bbox 907 1402 1003 1443; x_wconf 92' lang='lat' dir='ltr'>Itur</span> <span class='ocrx_word' id='word_1_157' title='bbox 1023 1403 1164 1442; x_wconf 89' lang='lat' dir='ltr'>etiam</span> <span class='ocrx_word' id='word_1_158' title='bbox 1185 1402 1243 1442; x_wconf 91' lang='lat' dir='ltr'>ad</span> <span class='ocrx_word' id='word_1_159' title='bbox 1270 1401 1459 1442; x_wconf 86' lang='lat' dir='ltr'>eosdem</span> <span class='ocrx_word' id='word_1_160' title='bbox 1481 1402 1537 1442; x_wconf 90' lang='lat' dir='ltr'>de</span> <span class='ocrx_word' id='word_1_161' title='bbox 1563 1407 1715 1453; x_wconf 90' lang='lat' dir='ltr'>nocte,</span> <span class='ocrx_word' id='word_1_162' title='bbox 1755 1408 1807 1443; x_wconf 88' lang='lat' dir='ltr'>vt</span> 
     </span>
     <span class='ocr_line' id='line_1_20' title="bbox 173 1471 1804 1524; baseline 0.001 -12"><span class='ocrx_word' id='word_1_163' title='bbox 173 1472 232 1512; x_wconf 88' lang='lat' dir='ltr'>de</span> <span class='ocrx_word' id='word_1_164' title='bbox 253 1471 352 1512; x_wconf 91' lang='lat' dir='ltr'>Deo</span> <span class='ocrx_word' id='word_1_165' title='bbox 374 1473 462 1512; x_wconf 92' lang='lat' dir='ltr'>illis</span> <span class='ocrx_word' id='word_1_166' title='bbox 484 1474 746 1524; x_wconf 88' lang='lat' dir='ltr'>loquantur.</span> <span class='ocrx_word' id='word_1_167' title='bbox 776 1473 846 1513; x_wconf 86' lang='lat' dir='ltr'>Ex</span> <span class='ocrx_word' id='word_1_168' title='bbox 868 1485 958 1524; x_wconf 94' lang='lat' dir='ltr'>quo</span> <span class='ocrx_word' id='word_1_169' title='bbox 979 1472 1028 1513; x_wconf 86' lang='lat' dir='ltr'>fit</span> <span class='ocrx_word' id='word_1_170' title='bbox 1058 1479 1107 1513; x_wconf 89' lang='lat' dir='ltr'>vt</span> <span class='ocrx_word' id='word_1_171' title='bbox 1128 1479 1222 1513; x_wconf 91' lang='lat' dir='ltr'>tam</span> <span class='ocrx_word' id='word_1_172' title='bbox 1246 1473 1413 1513; x_wconf 83' lang='lat' dir='ltr'>multos</span> <span class='ocrx_word' id='word_1_173' title='bbox 1441 1484 1500 1513; x_wconf 91' lang='lat' dir='ltr'>ex</span> <span class='ocrx_word' id='word_1_174' title='bbox 1521 1473 1610 1513; x_wconf 92' lang='lat' dir='ltr'>illis</span> <span class='ocrx_word' id='word_1_175' title='bbox 1639 1473 1698 1513; x_wconf 90' lang='lat' dir='ltr'>ad</span> <span class='ocrx_word' id='word_1_176' title='bbox 1718 1485 1804 1514; x_wconf 91' lang='lat' dir='ltr'>nos</span> 
     </span>
     <span class='ocr_line' id='line_1_21' title="bbox 173 1542 1803 1594; baseline 0.001 -12"><span class='ocrx_word' id='word_1_177' title='bbox 173 1542 425 1594; x_wconf 88' lang='lat' dir='ltr'>adducant,</span> <span class='ocrx_word' id='word_1_178' title='bbox 449 1550 499 1583; x_wconf 90' lang='lat' dir='ltr'>vt</span> <span class='ocrx_word' id='word_1_179' title='bbox 520 1555 625 1583; x_wconf 90' lang='lat' dir='ltr'>cum</span> <span class='ocrx_word' id='word_1_180' title='bbox 648 1555 807 1584; x_wconf 93' lang='lat' dir='ltr'>omnes</span> <span class='ocrx_word' id='word_1_181' title='bbox 830 1544 990 1584; x_wconf 90' lang='lat' dir='ltr'>audire</span> <span class='ocrx_word' id='word_1_182' title='bbox 1011 1556 1103 1584; x_wconf 89' lang='lat' dir='ltr'>non</span> <span class='ocrx_word' id='word_1_183' title='bbox 1124 1545 1379 1594; x_wconf 85' lang='lat' dir='ltr'>valeamus,</span> <span class='ocrx_word' id='word_1_184' title='bbox 1400 1544 1459 1584; x_wconf 92' lang='lat' dir='ltr'>ad</span> <span class='ocrx_word' id='word_1_185' title='bbox 1476 1545 1620 1584; x_wconf 90' lang='lat' dir='ltr'>multa</span> <span class='ocrx_word' id='word_1_186' title='bbox 1639 1556 1803 1585; x_wconf 88' lang='lat' dir='ltr'>coeno-</span> 
     </span>
     <span class='ocr_line' id='line_1_22' title="bbox 177 1613 1504 1667; baseline 0.001 -14"><span class='ocrx_word' id='word_1_187' title='bbox 177 1613 254 1653; x_wconf 79' lang='lat' dir='ltr'>bia</span> <span class='ocrx_word' id='word_1_188' title='bbox 274 1620 431 1665; x_wconf 90' lang='lat' dir='ltr'>utpote</span> <span class='ocrx_word' id='word_1_189' title='bbox 452 1614 788 1655; x_wconf 91' lang='lat' dir='ltr'>dominicorum</span> <span class='ocrx_word' id='word_1_190' title='bbox 809 1613 824 1633; x_wconf 85' lang='lat'>‘²</span> <span class='ocrx_word' id='word_1_191' title='bbox 845 1621 1228 1667; x_wconf 90' lang='lat' dir='ltr'>caeterorumque</span> <span class='ocrx_word' id='word_1_192' title='bbox 1259 1615 1504 1656; x_wconf 86' lang='lat' dir='ltr'>ducantur.</span> 
     </span>
    </p>

    <p class='ocr_par' dir='ltr' id='par_1_4' title="bbox 170 1684 1803 2521">
     <span class='ocr_line' id='line_1_23' title="bbox 254 1684 1796 1738; baseline 0.001 -14"><span class='ocrx_word' id='word_1_193' title='bbox 254 1685 335 1724; x_wconf 88' lang='lat' dir='ltr'>Est</span> <span class='ocrx_word' id='word_1_194' title='bbox 356 1684 585 1736; x_wconf 89' lang='lat' dir='ltr'>quaedam</span> <span class='ocrx_word' id='word_1_195' title='bbox 606 1686 742 1725; x_wconf 92' lang='lat' dir='ltr'>huius</span> <span class='ocrx_word' id='word_1_196' title='bbox 770 1686 972 1726; x_wconf 88' lang='lat' dir='ltr'>ciuitatis</span> <span class='ocrx_word' id='word_1_197' title='bbox 993 1698 1102 1738; x_wconf 79' lang='lat' dir='ltr'>pars</span> <span class='ocrx_word' id='word_1_198' title='bbox 1131 1698 1249 1738; x_wconf 92' lang='lat' dir='ltr'>quae</span> <span class='ocrx_word' id='word_1_199' title='bbox 1272 1685 1441 1726; x_wconf 91' lang='lat' dir='ltr'>dicitur</span> <span class='ocrx_word' id='word_1_200' title='bbox 1470 1686 1743 1727; x_wconf 61' lang='lat' dir='ltr'>Alcac‘zerc&#39;a</span> <span class='ocrx_word' id='word_1_201' title='bbox 1767 1685 1796 1736; x_wconf 78' lang='lat'>⁵,</span> 
     </span>
     <span class='ocr_line' id='line_1_24' title="bbox 172 1755 1802 1810; baseline 0.002 -15"><span class='ocrx_word' id='word_1_202' title='bbox 172 1766 266 1806; x_wconf 90' lang='lat' dir='ltr'>qua</span> <span class='ocrx_word' id='word_1_203' title='bbox 287 1755 401 1796; x_wconf 90' lang='lat' dir='ltr'>nihil</span> <span class='ocrx_word' id='word_1_204' title='bbox 422 1756 521 1806; x_wconf 93' lang='lat' dir='ltr'>hic,</span> <span class='ocrx_word' id='word_1_205' title='bbox 545 1761 596 1796; x_wconf 88' lang='lat' dir='ltr'>vt</span> <span class='ocrx_word' id='word_1_206' title='bbox 617 1757 758 1807; x_wconf 89' lang='lat' dir='ltr'>uulgo</span> <span class='ocrx_word' id='word_1_207' title='bbox 778 1756 948 1807; x_wconf 89' lang='lat' dir='ltr'>fertur,</span> <span class='ocrx_word' id='word_1_208' title='bbox 973 1757 1290 1797; x_wconf 88' lang='lat' dir='ltr'>detestabilius</span> <span class='ocrx_word' id='word_1_209' title='bbox 1318 1763 1436 1798; x_wconf 87' lang='lat' dir='ltr'>erat:</span> <span class='ocrx_word' id='word_1_210' title='bbox 1469 1763 1575 1810; x_wconf 88' lang='lat' dir='ltr'>post</span> <span class='ocrx_word' id='word_1_211' title='bbox 1603 1758 1802 1810; x_wconf 88' lang='lat' dir='ltr'>quadra-</span> 
     </span>
     <span class='ocr_line' id='line_1_25' title="bbox 172 1825 1801 1881; baseline 0.002 -16"><span class='ocrx_word' id='word_1_212' title='bbox 172 1825 402 1877; x_wconf 81' lang='lat' dir='ltr'>gesimam</span> <span class='ocrx_word' id='word_1_213' title='bbox 420 1832 574 1866; x_wconf 93' lang='lat' dir='ltr'>autem</span> <span class='ocrx_word' id='word_1_214' title='bbox 590 1832 685 1867; x_wconf 89' lang='lat' dir='ltr'>tam</span> <span class='ocrx_word' id='word_1_215' title='bbox 707 1827 796 1867; x_wconf 89' lang='lat' dir='ltr'>alia</span> <span class='ocrx_word' id='word_1_216' title='bbox 816 1827 978 1867; x_wconf 86' lang='lat' dir='ltr'>effecta</span> <span class='ocrx_word' id='word_1_217' title='bbox 1000 1833 1083 1877; x_wconf 90' lang='lat' dir='ltr'>est,</span> <span class='ocrx_word' id='word_1_218' title='bbox 1102 1834 1152 1868; x_wconf 86' lang='lat' dir='ltr'>vt</span> <span class='ocrx_word' id='word_1_219' title='bbox 1173 1828 1260 1879; x_wconf 88' lang='lat' dir='ltr'>ipsi</span> <span class='ocrx_word' id='word_1_220' title='bbox 1277 1828 1444 1878; x_wconf 90' lang='lat' dir='ltr'>adhuc,</span> <span class='ocrx_word' id='word_1_221' title='bbox 1465 1829 1541 1881; x_wconf 91' lang='lat' dir='ltr'>qui</span> <span class='ocrx_word' id='word_1_222' title='bbox 1564 1829 1612 1869; x_wconf 89' lang='lat' dir='ltr'>in</span> <span class='ocrx_word' id='word_1_223' title='bbox 1629 1841 1683 1869; x_wconf 92' lang='lat' dir='ltr'>ea</span> <span class='ocrx_word' id='word_1_224' title='bbox 1700 1840 1801 1869; x_wconf 89' lang='lat' dir='ltr'>ver—</span> 
     </span>
     <span class='ocr_line' id='line_1_26' title="bbox 173 1897 1803 1951; baseline 0.002 -15"><span class='ocrx_word' id='word_1_225' title='bbox 173 1897 413 1947; x_wconf 87' lang='lat' dir='ltr'>sabantur,</span> <span class='ocrx_word' id='word_1_226' title='bbox 436 1897 572 1937; x_wconf 90' lang='lat' dir='ltr'>valde</span> <span class='ocrx_word' id='word_1_227' title='bbox 594 1899 879 1949; x_wconf 91' lang='lat' dir='ltr'>multumque</span> <span class='ocrx_word' id='word_1_228' title='bbox 900 1898 1147 1938; x_wconf 83' lang='lat' dir='ltr'>mirentur:</span> <span class='ocrx_word' id='word_1_229' title='bbox 1173 1899 1304 1939; x_wconf 89' lang='lat' dir='ltr'>multi</span> <span class='ocrx_word' id='word_1_230' title='bbox 1331 1899 1501 1951; x_wconf 87' lang='lat' dir='ltr'>quippe</span> <span class='ocrx_word' id='word_1_231' title='bbox 1522 1900 1706 1940; x_wconf 90' lang='lat' dir='ltr'>illorum</span> <span class='ocrx_word' id='word_1_232' title='bbox 1736 1900 1803 1940; x_wconf 87' lang='lat' dir='ltr'>vi-</span> 
     </span>
     <span class='ocr_line' id='line_1_27' title="bbox 171 1968 1802 2022; baseline 0.003 -16"><span class='ocrx_word' id='word_1_233' title='bbox 171 1972 269 2006; x_wconf 86' lang='lat' dir='ltr'>tam</span> <span class='ocrx_word' id='word_1_234' title='bbox 290 1968 612 2018; x_wconf 86' lang='lat' dir='ltr'>transigebant</span> <span class='ocrx_word' id='word_1_235' title='bbox 632 1968 826 2009; x_wconf 90' lang='lat' dir='ltr'>emendo</span> <span class='ocrx_word' id='word_1_236' title='bbox 848 1980 966 2020; x_wconf 90' lang='lat' dir='ltr'>quae</span> <span class='ocrx_word' id='word_1_237' title='bbox 986 1969 1109 2010; x_wconf 91' lang='lat' dir='ltr'>furto</span> <span class='ocrx_word' id='word_1_238' title='bbox 1131 1982 1157 2009; x_wconf 88' lang='lat' dir='ltr'>a</span> <span class='ocrx_word' id='word_1_239' title='bbox 1173 1971 1418 2022; x_wconf 90' lang='lat' dir='ltr'>mancipiis</span> <span class='ocrx_word' id='word_1_240' title='bbox 1436 1971 1592 2011; x_wconf 88' lang='lat' dir='ltr'>ablata</span> <span class='ocrx_word' id='word_1_241' title='bbox 1613 1971 1802 2011; x_wconf 89' lang='lat' dir='ltr'>fuerant</span> 
     </span>
     <span class='ocr_line' id='line_1_28' title="bbox 170 2038 1801 2092; baseline 0.004 -15"><span class='ocrx_word' id='word_1_242' title='bbox 170 2044 217 2078; x_wconf 86' lang='lat' dir='ltr'>et</span> <span class='ocrx_word' id='word_1_243' title='bbox 239 2038 295 2077; x_wconf 91' lang='lat' dir='ltr'>ab</span> <span class='ocrx_word' id='word_1_244' title='bbox 316 2039 434 2089; x_wconf 91' lang='lat' dir='ltr'>aliis,</span> <span class='ocrx_word' id='word_1_245' title='bbox 459 2039 623 2090; x_wconf 90' lang='lat' dir='ltr'>quibus</span> <span class='ocrx_word' id='word_1_246' title='bbox 645 2039 819 2092; x_wconf 90' lang='lat' dir='ltr'>aliquid</span> <span class='ocrx_word' id='word_1_247' title='bbox 836 2040 1039 2080; x_wconf 87' lang='lat' dir='ltr'>vendere</span> <span class='ocrx_word' id='word_1_248' title='bbox 1055 2040 1126 2080; x_wconf 88' lang='lat' dir='ltr'>fas</span> <span class='ocrx_word' id='word_1_249' title='bbox 1147 2053 1239 2081; x_wconf 92' lang='lat' dir='ltr'>non</span> <span class='ocrx_word' id='word_1_250' title='bbox 1261 2048 1375 2082; x_wconf 88' lang='lat' dir='ltr'>erat.</span> <span class='ocrx_word' id='word_1_251' title='bbox 1395 2041 1529 2082; x_wconf 91' lang='lat' dir='ltr'>Nunc</span> <span class='ocrx_word' id='word_1_252' title='bbox 1547 2053 1679 2092; x_wconf 87' lang='lat' dir='ltr'>vero,</span> <span class='ocrx_word' id='word_1_253' title='bbox 1699 2042 1801 2082; x_wconf 91' lang='lat' dir='ltr'>Deo</span> 
     </span>
     <span class='ocr_line' id='line_1_29' title="bbox 174 2110 1801 2165; baseline 0.003 -16"><span class='ocrx_word' id='word_1_254' title='bbox 174 2110 352 2160; x_wconf 91' lang='lat' dir='ltr'>optimo</span> <span class='ocrx_word' id='word_1_255' title='bbox 374 2110 577 2150; x_wconf 88' lang='lat' dir='ltr'>maximo</span> <span class='ocrx_word' id='word_1_256' title='bbox 594 2111 763 2161; x_wconf 85' lang='lat' dir='ltr'>gratia,</span> <span class='ocrx_word' id='word_1_257' title='bbox 788 2116 968 2151; x_wconf 90' lang='lat' dir='ltr'>tantum</span> <span class='ocrx_word' id='word_1_258' title='bbox 991 2111 1120 2152; x_wconf 89' lang='lat' dir='ltr'>abest</span> <span class='ocrx_word' id='word_1_259' title='bbox 1138 2112 1194 2152; x_wconf 88' lang='lat' dir='ltr'>ab</span> <span class='ocrx_word' id='word_1_260' title='bbox 1217 2112 1306 2153; x_wconf 88' lang='lat' dir='ltr'>hac</span> <span class='ocrx_word' id='word_1_261' title='bbox 1322 2113 1513 2154; x_wconf 85' lang='lat' dir='ltr'>viuendi</span> <span class='ocrx_word' id='word_1_262' title='bbox 1535 2113 1717 2153; x_wconf 85' lang='lat' dir='ltr'>ratione</span> <span class='ocrx_word' id='word_1_263' title='bbox 1734 2119 1801 2165; x_wconf 88' lang='lat' dir='ltr'>vt,</span> 
     </span>
     <span class='ocr_line' id='line_1_30' title="bbox 173 2181 1801 2235; baseline 0.004 -16"><span class='ocrx_word' id='word_1_264' title='bbox 173 2181 255 2231; x_wconf 91' lang='lat' dir='ltr'>qui</span> <span class='ocrx_word' id='word_1_265' title='bbox 274 2181 319 2220; x_wconf 90' lang='lat' dir='ltr'>id</span> <span class='ocrx_word' id='word_1_266' title='bbox 337 2187 473 2220; x_wconf 90' lang='lat' dir='ltr'>antea</span> <span class='ocrx_word' id='word_1_267' title='bbox 489 2187 795 2232; x_wconf 85' lang='lat' dir='ltr'>praestarent,</span> <span class='ocrx_word' id='word_1_268' title='bbox 815 2182 983 2222; x_wconf 89' lang='lat' dir='ltr'>vicinis</span> <span class='ocrx_word' id='word_1_269' title='bbox 1000 2195 1056 2222; x_wconf 90' lang='lat' dir='ltr'>ne</span> <span class='ocrx_word' id='word_1_270' title='bbox 1077 2183 1122 2223; x_wconf 95' lang='lat' dir='ltr'>id</span> <span class='ocrx_word' id='word_1_271' title='bbox 1138 2183 1312 2224; x_wconf 91' lang='lat' dir='ltr'>faciant</span> <span class='ocrx_word' id='word_1_272' title='bbox 1329 2184 1613 2235; x_wconf 90' lang='lat' dir='ltr'>persuadere</span> <span class='ocrx_word' id='word_1_273' title='bbox 1633 2196 1801 2225; x_wconf 88' lang='lat' dir='ltr'>conen-</span> 
     </span>
     <span class='ocr_line' id='line_1_31' title="bbox 174 2250 1796 2307; baseline 0.005 -18"><span class='ocrx_word' id='word_1_274' title='bbox 174 2256 262 2290; x_wconf 88' lang='lat' dir='ltr'>tur.</span> <span class='ocrx_word' id='word_1_275' title='bbox 278 2250 401 2291; x_wconf 88' lang='lat' dir='ltr'>Inter</span> <span class='ocrx_word' id='word_1_276' title='bbox 413 2259 599 2291; x_wconf 86' lang='lat' dir='ltr'>caetera</span> <span class='ocrx_word' id='word_1_277' title='bbox 616 2251 704 2291; x_wconf 91' lang='lat' dir='ltr'>hoc</span> <span class='ocrx_word' id='word_1_278' title='bbox 721 2264 865 2293; x_wconf 87' lang='lat' dir='ltr'>vnum</span> <span class='ocrx_word' id='word_1_279' title='bbox 882 2253 1091 2293; x_wconf 89' lang='lat' dir='ltr'>cumillis</span> <span class='ocrx_word' id='word_1_280' title='bbox 1109 2255 1400 2306; x_wconf 82' lang='lat' dir='ltr'>expenditur,</span> <span class='ocrx_word' id='word_1_281' title='bbox 1415 2261 1466 2296; x_wconf 89' lang='lat' dir='ltr'>vt</span> <span class='ocrx_word' id='word_1_282' title='bbox 1482 2255 1796 2307; x_wconf 87' lang='lat' dir='ltr'>persuadean-</span> 
     </span>
     <span class='ocr_line' id='line_1_32' title="bbox 173 2321 1797 2379; baseline 0.005 -19"><span class='ocrx_word' id='word_1_283' title='bbox 173 2326 248 2360; x_wconf 87' lang='lat' dir='ltr'>tur</span> <span class='ocrx_word' id='word_1_284' title='bbox 271 2321 445 2361; x_wconf 89' lang='lat' dir='ltr'>scilicet</span> <span class='ocrx_word' id='word_1_285' title='bbox 471 2322 586 2362; x_wconf 91' lang='lat' dir='ltr'>nihil</span> <span class='ocrx_word' id='word_1_286' title='bbox 606 2323 737 2373; x_wconf 90' lang='lat' dir='ltr'>mali,</span> <span class='ocrx_word' id='word_1_287' title='bbox 768 2324 880 2363; x_wconf 89' lang='lat' dir='ltr'>nihil</span> <span class='ocrx_word' id='word_1_288' title='bbox 907 2324 1103 2375; x_wconf 90' lang='lat' dir='ltr'>laboris,</span> <span class='ocrx_word' id='word_1_289' title='bbox 1134 2325 1246 2366; x_wconf 90' lang='lat' dir='ltr'>nihil</span> <span class='ocrx_word' id='word_1_290' title='bbox 1275 2326 1475 2379; x_wconf 88' lang='lat' dir='ltr'>denique</span> <span class='ocrx_word' id='word_1_291' title='bbox 1499 2327 1797 2367; x_wconf 90' lang='lat' dir='ltr'>necessitatis</span> 
     </span>
     <span class='ocr_line' id='line_1_33' title="bbox 173 2391 1802 2445; baseline 0.006 -15"><span class='ocrx_word' id='word_1_292' title='bbox 173 2391 263 2431; x_wconf 84' lang='lat' dir='ltr'>illis</span> <span class='ocrx_word' id='word_1_293' title='bbox 284 2391 502 2432; x_wconf 89' lang='lat' dir='ltr'>obuenire</span> <span class='ocrx_word' id='word_1_294' title='bbox 524 2393 611 2432; x_wconf 86' lang='lat' dir='ltr'>nisi</span> <span class='ocrx_word' id='word_1_295' title='bbox 632 2399 821 2445; x_wconf 85' lang='lat' dir='ltr'>propter</span> <span class='ocrx_word' id='word_1_296' title='bbox 843 2400 1035 2445; x_wconf 87' lang='lat' dir='ltr'>peccata</span> <span class='ocrx_word' id='word_1_297' title='bbox 1058 2396 1104 2436; x_wconf 90' lang='lat' dir='ltr'>in</span> <span class='ocrx_word' id='word_1_298' title='bbox 1125 2397 1332 2437; x_wconf 90' lang='lat' dir='ltr'>diuinam</span> <span class='ocrx_word' id='word_1_299' title='bbox 1360 2398 1655 2438; x_wconf 87' lang='lat' dir='ltr'>maiestatem</span> <span class='ocrx_word' id='word_1_300' title='bbox 1677 2409 1802 2438; x_wconf 91' lang='lat' dir='ltr'>com-</span> 
     </span>
     <span class='ocr_line' id='line_1_34' title="bbox 173 2462 1802 2521; baseline 0.005 -20"><span class='ocrx_word' id='word_1_301' title='bbox 173 2462 330 2502; x_wconf 87' lang='lat' dir='ltr'>missa.</span> <span class='ocrx_word' id='word_1_302' title='bbox 355 2462 488 2513; x_wconf 87' lang='lat' dir='ltr'>Quod</span> <span class='ocrx_word' id='word_1_303' title='bbox 508 2475 672 2504; x_wconf 91' lang='lat' dir='ltr'>reuera</span> <span class='ocrx_word' id='word_1_304' title='bbox 694 2464 781 2516; x_wconf 89' lang='lat' dir='ltr'>ipsi</span> <span class='ocrx_word' id='word_1_305' title='bbox 812 2477 956 2516; x_wconf 88' lang='lat' dir='ltr'>praue</span> <span class='ocrx_word' id='word_1_306' title='bbox 977 2465 1225 2508; x_wconf 90' lang='lat' dir='ltr'>admodum</span> <span class='ocrx_word' id='word_1_307' title='bbox 1258 2468 1605 2521; x_wconf 85' lang='lat' dir='ltr'>intellexerant,</span> <span class='ocrx_word' id='word_1_308' title='bbox 1638 2480 1802 2510; x_wconf 88' lang='lat' dir='ltr'>verum</span> 
     </span>
    </p>
   </div>
   <div class='ocr_carea' id='block_1_3' title="bbox 175 2567 348 2571">
    <p class='ocr_par' dir='ltr' id='par_1_5' title="bbox 175 2567 348 2571">
     <span class='ocr_line' id='line_1_35' title="bbox 175 2567 348 2571; baseline 0 0"><span class='ocrx_word' id='word_1_309' title='bbox 175 2567 348 2571; x_wconf 95' lang='lat' dir='ltr'> </span> 
     </span>
    </p>
   </div>
   <div class='ocr_carea' id='block_1_4' title="bbox 349 2569 453 2572">
    <p class='ocr_par' dir='ltr' id='par_1_6' title="bbox 349 2569 453 2572">
     <span class='ocr_line' id='line_1_36' title="bbox 349 2569 453 2572; baseline 0 0"><span class='ocrx_word' id='word_1_310' title='bbox 349 2569 453 2572; x_wconf 95' lang='lat' dir='ltr'> </span> 
     </span>
    </p>
   </div>
   <div class='ocr_carea' id='block_1_5' title="bbox 228 2620 965 2699">
    <p class='ocr_par' dir='ltr' id='par_1_7' title="bbox 228 2620 965 2699">
     <span class='ocr_line' id='line_1_37' title="bbox 231 2620 965 2656; baseline 0.007 -9"><span class='ocrx_word' id='word_1_311' title='bbox 231 2620 239 2639; x_wconf 92' lang='lat'>¹</span> <span class='ocrx_word' id='word_1_312' title='bbox 282 2620 495 2656; x_wconf 80' lang='lat' dir='ltr'>Sacerdotes,</span> <span class='ocrx_word' id='word_1_313' title='bbox 511 2622 565 2656; x_wconf 89' lang='lat' dir='ltr'>qui</span> <span class='ocrx_word' id='word_1_314' title='bbox 581 2623 781 2651; x_wconf 86' lang='lat' dir='ltr'>confitentes</span> <span class='ocrx_word' id='word_1_315' title='bbox 795 2624 965 2653; x_wconf 84' lang='lat' dir='ltr'>audirent.</span> 
     </span>
     <span class='ocr_line' id='line_1_38' title="bbox 228 2668 722 2699; baseline 0.008 -4"><span class='ocrx_word' id='word_1_316' title='bbox 228 2668 242 2687; x_wconf 71' lang='lat'><strong>²</strong></span> <span class='ocrx_word' id='word_1_317' title='bbox 279 2668 416 2696; x_wconf 83' lang='lat' dir='ltr'>Rectius</span> <span class='ocrx_word' id='word_1_318' title='bbox 430 2670 586 2697; x_wconf 76' lang='lat' dir='ltr'>cubitum</span> <span class='ocrx_word' id='word_1_319' title='bbox 603 2671 722 2699; x_wconf 80' lang='lat' dir='ltr'>eundi.</span> 
     </span>
    </p>
   </div>
   <div class='ocr_carea' id='block_1_6' title="bbox 176 2715 1803 2802">
    <p class='ocr_par' dir='ltr' id='par_1_8' title="bbox 176 2715 1803 2802">
     <span class='ocr_line' id='line_1_39' title="bbox 229 2715 1803 2759; baseline 0.007 -17"><span class='ocrx_word' id='word_1_320' title='bbox 229 2715 243 2735; x_wconf 75' lang='lat'><strong>³</strong></span> <span class='ocrx_word' id='word_1_321' title='bbox 279 2716 347 2743; x_wconf 87' lang='lat' dir='ltr'>Eos</span> <span class='ocrx_word' id='word_1_322' title='bbox 362 2717 531 2752; x_wconf 83' lang='lat' dir='ltr'>videlicet,</span> <span class='ocrx_word' id='word_1_323' title='bbox 548 2719 602 2752; x_wconf 89' lang='lat' dir='ltr'>qui</span> <span class='ocrx_word' id='word_1_324' title='bbox 618 2719 771 2746; x_wconf 86' lang='lat' dir='ltr'>mercede</span> <span class='ocrx_word' id='word_1_325' title='bbox 787 2719 942 2748; x_wconf 80' lang='lat' dir='ltr'>conducti</span> <span class='ocrx_word' id='word_1_326' title='bbox 958 2728 1061 2755; x_wconf 85' lang='lat' dir='ltr'>agros</span> <span class='ocrx_word' id='word_1_327' title='bbox 1076 2723 1200 2757; x_wconf 89' lang='lat' dir='ltr'>colunt,</span> <span class='ocrx_word' id='word_1_328' title='bbox 1216 2724 1339 2759; x_wconf 86' lang='lat' dir='ltr'>quique</span> <span class='ocrx_word' id='word_1_329' title='bbox 1354 2725 1382 2752; x_wconf 88' lang='lat' dir='ltr'>si</span> <span class='ocrx_word' id='word_1_330' title='bbox 1398 2732 1462 2752; x_wconf 88' lang='lat' dir='ltr'>non</span> <span class='ocrx_word' id='word_1_331' title='bbox 1477 2725 1712 2752; x_wconf 87' lang='lat' dir='ltr'>conducantur</span> <span class='ocrx_word' id='word_1_332' title='bbox 1726 2745 1733 2759; x_wconf 92' lang='lat'>,</span> <span class='ocrx_word' id='word_1_333' title='bbox 1748 2732 1803 2759; x_wconf 88' lang='lat' dir='ltr'>pe-</span> 
     </span>
     <span class='ocr_line' id='line_1_40' title="bbox 176 2763 1010 2802; baseline 0.008 -13"><span class='ocrx_word' id='word_1_334' title='bbox 176 2763 309 2790; x_wconf 87' lang='lat' dir='ltr'>nuriam</span> <span class='ocrx_word' id='word_1_335' title='bbox 323 2765 469 2792; x_wconf 87' lang='lat' dir='ltr'>omnium</span> <span class='ocrx_word' id='word_1_336' title='bbox 484 2772 597 2792; x_wconf 87' lang='lat' dir='ltr'>rerum</span> <span class='ocrx_word' id='word_1_337' title='bbox 612 2767 809 2801; x_wconf 88' lang='lat' dir='ltr'>plerumque</span> <span class='ocrx_word' id='word_1_338' title='bbox 825 2768 1010 2802; x_wconf 86' lang='lat' dir='ltr'>patiuntur.</span> 
     </span>
    </p>
   </div>
   <div class='ocr_carea' id='block_1_7' title="bbox 177 2810 1802 2889">
    <p class='ocr_par' dir='ltr' id='par_1_9' title="bbox 177 2810 1802 2889">
     <span class='ocr_line' id='line_1_41' title="bbox 232 2810 1802 2854; baseline 0.008 -18"><span class='ocrx_word' id='word_1_339' title='bbox 232 2811 244 2830; x_wconf 73' lang='lat'>⁴</span> <span class='ocrx_word' id='word_1_340' title='bbox 283 2810 353 2844; x_wconf 88' lang='lat' dir='ltr'>Sic;</span> <span class='ocrx_word' id='word_1_341' title='bbox 370 2812 495 2839; x_wconf 83' lang='lat' dir='ltr'>rectius</span> <span class='ocrx_word' id='word_1_342' title='bbox 510 2813 836 2848; x_wconf 81' lang='lat' dir='ltr'>dominicanorum,</span> <span class='ocrx_word' id='word_1_343' title='bbox 851 2815 991 2850; x_wconf 86' lang='lat' dir='ltr'>hispane</span> <span class='ocrx_word' id='word_1_344' title='bbox 1007 2817 1252 2846; x_wconf 84' lang='lat' dir='ltr'>dominicanos</span> <span class='ocrx_word' id='word_1_345' title='bbox 1266 2823 1301 2847; x_wconf 89' lang='lat' dir='ltr'>et</span> <span class='ocrx_word' id='word_1_346' title='bbox 1317 2821 1422 2848; x_wconf 86' lang='lat' dir='ltr'>etiam</span> <span class='ocrx_word' id='word_1_347' title='bbox 1443 2821 1658 2854; x_wconf 70' lang='lat' dir='ltr'>doene&#39;nz&#39;cOS,</span> <span class='ocrx_word' id='word_1_348' title='bbox 1673 2820 1802 2848; x_wconf 81' lang='lat' dir='ltr'>fratres</span> 
     </span>
     <span class='ocr_line' id='line_1_42' title="bbox 177 2858 763 2889; baseline 0.009 -5"><span class='ocrx_word' id='word_1_349' title='bbox 177 2858 308 2885; x_wconf 86' lang='lat' dir='ltr'>scilicet</span> <span class='ocrx_word' id='word_1_350' title='bbox 325 2858 458 2886; x_wconf 75' lang='lat' dir='ltr'>Ordinis</span> <span class='ocrx_word' id='word_1_351' title='bbox 472 2860 763 2889; x_wconf 84' lang='lat' dir='ltr'>Praedicatorum.</span> 
     </span>
    </p>
   </div>
   <div class='ocr_carea' id='block_1_8' title="bbox 232 2905 1197 2945">
    <p class='ocr_par' dir='ltr' id='par_1_10' title="bbox 232 2905 1197 2945">
     <span class='ocr_line' id='line_1_43' title="bbox 232 2905 1197 2945; baseline 0.009 -14"><span class='ocrx_word' id='word_1_352' title='bbox 232 2905 245 2924; x_wconf 83' lang='lat'><strong>⁵</strong></span> <span class='ocrx_word' id='word_1_353' title='bbox 286 2905 367 2932; x_wconf 84' lang='lat' dir='ltr'>Vide</span> <span class='ocrx_word' id='word_1_354' title='bbox 385 2906 532 2934; x_wconf 62' lang='lat' dir='ltr'>Ponaxct</span> <span class='ocrx_word' id='word_1_355' title='bbox 550 2908 752 2941; x_wconf 65' lang='lat' dir='ltr'>Clzronz&#39;com</span> <span class='ocrx_word' id='word_1_356' title='bbox 766 2914 788 2937; x_wconf 92' lang='lat' dir='ltr'>t.</span> <span class='ocrx_word' id='word_1_357' title='bbox 802 2917 848 2945; x_wconf 65' lang='lat' dir='ltr'>tv.</span> <span class='ocrx_word' id='word_1_358' title='bbox 864 2918 940 2945; x_wconf 82' lang='lat' dir='ltr'>pag.</span> <span class='ocrx_word' id='word_1_359' title='bbox 956 2912 1018 2945; x_wconf 54' lang='lat'>450,</span> <span class='ocrx_word' id='word_1_360' title='bbox 1034 2917 1150 2940; x_wconf 85' lang='lat' dir='ltr'>annot.</span> <span class='ocrx_word' id='word_1_361' title='bbox 1175 2913 1197 2940; x_wconf 86' lang='lat'>1.</span> 
     </span>
    </p>
   </div>
  </div>
 </body>
</html>
