<?xml version="1.0" encoding="UTF-8"?>
<!DOCTYPE html PUBLIC "-//W3C//DTD XHTML 1.0 Transitional//EN"
    "http://www.w3.org/TR/xhtml1/DTD/xhtml1-transitional.dtd">
<html xmlns="http://www.w3.org/1999/xhtml" xml:lang="en" lang="en">
 <head>
  <title>
</title>
<meta http-equiv="Content-Type" content="text/html;charset=utf-8" />
  <meta name='ocr-system' content='tesseract 3.04.00' />
  <meta name='ocr-capabilities' content='ocr_page ocr_carea ocr_par ocr_line ocrx_word'/>
</head>
<body>
  <div class='ocr_page' id='page_1' title='image "./litteraequadrime1503lain_0388.png"; bbox 0 0 2028 3328; ppageno 0'>
   <div class='ocr_carea' id='block_1_1' title="bbox 197 131 1318 175">
    <p class='ocr_par' dir='ltr' id='par_1_1' title="bbox 197 131 1318 175">
     <span class='ocr_line' id='line_1_1' title="bbox 197 131 1318 175; baseline -0.004 -4"><span class='ocrx_word' id='word_1_1' title='bbox 197 133 269 171; x_wconf 81' lang='lat'>382</span> <span class='ocrx_word' id='word_1_2' title='bbox 714 131 941 169; x_wconf 81' lang='lat' dir='ltr'>LITTERAE</span> <span class='ocrx_word' id='word_1_3' title='bbox 960 140 1318 175; x_wconf 78' lang='lat' dir='ltr'><strong>QUADRIMESTRES</strong></span> 
     </span>
    </p>
   </div>
   <div class='ocr_carea' id='block_1_2' title="bbox 184 225 1829 2835">
    <p class='ocr_par' dir='ltr' id='par_1_2' title="bbox 187 225 1829 1701">
     <span class='ocr_line' id='line_1_2' title="bbox 197 225 1829 280; baseline -0.002 -10"><span class='ocrx_word' id='word_1_4' title='bbox 197 230 461 270; x_wconf 87' lang='lat' dir='ltr'>dicatorum</span> <span class='ocrx_word' id='word_1_5' title='bbox 500 230 612 279; x_wconf 85' lang='lat' dir='ltr'>viri,</span> <span class='ocrx_word' id='word_1_6' title='bbox 654 229 880 280; x_wconf 79' lang='lat' dir='ltr'>Magister</span> <span class='ocrx_word' id='word_1_7' title='bbox 918 228 1147 269; x_wconf 90' lang='lat' dir='ltr'>Canarius</span> <span class='ocrx_word' id='word_1_8' title='bbox 1191 226 1199 245; x_wconf 91' lang='lat'>¹</span> <span class='ocrx_word' id='word_1_9' title='bbox 1241 233 1284 266; x_wconf 90' lang='lat' dir='ltr'>et</span> <span class='ocrx_word' id='word_1_10' title='bbox 1319 226 1547 276; x_wconf 76' lang='lat' dir='ltr'>Magister</span> <span class='ocrx_word' id='word_1_11' title='bbox 1582 225 1829 266; x_wconf 87' lang='lat' dir='ltr'>Vicentius</span> 
     </span>
     <span class='ocr_line' id='line_1_3' title="bbox 202 296 1827 352; baseline -0.002 -11"><span class='ocrx_word' id='word_1_12' title='bbox 202 301 391 342; x_wconf 90' lang='lat' dir='ltr'>Caluus.</span> <span class='ocrx_word' id='word_1_13' title='bbox 428 301 591 352; x_wconf 84' lang='lat' dir='ltr'>Agunt</span> <span class='ocrx_word' id='word_1_14' title='bbox 622 300 866 341; x_wconf 78' lang='lat' dir='ltr'>dialectice</span> <span class='ocrx_word' id='word_1_15' title='bbox 906 306 950 339; x_wconf 90' lang='lat' dir='ltr'>et</span> <span class='ocrx_word' id='word_1_16' title='bbox 985 298 1245 348; x_wconf 78' lang='lat' dir='ltr'><strong>theologice</strong></span> <span class='ocrx_word' id='word_1_17' title='bbox 1285 297 1427 336; x_wconf 87' lang='lat' dir='ltr'>semel</span> <span class='ocrx_word' id='word_1_18' title='bbox 1467 302 1604 347; x_wconf 88' lang='lat' dir='ltr'>atque</span> <span class='ocrx_word' id='word_1_19' title='bbox 1644 296 1827 337; x_wconf 89' lang='lat' dir='ltr'>iterum:</span> 
     </span>
     <span class='ocr_line' id='line_1_4' title="bbox 196 367 1828 419; baseline -0.005 -6"><span class='ocrx_word' id='word_1_20' title='bbox 196 373 371 413; x_wconf 85' lang='lat' dir='ltr'>frustra</span> <span class='ocrx_word' id='word_1_21' title='bbox 391 379 549 412; x_wconf 88' lang='lat' dir='ltr'>tamen</span> <span class='ocrx_word' id='word_1_22' title='bbox 570 371 892 412; x_wconf 89' lang='lat' dir='ltr'>efficacissima</span> <span class='ocrx_word' id='word_1_23' title='bbox 922 382 1007 410; x_wconf 90' lang='lat' dir='ltr'>sua</span> <span class='ocrx_word' id='word_1_24' title='bbox 1041 374 1320 419; x_wconf 81' lang='lat' dir='ltr'>argumenta</span> <span class='ocrx_word' id='word_1_25' title='bbox 1351 373 1638 417; x_wconf 85' lang='lat' dir='ltr'>proponunt;</span> <span class='ocrx_word' id='word_1_26' title='bbox 1665 367 1828 407; x_wconf 83' lang='lat' dir='ltr'>obcae-</span> 
     </span>
     <span class='ocr_line' id='line_1_5' title="bbox 198 437 1823 489; baseline -0.004 -5"><span class='ocrx_word' id='word_1_27' title='bbox 198 450 355 484; x_wconf 88' lang='lat' dir='ltr'>catum</span> <span class='ocrx_word' id='word_1_28' title='bbox 377 443 498 483; x_wconf 91' lang='lat' dir='ltr'>enim</span> <span class='ocrx_word' id='word_1_29' title='bbox 520 450 621 483; x_wconf 88' lang='lat' dir='ltr'>erat</span> <span class='ocrx_word' id='word_1_30' title='bbox 656 454 737 482; x_wconf 87' lang='lat' dir='ltr'>cor</span> <span class='ocrx_word' id='word_1_31' title='bbox 767 442 900 481; x_wconf 91' lang='lat' dir='ltr'>illius.</span> <span class='ocrx_word' id='word_1_32' title='bbox 934 440 1069 480; x_wconf 85' lang='lat' dir='ltr'>Mane</span> <span class='ocrx_word' id='word_1_33' title='bbox 1091 440 1220 479; x_wconf 90' lang='lat' dir='ltr'>solus</span> <span class='ocrx_word' id='word_1_34' title='bbox 1249 437 1293 478; x_wconf 84' lang='grc' dir='ltr'>Ρ.</span> <span class='ocrx_word' id='word_1_35' title='bbox 1319 437 1521 486; x_wconf 82' lang='lat' dir='ltr'>XuareZ,</span> <span class='ocrx_word' id='word_1_36' title='bbox 1547 438 1621 477; x_wconf 89' lang='lat' dir='ltr'>cui</span> <span class='ocrx_word' id='word_1_37' title='bbox 1642 439 1742 489; x_wconf 92' lang='lat' dir='ltr'>ipse</span> <span class='ocrx_word' id='word_1_38' title='bbox 1765 439 1823 478; x_wconf 92' lang='lat' dir='ltr'>ab</span> 
     </span>
     <span class='ocr_line' id='line_1_6' title="bbox 197 508 1827 561; baseline -0.004 -6"><span class='ocrx_word' id='word_1_39' title='bbox 197 515 368 555; x_wconf 88' lang='lat' dir='ltr'>auditis</span> <span class='ocrx_word' id='word_1_40' title='bbox 396 514 689 554; x_wconf 88' lang='lat' dir='ltr'>contionibus</span> <span class='ocrx_word' id='word_1_41' title='bbox 719 519 819 553; x_wconf 90' lang='lat' dir='ltr'>erat</span> <span class='ocrx_word' id='word_1_42' title='bbox 848 511 1057 560; x_wconf 87' lang='lat' dir='ltr'>affectus,</span> <span class='ocrx_word' id='word_1_43' title='bbox 1083 509 1286 561; x_wconf 89' lang='lat' dir='ltr'>quadam</span> <span class='ocrx_word' id='word_1_44' title='bbox 1308 509 1444 548; x_wconf 91' lang='lat' dir='ltr'>suaui</span> <span class='ocrx_word' id='word_1_45' title='bbox 1466 508 1827 549; x_wconf 74' lang='lat' dir='ltr'>ratiocinatione</span> 
     </span>
     <span class='ocr_line' id='line_1_7' title="bbox 194 578 1826 635; baseline -0.006 -9"><span class='ocrx_word' id='word_1_46' title='bbox 194 586 301 626; x_wconf 90' lang='lat' dir='ltr'>illuc</span> <span class='ocrx_word' id='word_1_47' title='bbox 322 597 427 626; x_wconf 93' lang='lat' dir='ltr'>eum</span> <span class='ocrx_word' id='word_1_48' title='bbox 448 585 649 634; x_wconf 81' lang='lat' dir='ltr'>deducit,</span> <span class='ocrx_word' id='word_1_49' title='bbox 672 592 722 625; x_wconf 86' lang='lat' dir='ltr'>vt</span> <span class='ocrx_word' id='word_1_50' title='bbox 745 591 927 635; x_wconf 86' lang='lat' dir='ltr'>optaret</span> <span class='ocrx_word' id='word_1_51' title='bbox 949 589 993 622; x_wconf 92' lang='lat' dir='ltr'>et</span> <span class='ocrx_word' id='word_1_52' title='bbox 1015 593 1073 621; x_wconf 82' lang='lat' dir='ltr'>ex</span> <span class='ocrx_word' id='word_1_53' title='bbox 1094 581 1249 620; x_wconf 92' lang='lat' dir='ltr'>animo</span> <span class='ocrx_word' id='word_1_54' title='bbox 1278 585 1455 631; x_wconf 89' lang='lat' dir='ltr'>peteret</span> <span class='ocrx_word' id='word_1_55' title='bbox 1476 591 1501 618; x_wconf 94' lang='lat' dir='ltr'>a</span> <span class='ocrx_word' id='word_1_56' title='bbox 1524 578 1726 619; x_wconf 90' lang='lat' dir='ltr'>Domino</span> <span class='ocrx_word' id='word_1_57' title='bbox 1750 579 1826 619; x_wconf 91' lang='lat' dir='ltr'>do-</span> 
     </span>
     <span class='ocr_line' id='line_1_8' title="bbox 195 650 1826 703; baseline -0.006 -6"><span class='ocrx_word' id='word_1_58' title='bbox 195 657 395 697; x_wconf 82' lang='lat' dir='ltr'>ctrinam</span> <span class='ocrx_word' id='word_1_59' title='bbox 424 663 467 696; x_wconf 86' lang='lat' dir='ltr'>et</span> <span class='ocrx_word' id='word_1_60' title='bbox 496 657 618 696; x_wconf 88' lang='lat' dir='ltr'>viam</span> <span class='ocrx_word' id='word_1_61' title='bbox 648 655 833 695; x_wconf 90' lang='lat' dir='ltr'>salutis:</span> <span class='ocrx_word' id='word_1_62' title='bbox 865 654 980 693; x_wconf 87' lang='lat' dir='ltr'>haec</span> <span class='ocrx_word' id='word_1_63' title='bbox 1017 657 1236 703; x_wconf 79' lang='lat' dir='ltr'>precatus</span> <span class='ocrx_word' id='word_1_64' title='bbox 1271 650 1348 690; x_wconf 85' lang='lat' dir='ltr'>illa</span> <span class='ocrx_word' id='word_1_65' title='bbox 1378 656 1515 689; x_wconf 85' lang='lat' dir='ltr'>nocte</span> <span class='ocrx_word' id='word_1_66' title='bbox 1543 650 1734 700; x_wconf 87' lang='lat' dir='ltr'>quieuit:</span> <span class='ocrx_word' id='word_1_67' title='bbox 1757 661 1826 690; x_wconf 87' lang='lat' dir='ltr'>se-</span> 
     </span>
     <span class='ocr_line' id='line_1_9' title="bbox 194 720 1823 780; baseline -0.006 -11"><span class='ocrx_word' id='word_1_68' title='bbox 194 729 353 780; x_wconf 87' lang='lat' dir='ltr'>quenti</span> <span class='ocrx_word' id='word_1_69' title='bbox 373 739 486 767; x_wconf 89' lang='lat' dir='ltr'>vero</span> <span class='ocrx_word' id='word_1_70' title='bbox 509 727 596 777; x_wconf 89' lang='lat' dir='ltr'>die,</span> <span class='ocrx_word' id='word_1_71' title='bbox 620 726 813 767; x_wconf 80' lang='lat' dir='ltr'>exordio</span> <span class='ocrx_word' id='word_1_72' title='bbox 836 726 958 765; x_wconf 86' lang='lat' dir='ltr'>facto</span> <span class='ocrx_word' id='word_1_73' title='bbox 981 736 1007 763; x_wconf 91' lang='lat' dir='ltr'>a</span> <span class='ocrx_word' id='word_1_74' title='bbox 1028 727 1257 774; x_wconf 82' lang='lat' dir='ltr'>potestate</span> <span class='ocrx_word' id='word_1_75' title='bbox 1277 720 1454 761; x_wconf 85' lang='lat' dir='ltr'>Summi</span> <span class='ocrx_word' id='word_1_76' title='bbox 1471 720 1725 771; x_wconf 71' lang='lat' dir='ltr'>pontificis,</span> <span class='ocrx_word' id='word_1_77' title='bbox 1750 721 1823 761; x_wconf 90' lang='lat' dir='ltr'>de-</span> 
     </span>
     <span class='ocr_line' id='line_1_10' title="bbox 194 790 1827 846; baseline -0.004 -6"><span class='ocrx_word' id='word_1_78' title='bbox 194 798 359 840; x_wconf 90' lang='lat' dir='ltr'>doctus</span> <span class='ocrx_word' id='word_1_79' title='bbox 381 805 450 839; x_wconf 86' lang='lat' dir='ltr'>est</span> <span class='ocrx_word' id='word_1_80' title='bbox 472 809 656 838; x_wconf 87' lang='lat' dir='ltr'>errores</span> <span class='ocrx_word' id='word_1_81' title='bbox 676 796 882 846; x_wconf 89' lang='lat' dir='ltr'>Lutheri,</span> <span class='ocrx_word' id='word_1_82' title='bbox 903 795 1065 846; x_wconf 77' lang='lat' dir='ltr'>hisque</span> <span class='ocrx_word' id='word_1_83' title='bbox 1088 792 1301 833; x_wconf 91' lang='lat' dir='ltr'>omnibus</span> <span class='ocrx_word' id='word_1_84' title='bbox 1318 790 1558 842; x_wconf 86' lang='lat' dir='ltr'>abjuratis,</span> <span class='ocrx_word' id='word_1_85' title='bbox 1581 792 1827 833; x_wconf 88' lang='lat' dir='ltr'>confessus</span> 
     </span>
     <span class='ocr_line' id='line_1_11' title="bbox 193 861 1826 914; baseline -0.006 -3"><span class='ocrx_word' id='word_1_86' title='bbox 193 876 264 911; x_wconf 89' lang='lat' dir='ltr'>est</span> <span class='ocrx_word' id='word_1_87' title='bbox 296 876 510 911; x_wconf 84' lang='lat' dir='ltr'>sanctam</span> <span class='ocrx_word' id='word_1_88' title='bbox 531 868 791 909; x_wconf 88' lang='lat' dir='ltr'>Ecclesiam</span> <span class='ocrx_word' id='word_1_89' title='bbox 822 865 1115 906; x_wconf 86' lang='lat' dir='ltr'>catholicam:</span> <span class='ocrx_word' id='word_1_90' title='bbox 1146 870 1191 903; x_wconf 93' lang='lat' dir='ltr'>et</span> <span class='ocrx_word' id='word_1_91' title='bbox 1220 862 1362 903; x_wconf 87' lang='lat' dir='ltr'>dilata</span> <span class='ocrx_word' id='word_1_92' title='bbox 1391 874 1473 914; x_wconf 89' lang='lat' dir='ltr'>per</span> <span class='ocrx_word' id='word_1_93' title='bbox 1499 861 1679 913; x_wconf 86' lang='lat' dir='ltr'>judices</span> <span class='ocrx_word' id='word_1_94' title='bbox 1701 863 1826 903; x_wconf 85' lang='lat' dir='ltr'>latae</span> 
     </span>
     <span class='ocr_line' id='line_1_12' title="bbox 194 934 1823 989; baseline -0.006 -6"><span class='ocrx_word' id='word_1_95' title='bbox 194 941 450 983; x_wconf 87' lang='lat' dir='ltr'>sententiae</span> <span class='ocrx_word' id='word_1_96' title='bbox 487 940 779 989; x_wconf 84' lang='lat' dir='ltr'>executione,</span> <span class='ocrx_word' id='word_1_97' title='bbox 816 937 994 977; x_wconf 85' lang='lat' dir='ltr'>reuelat</span> <span class='ocrx_word' id='word_1_98' title='bbox 1023 946 1107 975; x_wconf 90' lang='lat' dir='ltr'>sua</span> <span class='ocrx_word' id='word_1_99' title='bbox 1138 934 1335 974; x_wconf 89' lang='lat' dir='ltr'>crimina</span> <span class='ocrx_word' id='word_1_100' title='bbox 1366 934 1578 984; x_wconf 82' lang='lat' dir='ltr'>sequenti</span> <span class='ocrx_word' id='word_1_101' title='bbox 1612 940 1749 974; x_wconf 89' lang='lat' dir='ltr'>nocte</span> <span class='ocrx_word' id='word_1_102' title='bbox 1778 939 1823 974; x_wconf 93' lang='lat' dir='ltr'>et</span> 
     </span>
     <span class='ocr_line' id='line_1_13' title="bbox 192 1004 1823 1065; baseline -0.007 -11"><span class='ocrx_word' id='word_1_103' title='bbox 192 1019 380 1065; x_wconf 88' lang='lat' dir='ltr'>postero</span> <span class='ocrx_word' id='word_1_104' title='bbox 402 1011 475 1052; x_wconf 89' lang='lat' dir='ltr'>die</span> <span class='ocrx_word' id='word_1_105' title='bbox 495 1011 681 1051; x_wconf 89' lang='lat' dir='ltr'>circiter</span> <span class='ocrx_word' id='word_1_106' title='bbox 704 1008 869 1060; x_wconf 82' lang='lat' dir='ltr'>viginti</span> <span class='ocrx_word' id='word_1_107' title='bbox 896 1007 1026 1047; x_wconf 90' lang='lat' dir='ltr'>horis</span> <span class='ocrx_word' id='word_1_108' title='bbox 1047 1005 1075 1057; x_wconf 80' lang='lat'>²,</span> <span class='ocrx_word' id='word_1_109' title='bbox 1105 1017 1214 1046; x_wconf 90' lang='lat' dir='ltr'>nam</span> <span class='ocrx_word' id='word_1_110' title='bbox 1236 1005 1344 1045; x_wconf 88' lang='lat' dir='ltr'>totis</span> <span class='ocrx_word' id='word_1_111' title='bbox 1365 1004 1559 1055; x_wconf 83' lang='lat' dir='ltr'>triginta</span> <span class='ocrx_word' id='word_1_112' title='bbox 1581 1016 1665 1044; x_wconf 77' lang='lat' dir='ltr'>sex</span> <span class='ocrx_word' id='word_1_113' title='bbox 1688 1005 1823 1044; x_wconf 88' lang='lat' dir='ltr'>annis</span> 
     </span>
     <span class='ocr_line' id='line_1_14' title="bbox 191 1075 1823 1137; baseline -0.006 -12"><span class='ocrx_word' id='word_1_114' title='bbox 191 1084 456 1137; x_wconf 87' lang='lat' dir='ltr'>praeteritis</span> <span class='ocrx_word' id='word_1_115' title='bbox 476 1093 714 1134; x_wconf 91' lang='lat' dir='ltr'>nunquam</span> <span class='ocrx_word' id='word_1_116' title='bbox 736 1080 978 1121; x_wconf 85' lang='lat' dir='ltr'>confessus</span> <span class='ocrx_word' id='word_1_117' title='bbox 998 1078 1166 1118; x_wconf 87' lang='lat' dir='ltr'>fuerat:</span> <span class='ocrx_word' id='word_1_118' title='bbox 1203 1083 1247 1117; x_wconf 92' lang='lat' dir='ltr'>et</span> <span class='ocrx_word' id='word_1_119' title='bbox 1280 1076 1491 1128; x_wconf 88' lang='lat' dir='ltr'>sequenti</span> <span class='ocrx_word' id='word_1_120' title='bbox 1512 1076 1584 1115; x_wconf 86' lang='lat' dir='ltr'>die</span> <span class='ocrx_word' id='word_1_121' title='bbox 1616 1075 1661 1115; x_wconf 91' lang='lat' dir='ltr'>in</span> <span class='ocrx_word' id='word_1_122' title='bbox 1685 1076 1823 1116; x_wconf 86' lang='lat' dir='ltr'>altari</span> 
     </span>
     <span class='ocr_line' id='line_1_15' title="bbox 190 1147 1824 1208; baseline -0.007 -12"><span class='ocrx_word' id='word_1_123' title='bbox 190 1156 377 1208; x_wconf 89' lang='lat' dir='ltr'>publico</span> <span class='ocrx_word' id='word_1_124' title='bbox 411 1154 631 1202; x_wconf 90' lang='lat' dir='ltr'>carceris,</span> <span class='ocrx_word' id='word_1_125' title='bbox 670 1152 827 1192; x_wconf 90' lang='lat' dir='ltr'>audita</span> <span class='ocrx_word' id='word_1_126' title='bbox 862 1151 1019 1197; x_wconf 87' lang='lat' dir='ltr'>missa,</span> <span class='ocrx_word' id='word_1_127' title='bbox 1059 1147 1279 1200; x_wconf 87' lang='lat' dir='ltr'>abjurans</span> <span class='ocrx_word' id='word_1_128' title='bbox 1313 1147 1495 1198; x_wconf 78' lang='lat' dir='ltr'>publice</span> <span class='ocrx_word' id='word_1_129' title='bbox 1531 1157 1737 1197; x_wconf 84' lang='lat' dir='ltr'>errores,</span> <span class='ocrx_word' id='word_1_130' title='bbox 1778 1154 1824 1186; x_wconf 88' lang='lat' dir='ltr'>et</span> 
     </span>
     <span class='ocr_line' id='line_1_16' title="bbox 192 1219 1822 1271; baseline -0.007 -3"><span class='ocrx_word' id='word_1_131' title='bbox 192 1227 434 1268; x_wconf 84' lang='lat' dir='ltr'>confessus</span> <span class='ocrx_word' id='word_1_132' title='bbox 456 1224 714 1265; x_wconf 87' lang='lat' dir='ltr'>catholicas</span> <span class='ocrx_word' id='word_1_133' title='bbox 734 1223 973 1271; x_wconf 87' lang='lat' dir='ltr'>veritates,</span> <span class='ocrx_word' id='word_1_134' title='bbox 993 1219 1196 1271; x_wconf 87' lang='lat' dir='ltr'>suscepit</span> <span class='ocrx_word' id='word_1_135' title='bbox 1214 1219 1540 1259; x_wconf 75' lang='lat' dir='ltr'>Eucharistiae</span> <span class='ocrx_word' id='word_1_136' title='bbox 1558 1229 1822 1257; x_wconf 91' lang='lat' dir='ltr'>sacramen—</span> 
     </span>
     <span class='ocr_line' id='line_1_17' title="bbox 190 1289 1821 1342; baseline -0.007 -4"><span class='ocrx_word' id='word_1_137' title='bbox 190 1305 301 1338; x_wconf 89' lang='lat' dir='ltr'>tum.</span> <span class='ocrx_word' id='word_1_138' title='bbox 326 1297 411 1337; x_wconf 90' lang='lat' dir='ltr'>His</span> <span class='ocrx_word' id='word_1_139' title='bbox 431 1296 658 1336; x_wconf 88' lang='lat' dir='ltr'>successit</span> <span class='ocrx_word' id='word_1_140' title='bbox 681 1294 843 1334; x_wconf 88' lang='lat' dir='ltr'>concio</span> <span class='ocrx_word' id='word_1_141' title='bbox 866 1292 1018 1332; x_wconf 85' lang='lat' dir='ltr'>Patris</span> <span class='ocrx_word' id='word_1_142' title='bbox 1040 1291 1281 1342; x_wconf 86' lang='lat' dir='ltr'>Baptistae</span> <span class='ocrx_word' id='word_1_143' title='bbox 1316 1291 1358 1329; x_wconf 88' lang='lat' dir='ltr'>in</span> <span class='ocrx_word' id='word_1_144' title='bbox 1388 1290 1652 1340; x_wconf 84' lang='lat' dir='ltr'>gratiarum</span> <span class='ocrx_word' id='word_1_145' title='bbox 1681 1289 1821 1329; x_wconf 91' lang='lat' dir='ltr'>actio-</span> 
     </span>
     <span class='ocr_line' id='line_1_18' title="bbox 189 1360 1821 1420; baseline -0.007 -10"><span class='ocrx_word' id='word_1_146' title='bbox 189 1381 311 1410; x_wconf 87' lang='lat' dir='ltr'>nem:</span> <span class='ocrx_word' id='word_1_147' title='bbox 339 1380 458 1420; x_wconf 90' lang='lat' dir='ltr'>quae</span> <span class='ocrx_word' id='word_1_148' title='bbox 485 1367 640 1407; x_wconf 91' lang='lat' dir='ltr'>omnia</span> <span class='ocrx_word' id='word_1_149' title='bbox 678 1366 911 1406; x_wconf 86' lang='lat' dir='ltr'>maximae</span> <span class='ocrx_word' id='word_1_150' title='bbox 941 1363 1070 1403; x_wconf 89' lang='lat' dir='ltr'>fuere</span> <span class='ocrx_word' id='word_1_151' title='bbox 1098 1362 1302 1402; x_wconf 87' lang='lat' dir='ltr'>laetitiae</span> <span class='ocrx_word' id='word_1_152' title='bbox 1335 1368 1473 1412; x_wconf 86' lang='lat' dir='ltr'>atque</span> <span class='ocrx_word' id='word_1_153' title='bbox 1508 1360 1821 1400; x_wconf 83' lang='lat' dir='ltr'>aedificationi</span> 
     </span>
     <span class='ocr_line' id='line_1_19' title="bbox 189 1431 1817 1486; baseline -0.007 -5"><span class='ocrx_word' id='word_1_154' title='bbox 189 1452 282 1481; x_wconf 90' lang='lat' dir='ltr'>non</span> <span class='ocrx_word' id='word_1_155' title='bbox 304 1441 454 1480; x_wconf 91' lang='lat' dir='ltr'>solum</span> <span class='ocrx_word' id='word_1_156' title='bbox 476 1439 560 1479; x_wconf 88' lang='lat' dir='ltr'>toti</span> <span class='ocrx_word' id='word_1_157' title='bbox 591 1437 786 1486; x_wconf 88' lang='lat' dir='ltr'>carceri,</span> <span class='ocrx_word' id='word_1_158' title='bbox 817 1436 899 1476; x_wconf 87' lang='lat' dir='ltr'>sed</span> <span class='ocrx_word' id='word_1_159' title='bbox 929 1435 1070 1475; x_wconf 92' lang='lat' dir='ltr'>etiam</span> <span class='ocrx_word' id='word_1_160' title='bbox 1098 1444 1300 1484; x_wconf 81' lang='lat' dir='ltr'>magnae</span> <span class='ocrx_word' id='word_1_161' title='bbox 1323 1433 1444 1484; x_wconf 89' lang='lat' dir='ltr'>parti</span> <span class='ocrx_word' id='word_1_162' title='bbox 1468 1432 1686 1471; x_wconf 87' lang='lat' dir='ltr'>ciuitatis.</span> <span class='ocrx_word' id='word_1_163' title='bbox 1708 1431 1817 1471; x_wconf 84' lang='lat' dir='ltr'>Post</span> 
     </span>
     <span class='ocr_line' id='line_1_20' title="bbox 188 1503 1821 1559; baseline -0.007 -7"><span class='ocrx_word' id='word_1_164' title='bbox 188 1513 306 1552; x_wconf 88' lang='lat' dir='ltr'>haec</span> <span class='ocrx_word' id='word_1_165' title='bbox 334 1511 494 1551; x_wconf 90' lang='lat' dir='ltr'>detulit</span> <span class='ocrx_word' id='word_1_166' title='bbox 524 1509 582 1549; x_wconf 88' lang='lat' dir='ltr'>ad</span> <span class='ocrx_word' id='word_1_167' title='bbox 610 1508 909 1559; x_wconf 83' lang='lat' dir='ltr'>inquisitores</span> <span class='ocrx_word' id='word_1_168' title='bbox 940 1506 1115 1557; x_wconf 89' lang='lat' dir='ltr'>aliquot</span> <span class='ocrx_word' id='word_1_169' title='bbox 1150 1505 1306 1545; x_wconf 89' lang='lat' dir='ltr'>delicti</span> <span class='ocrx_word' id='word_1_170' title='bbox 1338 1504 1409 1543; x_wconf 89' lang='lat' dir='ltr'>sui</span> <span class='ocrx_word' id='word_1_171' title='bbox 1437 1503 1704 1554; x_wconf 85' lang='lat' dir='ltr'>complices,</span> <span class='ocrx_word' id='word_1_172' title='bbox 1730 1514 1821 1554; x_wconf 92' lang='lat' dir='ltr'>quo</span> 
     </span>
     <span class='ocr_line' id='line_1_21' title="bbox 187 1575 1823 1631; baseline -0.007 -7"><span class='ocrx_word' id='word_1_173' title='bbox 187 1584 395 1624; x_wconf 87' lang='lat' dir='ltr'>futurum</span> <span class='ocrx_word' id='word_1_174' title='bbox 417 1582 462 1621; x_wconf 88' lang='lat' dir='ltr'>in</span> <span class='ocrx_word' id='word_1_175' title='bbox 484 1581 685 1621; x_wconf 91' lang='lat' dir='ltr'>Domino</span> <span class='ocrx_word' id='word_1_176' title='bbox 703 1589 948 1631; x_wconf 89' lang='lat' dir='ltr'>speramus</span> <span class='ocrx_word' id='word_1_177' title='bbox 966 1576 1280 1628; x_wconf 86' lang='lat' dir='ltr'>colligendam</span> <span class='ocrx_word' id='word_1_178' title='bbox 1297 1587 1400 1615; x_wconf 91' lang='lat' dir='ltr'>esse</span> <span class='ocrx_word' id='word_1_179' title='bbox 1418 1575 1660 1624; x_wconf 79' lang='lat' dir='ltr'>zizaniam,</span> <span class='ocrx_word' id='word_1_180' title='bbox 1682 1586 1823 1626; x_wconf 90' lang='lat' dir='ltr'>quam</span> 
     </span>
     <span class='ocr_line' id='line_1_22' title="bbox 187 1646 1686 1701; baseline -0.007 -6"><span class='ocrx_word' id='word_1_181' title='bbox 187 1655 262 1695; x_wconf 92' lang='lat' dir='ltr'>ille</span> <span class='ocrx_word' id='word_1_182' title='bbox 279 1654 495 1694; x_wconf 91' lang='lat' dir='ltr'>inimicus</span> <span class='ocrx_word' id='word_1_183' title='bbox 516 1652 654 1692; x_wconf 92' lang='lat' dir='ltr'>homo</span> <span class='ocrx_word' id='word_1_184' title='bbox 675 1651 720 1690; x_wconf 92' lang='lat' dir='ltr'>in</span> <span class='ocrx_word' id='word_1_185' title='bbox 743 1651 863 1690; x_wconf 92' lang='lat' dir='ltr'>hanc</span> <span class='ocrx_word' id='word_1_186' title='bbox 882 1660 1065 1701; x_wconf 92' lang='lat' dir='ltr'>quoque</span> <span class='ocrx_word' id='word_1_187' title='bbox 1087 1648 1328 1698; x_wconf 78' lang='lat' dir='ltr'>regionem</span> <span class='ocrx_word' id='word_1_188' title='bbox 1349 1646 1686 1686; x_wconf 88' lang='lat' dir='ltr'>disseminauit.</span> 
     </span>
    </p>

    <p class='ocr_par' dir='ltr' id='par_1_3' title="bbox 184 1716 1821 2756">
     <span class='ocr_line' id='line_1_23' title="bbox 267 1716 1821 1774; baseline -0.006 -10"><span class='ocrx_word' id='word_1_189' title='bbox 267 1723 513 1765; x_wconf 88' lang='lat' dir='ltr'>Accedens</span> <span class='ocrx_word' id='word_1_190' title='bbox 548 1728 793 1774; x_wconf 88' lang='lat' dir='ltr'>praeterea</span> <span class='ocrx_word' id='word_1_191' title='bbox 828 1720 876 1760; x_wconf 84' lang='lat' dir='ltr'>P.</span> <span class='ocrx_word' id='word_1_192' title='bbox 907 1719 1121 1771; x_wconf 89' lang='lat' dir='ltr'>Baptista</span> <span class='ocrx_word' id='word_1_193' title='bbox 1152 1718 1383 1770; x_wconf 87' lang='lat' dir='ltr'>aliquibus</span> <span class='ocrx_word' id='word_1_194' title='bbox 1413 1716 1578 1756; x_wconf 88' lang='lat' dir='ltr'>diebus</span> <span class='ocrx_word' id='word_1_195' title='bbox 1608 1716 1740 1756; x_wconf 87' lang='lat' dir='ltr'>festis</span> <span class='ocrx_word' id='word_1_196' title='bbox 1761 1716 1821 1756; x_wconf 93' lang='lat' dir='ltr'>ad</span> 
     </span>
     <span class='ocr_line' id='line_1_24' title="bbox 186 1787 1817 1844; baseline -0.006 -8"><span class='ocrx_word' id='word_1_197' title='bbox 186 1797 293 1837; x_wconf 89' lang='lat' dir='ltr'>litus</span> <span class='ocrx_word' id='word_1_198' title='bbox 314 1794 530 1844; x_wconf 90' lang='lat' dir='ltr'>fluminis,</span> <span class='ocrx_word' id='word_1_199' title='bbox 560 1793 637 1833; x_wconf 92' lang='lat' dir='ltr'>ubi</span> <span class='ocrx_word' id='word_1_200' title='bbox 665 1791 911 1832; x_wconf 92' lang='lat' dir='ltr'>multitudo</span> <span class='ocrx_word' id='word_1_201' title='bbox 939 1791 1131 1831; x_wconf 90' lang='lat' dir='ltr'>nauium</span> <span class='ocrx_word' id='word_1_202' title='bbox 1158 1795 1439 1838; x_wconf 87' lang='lat' dir='ltr'>remoratur,</span> <span class='ocrx_word' id='word_1_203' title='bbox 1474 1794 1518 1828; x_wconf 91' lang='lat' dir='ltr'>et</span> <span class='ocrx_word' id='word_1_204' title='bbox 1540 1787 1817 1827; x_wconf 84' lang='lat' dir='ltr'>exhortatus</span> 
     </span>
     <span class='ocr_line' id='line_1_25' title="bbox 185 1860 1818 1917; baseline -0.006 -10"><span class='ocrx_word' id='word_1_205' title='bbox 185 1868 434 1908; x_wconf 90' lang='lat' dir='ltr'>naucleros</span> <span class='ocrx_word' id='word_1_206' title='bbox 455 1866 774 1917; x_wconf 87' lang='lat' dir='ltr'>reliquamque</span> <span class='ocrx_word' id='word_1_207' title='bbox 805 1863 1044 1903; x_wconf 88' lang='lat' dir='ltr'>nauticam</span> <span class='ocrx_word' id='word_1_208' title='bbox 1070 1860 1416 1902; x_wconf 85' lang='lat' dir='ltr'>multitudinem</span> <span class='ocrx_word' id='word_1_209' title='bbox 1438 1860 1497 1899; x_wconf 90' lang='lat' dir='ltr'>ad</span> <span class='ocrx_word' id='word_1_210' title='bbox 1521 1868 1818 1899; x_wconf 88' lang='lat' dir='ltr'>sacramenta</span> 
     </span>
     <span class='ocr_line' id='line_1_26' title="bbox 185 1921 1820 1981; baseline -0.006 -3"><span class='ocrx_word' id='word_1_211' title='bbox 185 1937 492 1979; x_wconf 87' lang='lat' dir='ltr'>confessionis</span> <span class='ocrx_word' id='word_1_212' title='bbox 514 1944 557 1975; x_wconf 90' lang='lat' dir='ltr'>et</span> <span class='ocrx_word' id='word_1_213' title='bbox 579 1935 895 1975; x_wconf 89' lang='lat' dir='ltr'>eucharistiae</span> <span class='ocrx_word' id='word_1_214' title='bbox 916 1945 1011 1974; x_wconf 91' lang='lat' dir='ltr'>non</span> <span class='ocrx_word' id='word_1_215' title='bbox 1034 1933 1134 1973; x_wconf 91' lang='lat' dir='ltr'>sine</span> <span class='ocrx_word' id='word_1_216' title='bbox 1151 1932 1306 1972; x_wconf 89' lang='lat' dir='ltr'>fructu</span> <span class='ocrx_word' id='word_1_217' title='bbox 1325 1931 1546 1981; x_wconf 79' lang='lat' dir='ltr'>maxim03</span> <span class='ocrx_word' id='word_1_218' title='bbox 1566 1942 1675 1970; x_wconf 90' lang='lat' dir='ltr'>ecce</span> <span class='ocrx_word' id='word_1_219' title='bbox 1697 1921 1820 1970; x_wconf 84' lang='lat' dir='ltr'>enim</span> 
     </span>
     <span class='ocr_line' id='line_1_27' title="bbox 184 2000 1815 2057; baseline -0.006 -8"><span class='ocrx_word' id='word_1_220' title='bbox 184 2009 243 2050; x_wconf 89' lang='lat' dir='ltr'>ad</span> <span class='ocrx_word' id='word_1_221' title='bbox 277 2021 361 2049; x_wconf 90' lang='lat' dir='ltr'>nos</span> <span class='ocrx_word' id='word_1_222' title='bbox 392 2007 629 2048; x_wconf 86' lang='lat' dir='ltr'>confluunt</span> <span class='ocrx_word' id='word_1_223' title='bbox 664 2006 826 2046; x_wconf 90' lang='lat' dir='ltr'>diebus</span> <span class='ocrx_word' id='word_1_224' title='bbox 860 2005 1101 2057; x_wconf 91' lang='lat' dir='ltr'>paschatis</span> <span class='ocrx_word' id='word_1_225' title='bbox 1135 2004 1267 2044; x_wconf 91' lang='lat' dir='ltr'>multi</span> <span class='ocrx_word' id='word_1_226' title='bbox 1302 2003 1514 2043; x_wconf 88' lang='lat' dir='ltr'>homines</span> <span class='ocrx_word' id='word_1_227' title='bbox 1548 2000 1815 2041; x_wconf 88' lang='lat' dir='ltr'>huiusmodi</span> 
     </span>
     <span class='ocr_line' id='line_1_28' title="bbox 184 2071 1817 2128; baseline -0.006 -8"><span class='ocrx_word' id='word_1_228' title='bbox 184 2080 458 2121; x_wconf 87' lang='lat' dir='ltr'>confessuri.</span> <span class='ocrx_word' id='word_1_229' title='bbox 482 2078 672 2128; x_wconf 81' lang='lat' dir='ltr'>Reperit</span> <span class='ocrx_word' id='word_1_230' title='bbox 699 2078 839 2118; x_wconf 89' lang='lat' dir='ltr'>etiam</span> <span class='ocrx_word' id='word_1_231' title='bbox 873 2087 1124 2128; x_wconf 88' lang='lat' dir='ltr'>puerorum</span> <span class='ocrx_word' id='word_1_232' title='bbox 1158 2081 1400 2115; x_wconf 88' lang='lat' dir='ltr'>cateruam</span> <span class='ocrx_word' id='word_1_233' title='bbox 1423 2072 1558 2124; x_wconf 85' lang='lat' dir='ltr'>juxta</span> <span class='ocrx_word' id='word_1_234' title='bbox 1592 2072 1715 2112; x_wconf 91' lang='lat' dir='ltr'>idem</span> <span class='ocrx_word' id='word_1_235' title='bbox 1735 2071 1817 2112; x_wconf 88' lang='lat' dir='ltr'>flu-</span> 
     </span>
     <span class='ocr_line' id='line_1_29' title="bbox 184 2143 1819 2201; baseline -0.006 -10"><span class='ocrx_word' id='word_1_236' title='bbox 184 2163 305 2201; x_wconf 89' lang='lat' dir='ltr'>men,</span> <span class='ocrx_word' id='word_1_237' title='bbox 321 2150 519 2191; x_wconf 85' lang='lat' dir='ltr'>fustibus</span> <span class='ocrx_word' id='word_1_238' title='bbox 536 2160 698 2189; x_wconf 90' lang='lat' dir='ltr'>coram</span> <span class='ocrx_word' id='word_1_239' title='bbox 713 2148 981 2200; x_wconf 83' lang='lat' dir='ltr'>spectaculo</span> <span class='ocrx_word' id='word_1_240' title='bbox 999 2157 1172 2198; x_wconf 83' lang='lat' dir='ltr'>magno</span> <span class='ocrx_word' id='word_1_241' title='bbox 1190 2147 1312 2186; x_wconf 84' lang='lat' dir='ltr'>Vltro</span> <span class='ocrx_word' id='word_1_242' title='bbox 1333 2145 1543 2195; x_wconf 87' lang='lat' dir='ltr'>citroque</span> <span class='ocrx_word' id='word_1_243' title='bbox 1561 2143 1819 2194; x_wconf 82' lang='lat' dir='ltr'>digladian-</span> 
     </span>
     <span class='ocr_line' id='line_1_30' title="bbox 184 2214 1815 2273; baseline -0.006 -10"><span class='ocrx_word' id='word_1_244' title='bbox 184 2223 312 2273; x_wconf 85' lang='lat' dir='ltr'>tium,</span> <span class='ocrx_word' id='word_1_245' title='bbox 337 2233 477 2273; x_wconf 84' lang='lat' dir='ltr'>quam</span> <span class='ocrx_word' id='word_1_246' title='bbox 495 2220 559 2271; x_wconf 90' lang='lat' dir='ltr'>(ut</span> <span class='ocrx_word' id='word_1_247' title='bbox 581 2219 742 2270; x_wconf 87' lang='lat' dir='ltr'>fertur)</span> <span class='ocrx_word' id='word_1_248' title='bbox 765 2231 850 2259; x_wconf 92' lang='lat' dir='ltr'>nec</span> <span class='ocrx_word' id='word_1_249' title='bbox 866 2218 1055 2258; x_wconf 88' lang='lat' dir='ltr'>lictores</span> <span class='ocrx_word' id='word_1_250' title='bbox 1072 2217 1161 2269; x_wconf 93' lang='lat' dir='ltr'>ipsi</span> <span class='ocrx_word' id='word_1_251' title='bbox 1182 2222 1400 2268; x_wconf 88' lang='lat' dir='ltr'>poterant</span> <span class='ocrx_word' id='word_1_252' title='bbox 1417 2214 1669 2266; x_wconf 90' lang='lat' dir='ltr'>aliquando</span> <span class='ocrx_word' id='word_1_253' title='bbox 1692 2225 1815 2254; x_wconf 90' lang='lat' dir='ltr'>com—</span> 
     </span>
     <span class='ocr_line' id='line_1_31' title="bbox 184 2287 1818 2346; baseline -0.006 -12"><span class='ocrx_word' id='word_1_254' title='bbox 184 2294 400 2346; x_wconf 87' lang='lat' dir='ltr'>primere,</span> <span class='ocrx_word' id='word_1_255' title='bbox 424 2298 468 2332; x_wconf 90' lang='lat' dir='ltr'>et</span> <span class='ocrx_word' id='word_1_256' title='bbox 488 2291 670 2331; x_wconf 90' lang='lat' dir='ltr'>blandis</span> <span class='ocrx_word' id='word_1_257' title='bbox 691 2289 987 2330; x_wconf 90' lang='lat' dir='ltr'>sermonibus</span> <span class='ocrx_word' id='word_1_258' title='bbox 1009 2288 1233 2339; x_wconf 84' lang='lat' dir='ltr'>alliciens,</span> <span class='ocrx_word' id='word_1_259' title='bbox 1257 2287 1403 2327; x_wconf 88' lang='lat' dir='ltr'>veluti</span> <span class='ocrx_word' id='word_1_260' title='bbox 1420 2297 1641 2338; x_wconf 87' lang='lat' dir='ltr'>pompam</span> <span class='ocrx_word' id='word_1_261' title='bbox 1659 2296 1818 2336; x_wconf 89' lang='lat' dir='ltr'>quam-</span> 
     </span>
     <span class='ocr_line' id='line_1_32' title="bbox 185 2355 1817 2413; baseline -0.006 -9"><span class='ocrx_word' id='word_1_262' title='bbox 185 2364 292 2404; x_wconf 86' lang='lat' dir='ltr'>dam</span> <span class='ocrx_word' id='word_1_263' title='bbox 313 2363 438 2403; x_wconf 89' lang='lat' dir='ltr'>ducit</span> <span class='ocrx_word' id='word_1_264' title='bbox 458 2373 540 2413; x_wconf 88' lang='lat' dir='ltr'>per</span> <span class='ocrx_word' id='word_1_265' title='bbox 562 2361 763 2402; x_wconf 89' lang='lat' dir='ltr'>mediam</span> <span class='ocrx_word' id='word_1_266' title='bbox 793 2361 968 2411; x_wconf 88' lang='lat' dir='ltr'>urbem,</span> <span class='ocrx_word' id='word_1_267' title='bbox 1002 2360 1103 2411; x_wconf 90' lang='lat' dir='ltr'>ipso</span> <span class='ocrx_word' id='word_1_268' title='bbox 1130 2359 1314 2399; x_wconf 88' lang='lat' dir='ltr'>dicente</span> <span class='ocrx_word' id='word_1_269' title='bbox 1336 2364 1381 2398; x_wconf 91' lang='lat' dir='ltr'>et</span> <span class='ocrx_word' id='word_1_270' title='bbox 1412 2357 1501 2397; x_wconf 89' lang='lat' dir='ltr'>illis</span> <span class='ocrx_word' id='word_1_271' title='bbox 1532 2355 1817 2407; x_wconf 86' lang='lat' dir='ltr'>responden-</span> 
     </span>
     <span class='ocr_line' id='line_1_33' title="bbox 184 2426 1814 2484; baseline -0.005 -10"><span class='ocrx_word' id='word_1_272' title='bbox 184 2435 305 2474; x_wconf 87' lang='lat' dir='ltr'>tibus</span> <span class='ocrx_word' id='word_1_273' title='bbox 341 2433 617 2481; x_wconf 86' lang='lat' dir='ltr'>doctrinam,</span> <span class='ocrx_word' id='word_1_274' title='bbox 646 2443 794 2484; x_wconf 88' lang='lat' dir='ltr'>Vsque</span> <span class='ocrx_word' id='word_1_275' title='bbox 823 2431 882 2471; x_wconf 88' lang='lat' dir='ltr'>ad</span> <span class='ocrx_word' id='word_1_276' title='bbox 910 2431 1076 2471; x_wconf 92' lang='lat' dir='ltr'>domus</span> <span class='ocrx_word' id='word_1_277' title='bbox 1108 2440 1383 2482; x_wconf 89' lang='lat' dir='ltr'>pauperum,</span> <span class='ocrx_word' id='word_1_278' title='bbox 1407 2428 1487 2468; x_wconf 82' lang='lat' dir='ltr'>vbi</span> <span class='ocrx_word' id='word_1_279' title='bbox 1514 2427 1660 2467; x_wconf 86' lang='lat' dir='ltr'>fustes</span> <span class='ocrx_word' id='word_1_280' title='bbox 1682 2426 1729 2466; x_wconf 90' lang='lat' dir='ltr'>in</span> <span class='ocrx_word' id='word_1_281' title='bbox 1748 2426 1814 2466; x_wconf 88' lang='lat' dir='ltr'>fa—</span> 
     </span>
     <span class='ocr_line' id='line_1_34' title="bbox 185 2499 1812 2555; baseline -0.005 -10"><span class='ocrx_word' id='word_1_282' title='bbox 185 2516 287 2545; x_wconf 87' lang='lat' dir='ltr'>sces</span> <span class='ocrx_word' id='word_1_283' title='bbox 308 2504 584 2555; x_wconf 83' lang='lat' dir='ltr'>congregati</span> <span class='ocrx_word' id='word_1_284' title='bbox 614 2502 719 2543; x_wconf 75' lang='lat' dir='ltr'>foco</span> <span class='ocrx_word' id='word_1_285' title='bbox 746 2513 1005 2554; x_wconf 89' lang='lat' dir='ltr'>pauperum</span> <span class='ocrx_word' id='word_1_286' title='bbox 1032 2501 1330 2552; x_wconf 88' lang='lat' dir='ltr'>deputantur,</span> <span class='ocrx_word' id='word_1_287' title='bbox 1354 2507 1400 2540; x_wconf 90' lang='lat' dir='ltr'>et</span> <span class='ocrx_word' id='word_1_288' title='bbox 1420 2499 1568 2551; x_wconf 90' lang='lat' dir='ltr'>pueri,</span> <span class='ocrx_word' id='word_1_289' title='bbox 1593 2509 1812 2546; x_wconf 88' lang='lat' dir='ltr'>sermone</span> 
     </span>
     <span class='ocr_line' id='line_1_35' title="bbox 185 2568 1816 2625; baseline -0.004 -11"><span class='ocrx_word' id='word_1_290' title='bbox 185 2575 357 2625; x_wconf 89' lang='lat' dir='ltr'>habito,</span> <span class='ocrx_word' id='word_1_291' title='bbox 389 2575 615 2614; x_wconf 85' lang='lat' dir='ltr'>benevole</span> <span class='ocrx_word' id='word_1_292' title='bbox 650 2573 959 2621; x_wconf 88' lang='lat' dir='ltr'>dimittuntur,</span> <span class='ocrx_word' id='word_1_293' title='bbox 998 2572 1115 2613; x_wconf 91' lang='lat' dir='ltr'>adeo</span> <span class='ocrx_word' id='word_1_294' title='bbox 1150 2571 1284 2612; x_wconf 90' lang='lat' dir='ltr'>nobis</span> <span class='ocrx_word' id='word_1_295' title='bbox 1314 2571 1431 2611; x_wconf 89' lang='lat' dir='ltr'>bene</span> <span class='ocrx_word' id='word_1_296' title='bbox 1453 2569 1621 2620; x_wconf 84' lang='lat' dir='ltr'>affecti,</span> <span class='ocrx_word' id='word_1_297' title='bbox 1658 2575 1708 2608; x_wconf 93' lang='lat' dir='ltr'>ut</span> <span class='ocrx_word' id='word_1_298' title='bbox 1739 2568 1816 2608; x_wconf 95' lang='lat' dir='ltr'>do-</span> 
     </span>
     <span class='ocr_line' id='line_1_36' title="bbox 184 2638 1816 2696; baseline -0.004 -11"><span class='ocrx_word' id='word_1_299' title='bbox 184 2656 310 2685; x_wconf 92' lang='lat' dir='ltr'>mum</span> <span class='ocrx_word' id='word_1_300' title='bbox 342 2656 490 2696; x_wconf 88' lang='lat' dir='ltr'>vsque</span> <span class='ocrx_word' id='word_1_301' title='bbox 526 2649 736 2684; x_wconf 89' lang='lat' dir='ltr'>nostram</span> <span class='ocrx_word' id='word_1_302' title='bbox 768 2642 931 2683; x_wconf 85' lang='lat' dir='ltr'>Patres</span> <span class='ocrx_word' id='word_1_303' title='bbox 960 2643 1317 2692; x_wconf 81' lang='lat' dir='ltr'>comitarentur,</span> <span class='ocrx_word' id='word_1_304' title='bbox 1352 2652 1407 2681; x_wconf 90' lang='lat' dir='ltr'>ac</span> <span class='ocrx_word' id='word_1_305' title='bbox 1434 2646 1611 2692; x_wconf 89' lang='lat' dir='ltr'>postea,</span> <span class='ocrx_word' id='word_1_306' title='bbox 1650 2638 1816 2679; x_wconf 87' lang='lat' dir='ltr'>relicta</span> 
     </span>
     <span class='ocr_line' id='line_1_37' title="bbox 184 2713 1365 2766; baseline -0.003 -11"><span class='ocrx_word' id='word_1_307' title='bbox 184 2715 532 2766; x_wconf 81' lang='lat' dir='ltr'>digladiatione,</span> <span class='ocrx_word' id='word_1_308' title='bbox 558 2714 758 2754; x_wconf 79' lang='lat' dir='ltr'>v1t1onei</span> <span class='ocrx_word' id='word_1_309' title='bbox 782 2714 841 2754; x_wconf 92' lang='lat' dir='ltr'>ad</span> <span class='ocrx_word' id='word_1_310' title='bbox 858 2713 1023 2753; x_wconf 87' lang='lat' dir='ltr'>Patres</span> <span class='ocrx_word' id='word_1_311' title='bbox 1044 2713 1365 2753; x_wconf 89' lang='lat' dir='ltr'>conuenirent.</span> 
     </span>
    </p>

    <p class='ocr_par' dir='ltr' id='par_1_4' title="bbox 263 2744 1814 2835">
     <span class='ocr_line' id='line_1_38' title="bbox 263 2744 1814 2835; baseline -0.003 -11"><span class='ocrx_word' id='word_1_312' title='bbox 263 2785 420 2826; x_wconf 84' lang='lat' dir='ltr'>Simile</span> <span class='ocrx_word' id='word_1_313' title='bbox 455 2785 773 2835; x_wconf 88' lang='lat' dir='ltr'>spectaculum</span> <span class='ocrx_word' id='word_1_314' title='bbox 804 2783 1127 2835; x_wconf 84' lang='lat' dir='ltr'>gratissimum</span> <span class='ocrx_word' id='word_1_315' title='bbox 1157 2782 1243 2823; x_wconf 86' lang='lat' dir='ltr'>fuit</span> <span class='ocrx_word' id='word_1_316' title='bbox 1281 2781 1482 2830; x_wconf 81' lang='lat' dir='ltr'>ciuitati3</span> <span class='ocrx_word' id='word_1_317' title='bbox 1521 2744 1814 2821; x_wconf 89' lang='lat' dir='ltr'>tantumdem</span> 
     </span>
    </p>
   </div>
   <div class='ocr_carea' id='block_1_3' title="bbox 237 2895 1183 2977">
    <p class='ocr_par' dir='ltr' id='par_1_5' title="bbox 237 2895 1183 2977">
     <span class='ocr_line' id='line_1_39' title="bbox 237 2895 861 2930; baseline 0 -8"><span class='ocrx_word' id='word_1_318' title='bbox 237 2898 252 2917; x_wconf 77' lang='lat'>⁴</span> <span class='ocrx_word' id='word_1_319' title='bbox 288 2896 375 2923; x_wconf 86' lang='lat' dir='ltr'>Vide</span> <span class='ocrx_word' id='word_1_320' title='bbox 391 2903 505 2930; x_wconf 84' lang='lat' dir='ltr'>supra,</span> <span class='ocrx_word' id='word_1_321' title='bbox 521 2903 599 2930; x_wconf 84' lang='lat' dir='ltr'>pag.</span> <span class='ocrx_word' id='word_1_322' title='bbox 615 2895 678 2925; x_wconf 79' lang='lat'><strong>378.</strong></span> <span class='ocrx_word' id='word_1_323' title='bbox 701 2900 817 2923; x_wconf 85' lang='lat' dir='ltr'>annot.</span> <span class='ocrx_word' id='word_1_324' title='bbox 836 2896 861 2922; x_wconf 88' lang='lat'>1.</span> 
     </span>
     <span class='ocr_line' id='line_1_40' title="bbox 238 2941 1183 2977; baseline -0.002 -7"><span class='ocrx_word' id='word_1_325' title='bbox 238 2944 251 2963; x_wconf 84' lang='lat'>5</span> <span class='ocrx_word' id='word_1_326' title='bbox 289 2943 393 2970; x_wconf 81' lang='lat' dir='ltr'>Recte</span> <span class='ocrx_word' id='word_1_327' title='bbox 410 2943 471 2970; x_wconf 86' lang='lat' dir='ltr'>hoc</span> <span class='ocrx_word' id='word_1_328' title='bbox 488 2951 529 2969; x_wconf 81' lang='lat' dir='ltr'>cx</span> <span class='ocrx_word' id='word_1_329' title='bbox 545 2943 687 2976; x_wconf 86' lang='lat' dir='ltr'>hispano</span> <span class='ocrx_word' id='word_1_330' title='bbox 704 2943 887 2977; x_wconf 84' lang='lat' dir='ltr'>intelliges,</span> <span class='ocrx_word' id='word_1_331' title='bbox 900 2950 1016 2977; x_wconf 79' lang='lat' dir='ltr'>supra,</span> <span class='ocrx_word' id='word_1_332' title='bbox 1032 2949 1109 2976; x_wconf 84' lang='lat' dir='ltr'>pag.</span> <span class='ocrx_word' id='word_1_333' title='bbox 1120 2941 1183 2969; x_wconf 85' lang='lat'>378.</span> 
     </span>
    </p>
   </div>
  </div>
 </body>
</html>
