<?xml version="1.0" encoding="UTF-8"?>
<!DOCTYPE html PUBLIC "-//W3C//DTD XHTML 1.0 Transitional//EN"
    "http://www.w3.org/TR/xhtml1/DTD/xhtml1-transitional.dtd">
<html xmlns="http://www.w3.org/1999/xhtml" xml:lang="en" lang="en">
 <head>
  <title>
</title>
<meta http-equiv="Content-Type" content="text/html;charset=utf-8" />
  <meta name='ocr-system' content='tesseract 3.04.00' />
  <meta name='ocr-capabilities' content='ocr_page ocr_carea ocr_par ocr_line ocrx_word'/>
</head>
<body>
  <div class='ocr_page' id='page_1' title='image "./litteraequadrime1503lain_0434.png"; bbox 0 0 2028 3328; ppageno 0'>
   <div class='ocr_carea' id='block_1_1' title="bbox 273 135 1391 180">
    <p class='ocr_par' dir='ltr' id='par_1_1' title="bbox 273 135 1391 180">
     <span class='ocr_line' id='line_1_1' title="bbox 273 135 1391 180; baseline 0.001 -7"><span class='ocrx_word' id='word_1_1' title='bbox 273 136 344 173; x_wconf 68' lang='lat'>428</span> <span class='ocrx_word' id='word_1_2' title='bbox 789 135 1015 174; x_wconf 76' lang='lat' dir='ltr'><strong>LITTERAE</strong></span> <span class='ocrx_word' id='word_1_3' title='bbox 1035 147 1391 180; x_wconf 78' lang='lat' dir='ltr'>QUADRIMESTRES</span> 
     </span>
    </p>
   </div>
   <div class='ocr_carea' id='block_1_2' title="bbox 273 233 1909 1491">
    <p class='ocr_par' dir='ltr' id='par_1_2' title="bbox 273 233 1907 851">
     <span class='ocr_line' id='line_1_2' title="bbox 276 233 1903 284; baseline 0.001 -12"><span class='ocrx_word' id='word_1_4' title='bbox 276 238 407 272; x_wconf 87' lang='lat' dir='ltr'>cetur</span> <span class='ocrx_word' id='word_1_5' title='bbox 427 233 474 272; x_wconf 85' lang='lat' dir='ltr'>in</span> <span class='ocrx_word' id='word_1_6' title='bbox 495 238 747 284; x_wconf 86' lang='lat' dir='ltr'>posterum.</span> <span class='ocrx_word' id='word_1_7' title='bbox 773 233 869 273; x_wconf 91' lang='lat' dir='ltr'>Nos</span> <span class='ocrx_word' id='word_1_8' title='bbox 897 233 1097 281; x_wconf 81' lang='lat' dir='ltr'>interim,</span> <span class='ocrx_word' id='word_1_9' title='bbox 1128 239 1177 273; x_wconf 89' lang='lat' dir='ltr'>ut</span> <span class='ocrx_word' id='word_1_10' title='bbox 1207 233 1434 284; x_wconf 79' lang='lat' dir='ltr'>proximis</span> <span class='ocrx_word' id='word_1_11' title='bbox 1455 233 1600 273; x_wconf 86' lang='lat' dir='ltr'>literis</span> <span class='ocrx_word' id='word_1_12' title='bbox 1633 234 1692 273; x_wconf 89' lang='lat' dir='ltr'>ad</span> <span class='ocrx_word' id='word_1_13' title='bbox 1719 240 1763 274; x_wconf 85' lang='lat' dir='ltr'>te</span> <span class='ocrx_word' id='word_1_14' title='bbox 1793 234 1903 274; x_wconf 91' lang='lat' dir='ltr'>scri-</span> 
     </span>
     <span class='ocr_line' id='line_1_3' title="bbox 275 303 1906 355; baseline 0.001 -12"><span class='ocrx_word' id='word_1_15' title='bbox 275 304 467 355; x_wconf 70' lang='lat' dir='ltr'>psimus,</span> <span class='ocrx_word' id='word_1_16' title='bbox 500 304 779 355; x_wconf 87' lang='lat' dir='ltr'>Episcopale</span> <span class='ocrx_word' id='word_1_17' title='bbox 806 303 1035 344; x_wconf 88' lang='lat' dir='ltr'>Palatium</span> <span class='ocrx_word' id='word_1_18' title='bbox 1057 304 1216 343; x_wconf 86' lang='lat' dir='ltr'>habet:</span> <span class='ocrx_word' id='word_1_19' title='bbox 1241 303 1485 354; x_wconf 76' lang='lat' dir='ltr'>proximae</span> <span class='ocrx_word' id='word_1_20' title='bbox 1514 304 1744 354; x_wconf 75' lang='lat' dir='ltr'>quaedam</span> <span class='ocrx_word' id='word_1_21' title='bbox 1766 305 1906 344; x_wconf 87' lang='lat' dir='ltr'>aedes</span> 
     </span>
     <span class='ocr_line' id='line_1_4' title="bbox 275 374 1905 426; baseline -0.001 -11"><span class='ocrx_word' id='word_1_22' title='bbox 275 375 537 426; x_wconf 82' lang='lat' dir='ltr'>gymnasiis</span> <span class='ocrx_word' id='word_1_23' title='bbox 559 375 618 415; x_wconf 91' lang='lat' dir='ltr'>ad</span> <span class='ocrx_word' id='word_1_24' title='bbox 647 381 829 426; x_wconf 88' lang='lat' dir='ltr'>tempus</span> <span class='ocrx_word' id='word_1_25' title='bbox 858 376 1166 415; x_wconf 74' lang='lat' dir='ltr'>destinantur.</span> <span class='ocrx_word' id='word_1_26' title='bbox 1205 374 1465 425; x_wconf 81' lang='lat' dir='ltr'>Episcopus</span> <span class='ocrx_word' id='word_1_27' title='bbox 1496 374 1719 414; x_wconf 83' lang='lat' dir='ltr'>nobilium</span> <span class='ocrx_word' id='word_1_28' title='bbox 1741 375 1905 414; x_wconf 86' lang='lat' dir='ltr'>domos</span> 
     </span>
     <span class='ocr_line' id='line_1_5' title="bbox 273 445 1905 497; baseline -0.001 -11"><span class='ocrx_word' id='word_1_29' title='bbox 273 445 553 497; x_wconf 86' lang='lat' dir='ltr'>frequentat,</span> <span class='ocrx_word' id='word_1_30' title='bbox 578 446 743 497; x_wconf 82' lang='lat' dir='ltr'>quibus</span> <span class='ocrx_word' id='word_1_31' title='bbox 767 446 875 486; x_wconf 88' lang='lat' dir='ltr'>olim</span> <span class='ocrx_word' id='word_1_32' title='bbox 896 446 1047 485; x_wconf 82' lang='lat' dir='ltr'>fuerat</span> <span class='ocrx_word' id='word_1_33' title='bbox 1067 445 1276 494; x_wconf 81' lang='lat' dir='ltr'>infestus,</span> <span class='ocrx_word' id='word_1_34' title='bbox 1300 445 1364 484; x_wconf 88' lang='lat' dir='ltr'>illi</span> <span class='ocrx_word' id='word_1_35' title='bbox 1394 451 1558 484; x_wconf 89' lang='lat' dir='ltr'>contra</span> <span class='ocrx_word' id='word_1_36' title='bbox 1586 445 1821 496; x_wconf 82' lang='lat' dir='ltr'>Episcopi:</span> <span class='ocrx_word' id='word_1_37' title='bbox 1847 445 1905 485; x_wconf 89' lang='lat' dir='ltr'>ab</span> 
     </span>
     <span class='ocr_line' id='line_1_6' title="bbox 275 515 1906 568; baseline -0.001 -11"><span class='ocrx_word' id='word_1_38' title='bbox 275 517 439 557; x_wconf 89' lang='lat' dir='ltr'>ouibus</span> <span class='ocrx_word' id='word_1_39' title='bbox 460 517 609 556; x_wconf 89' lang='lat' dir='ltr'>bonus</span> <span class='ocrx_word' id='word_1_40' title='bbox 630 516 1052 568; x_wconf 85' lang='lat' dir='ltr'>pastorjudicatur.</span> <span class='ocrx_word' id='word_1_41' title='bbox 1074 515 1294 555; x_wconf 81' lang='lat' dir='ltr'>Materies</span> <span class='ocrx_word' id='word_1_42' title='bbox 1311 515 1475 565; x_wconf 88' lang='lat' dir='ltr'>omnis,</span> <span class='ocrx_word' id='word_1_43' title='bbox 1497 515 1716 566; x_wconf 87' lang='lat' dir='ltr'>artifices,</span> <span class='ocrx_word' id='word_1_44' title='bbox 1738 516 1906 556; x_wconf 88' lang='lat' dir='ltr'>instru-</span> 
     </span>
     <span class='ocr_line' id='line_1_7' title="bbox 277 586 1902 639; baseline -0.001 -11"><span class='ocrx_word' id='word_1_45' title='bbox 277 594 447 636; x_wconf 88' lang='lat' dir='ltr'>menta,</span> <span class='ocrx_word' id='word_1_46' title='bbox 479 588 709 628; x_wconf 85' lang='lat' dir='ltr'>destinato</span> <span class='ocrx_word' id='word_1_47' title='bbox 746 588 874 639; x_wconf 86' lang='lat' dir='ltr'>operi</span> <span class='ocrx_word' id='word_1_48' title='bbox 909 588 980 627; x_wconf 88' lang='lat' dir='ltr'>his</span> <span class='ocrx_word' id='word_1_49' title='bbox 1015 587 1175 626; x_wconf 85' lang='lat' dir='ltr'>diebus</span> <span class='ocrx_word' id='word_1_50' title='bbox 1211 586 1564 637; x_wconf 80' lang='lat' dir='ltr'>diligentissime</span> <span class='ocrx_word' id='word_1_51' title='bbox 1600 594 1902 638; x_wconf 83' lang='lat' dir='ltr'>quaeruntur,</span> 
     </span>
     <span class='ocr_line' id='line_1_8' title="bbox 275 657 1904 710; baseline -0.002 -11"><span class='ocrx_word' id='word_1_52' title='bbox 275 659 526 710; x_wconf 88' lang='lat' dir='ltr'>magnifica</span> <span class='ocrx_word' id='word_1_53' title='bbox 549 666 593 699; x_wconf 89' lang='lat' dir='ltr'>et</span> <span class='ocrx_word' id='word_1_54' title='bbox 614 659 811 699; x_wconf 86' lang='lat' dir='ltr'>illustria</span> <span class='ocrx_word' id='word_1_55' title='bbox 835 658 989 698; x_wconf 89' lang='lat' dir='ltr'>omnia</span> <span class='ocrx_word' id='word_1_56' title='bbox 1020 658 1170 696; x_wconf 83' lang='lat' dir='ltr'>bonus</span> <span class='ocrx_word' id='word_1_57' title='bbox 1198 657 1273 697; x_wconf 92' lang='lat' dir='ltr'>hic</span> <span class='ocrx_word' id='word_1_58' title='bbox 1303 658 1492 708; x_wconf 89' lang='lat' dir='ltr'>praesul</span> <span class='ocrx_word' id='word_1_59' title='bbox 1527 658 1726 705; x_wconf 87' lang='lat' dir='ltr'>molitur,</span> <span class='ocrx_word' id='word_1_60' title='bbox 1758 657 1796 697; x_wconf 92' lang='lat' dir='ltr'>si</span> <span class='ocrx_word' id='word_1_61' title='bbox 1818 657 1904 708; x_wconf 88' lang='lat' dir='ltr'>spi-</span> 
     </span>
     <span class='ocr_line' id='line_1_9' title="bbox 275 728 1907 779; baseline -0.002 -9"><span class='ocrx_word' id='word_1_62' title='bbox 275 731 414 770; x_wconf 89' lang='lat' dir='ltr'>ritum</span> <span class='ocrx_word' id='word_1_63' title='bbox 436 730 495 770; x_wconf 87' lang='lat' dir='ltr'>ad</span> <span class='ocrx_word' id='word_1_64' title='bbox 516 737 777 770; x_wconf 79' lang='lat' dir='ltr'>extremum</span> <span class='ocrx_word' id='word_1_65' title='bbox 797 729 967 769; x_wconf 87' lang='lat' dir='ltr'>ducere</span> <span class='ocrx_word' id='word_1_66' title='bbox 990 729 1149 779; x_wconf 78' lang='lat' dir='ltr'>possit,</span> <span class='ocrx_word' id='word_1_67' title='bbox 1174 728 1263 768; x_wconf 87' lang='lat' dir='ltr'>nisi</span> <span class='ocrx_word' id='word_1_68' title='bbox 1285 729 1555 779; x_wconf 82' lang='lat' dir='ltr'>praeclaros</span> <span class='ocrx_word' id='word_1_69' title='bbox 1572 728 1687 768; x_wconf 90' lang='lat' dir='ltr'>istos</span> <span class='ocrx_word' id='word_1_70' title='bbox 1710 735 1907 768; x_wconf 82' lang='lat' dir='ltr'>conatus</span> 
     </span>
     <span class='ocr_line' id='line_1_10' title="bbox 275 801 702 851; baseline -0.005 -9"><span class='ocrx_word' id='word_1_71' title='bbox 275 813 402 842; x_wconf 89' lang='lat' dir='ltr'>mors</span> <span class='ocrx_word' id='word_1_72' title='bbox 422 801 702 851; x_wconf 80' lang='lat' dir='ltr'>intercipiat.</span> 
     </span>
    </p>

    <p class='ocr_par' dir='ltr' id='par_1_3' title="bbox 276 869 1909 1349">
     <span class='ocr_line' id='line_1_11' title="bbox 356 869 1908 921; baseline -0.002 -9"><span class='ocrx_word' id='word_1_73' title='bbox 356 871 519 912; x_wconf 87' lang='lat' dir='ltr'>Patres</span> <span class='ocrx_word' id='word_1_74' title='bbox 538 878 582 911; x_wconf 91' lang='lat' dir='ltr'>et</span> <span class='ocrx_word' id='word_1_75' title='bbox 598 871 767 911; x_wconf 85' lang='lat' dir='ltr'>fratres</span> <span class='ocrx_word' id='word_1_76' title='bbox 784 869 917 921; x_wconf 88' lang='lat' dir='ltr'>hujus</span> <span class='ocrx_word' id='word_1_77' title='bbox 935 870 1099 910; x_wconf 88' lang='lat' dir='ltr'>domus</span> <span class='ocrx_word' id='word_1_78' title='bbox 1116 870 1232 910; x_wconf 86' lang='lat' dir='ltr'>bene</span> <span class='ocrx_word' id='word_1_79' title='bbox 1249 871 1420 918; x_wconf 84' lang='lat' dir='ltr'>ualent,</span> <span class='ocrx_word' id='word_1_80' title='bbox 1445 870 1761 910; x_wconf 86' lang='lat' dir='ltr'>ualetudinem</span> <span class='ocrx_word' id='word_1_81' title='bbox 1782 870 1908 909; x_wconf 84' lang='lat' dir='ltr'>boni-</span> 
     </span>
     <span class='ocr_line' id='line_1_12' title="bbox 277 940 1909 993; baseline -0.002 -10"><span class='ocrx_word' id='word_1_82' title='bbox 277 949 373 983; x_wconf 91' lang='lat' dir='ltr'>tate</span> <span class='ocrx_word' id='word_1_83' title='bbox 395 949 439 983; x_wconf 90' lang='lat' dir='ltr'>et</span> <span class='ocrx_word' id='word_1_84' title='bbox 460 943 704 982; x_wconf 87' lang='lat' dir='ltr'>clementia</span> <span class='ocrx_word' id='word_1_85' title='bbox 729 954 812 981; x_wconf 87' lang='lat' dir='ltr'>sua</span> <span class='ocrx_word' id='word_1_86' title='bbox 843 941 1045 981; x_wconf 87' lang='lat' dir='ltr'>Domino</span> <span class='ocrx_word' id='word_1_87' title='bbox 1082 941 1315 989; x_wconf 87' lang='lat' dir='ltr'>firmante,</span> <span class='ocrx_word' id='word_1_88' title='bbox 1353 949 1402 981; x_wconf 90' lang='lat' dir='ltr'>ut</span> <span class='ocrx_word' id='word_1_89' title='bbox 1435 942 1481 981; x_wconf 88' lang='lat' dir='ltr'>in</span> <span class='ocrx_word' id='word_1_90' title='bbox 1503 940 1599 992; x_wconf 89' lang='lat' dir='ltr'>ejus</span> <span class='ocrx_word' id='word_1_91' title='bbox 1636 941 1909 993; x_wconf 84' lang='lat' dir='ltr'>obsequium</span> 
     </span>
     <span class='ocr_line' id='line_1_13' title="bbox 278 1012 1907 1065; baseline -0.001 -11"><span class='ocrx_word' id='word_1_92' title='bbox 278 1014 588 1065; x_wconf 86' lang='lat' dir='ltr'>impendatur.</span> <span class='ocrx_word' id='word_1_93' title='bbox 621 1013 876 1061; x_wconf 85' lang='lat' dir='ltr'>Orationis,</span> <span class='ocrx_word' id='word_1_94' title='bbox 912 1012 1304 1062; x_wconf 85' lang='lat' dir='ltr'>mortificationis,</span> <span class='ocrx_word' id='word_1_95' title='bbox 1342 1013 1647 1062; x_wconf 85' lang='lat' dir='ltr'>obedientiae,</span> <span class='ocrx_word' id='word_1_96' title='bbox 1677 1012 1907 1052; x_wconf 88' lang='lat' dir='ltr'>humilita-</span> 
     </span>
     <span class='ocr_line' id='line_1_14' title="bbox 277 1082 1908 1136; baseline -0.001 -11"><span class='ocrx_word' id='word_1_97' title='bbox 277 1085 336 1125; x_wconf 91' lang='lat' dir='ltr'>tis</span> <span class='ocrx_word' id='word_1_98' title='bbox 371 1085 610 1134; x_wconf 76' lang='lat' dir='ltr'>exercitia,</span> <span class='ocrx_word' id='word_1_99' title='bbox 648 1091 696 1124; x_wconf 90' lang='lat' dir='ltr'>ut</span> <span class='ocrx_word' id='word_1_100' title='bbox 729 1091 773 1124; x_wconf 92' lang='lat' dir='ltr'>te</span> <span class='ocrx_word' id='word_1_101' title='bbox 804 1084 976 1124; x_wconf 87' lang='lat' dir='ltr'>scimus</span> <span class='ocrx_word' id='word_1_102' title='bbox 1011 1085 1150 1134; x_wconf 87' lang='lat' dir='ltr'>uelle,</span> <span class='ocrx_word' id='word_1_103' title='bbox 1179 1090 1428 1124; x_wconf 85' lang='lat' dir='ltr'>seruantur</span> <span class='ocrx_word' id='word_1_104' title='bbox 1464 1082 1704 1136; x_wconf 87' lang='lat' dir='ltr'>majusque</span> <span class='ocrx_word' id='word_1_105' title='bbox 1735 1083 1782 1123; x_wconf 90' lang='lat' dir='ltr'>in</span> <span class='ocrx_word' id='word_1_106' title='bbox 1810 1083 1908 1123; x_wconf 90' lang='lat' dir='ltr'>dies</span> 
     </span>
     <span class='ocr_line' id='line_1_15' title="bbox 278 1154 1907 1207; baseline -0.001 -11"><span class='ocrx_word' id='word_1_107' title='bbox 278 1156 617 1196; x_wconf 87' lang='lat' dir='ltr'>incrementum</span> <span class='ocrx_word' id='word_1_108' title='bbox 638 1155 911 1206; x_wconf 89' lang='lat' dir='ltr'>suscipiunt.</span> <span class='ocrx_word' id='word_1_109' title='bbox 936 1154 1075 1194; x_wconf 81' lang='lat' dir='ltr'>Faxit</span> <span class='ocrx_word' id='word_1_110' title='bbox 1097 1154 1310 1195; x_wconf 84' lang='lat' dir='ltr'>Christus</span> <span class='ocrx_word' id='word_1_111' title='bbox 1339 1154 1475 1207; x_wconf 88' lang='lat' dir='ltr'>Jesus</span> <span class='ocrx_word' id='word_1_112' title='bbox 1497 1154 1727 1195; x_wconf 89' lang='lat' dir='ltr'>Dominus</span> <span class='ocrx_word' id='word_1_113' title='bbox 1747 1161 1907 1194; x_wconf 87' lang='lat' dir='ltr'>noster</span> 
     </span>
     <span class='ocr_line' id='line_1_16' title="bbox 278 1225 1907 1277; baseline -0.001 -10"><span class='ocrx_word' id='word_1_114' title='bbox 278 1233 327 1267; x_wconf 92' lang='lat' dir='ltr'>ut</span> <span class='ocrx_word' id='word_1_115' title='bbox 353 1238 487 1267; x_wconf 90' lang='lat' dir='ltr'>suam</span> <span class='ocrx_word' id='word_1_116' title='bbox 515 1238 675 1266; x_wconf 89' lang='lat' dir='ltr'>omnes</span> <span class='ocrx_word' id='word_1_117' title='bbox 702 1227 991 1266; x_wconf 85' lang='lat' dir='ltr'>uoluntatem</span> <span class='ocrx_word' id='word_1_118' title='bbox 1020 1237 1378 1276; x_wconf 84' lang='lat' dir='ltr'>cognoscamus,</span> <span class='ocrx_word' id='word_1_119' title='bbox 1412 1226 1650 1277; x_wconf 88' lang='lat' dir='ltr'>cognitam</span> <span class='ocrx_word' id='word_1_120' title='bbox 1684 1225 1827 1266; x_wconf 86' lang='lat' dir='ltr'>uerbo</span> <span class='ocrx_word' id='word_1_121' title='bbox 1863 1231 1907 1265; x_wconf 87' lang='lat' dir='ltr'>et</span> 
     </span>
     <span class='ocr_line' id='line_1_17' title="bbox 276 1296 929 1349; baseline -0.002 -11"><span class='ocrx_word' id='word_1_122' title='bbox 276 1309 417 1349; x_wconf 87' lang='lat' dir='ltr'>opere</span> <span class='ocrx_word' id='word_1_123' title='bbox 439 1309 741 1349; x_wconf 82' lang='lat' dir='ltr'>exequamur.</span> <span class='ocrx_word' id='word_1_124' title='bbox 763 1296 929 1337; x_wconf 86' lang='lat' dir='ltr'>Amen.</span> 
     </span>
    </p>

    <p class='ocr_par' dir='ltr' id='par_1_4' title="bbox 356 1368 1135 1420">
     <span class='ocr_line' id='line_1_18' title="bbox 356 1368 1135 1420; baseline -0.001 -12"><span class='ocrx_word' id='word_1_125' title='bbox 356 1368 639 1419; x_wconf 87' lang='lat' dir='ltr'>Placentiae,</span> <span class='ocrx_word' id='word_1_126' title='bbox 664 1368 853 1409; x_wconf 89' lang='lat' dir='ltr'>Calend.</span> <span class='ocrx_word' id='word_1_127' title='bbox 877 1368 989 1420; x_wconf 87' lang='lat' dir='ltr'>Maji</span> <span class='ocrx_word' id='word_1_128' title='bbox 1020 1368 1135 1408; x_wconf 88' lang='grc'><strong>1555.</strong></span> 
     </span>
    </p>

    <p class='ocr_par' dir='ltr' id='par_1_5' title="bbox 648 1439 1582 1491">
     <span class='ocr_line' id='line_1_19' title="bbox 648 1439 1582 1491; baseline -0.001 -11"><span class='ocrx_word' id='word_1_129' title='bbox 648 1440 792 1480; x_wconf 84' lang='lat' dir='ltr'>Filius</span> <span class='ocrx_word' id='word_1_130' title='bbox 813 1446 919 1480; x_wconf 90' lang='lat' dir='ltr'>tuus</span> <span class='ocrx_word' id='word_1_131' title='bbox 940 1439 1292 1491; x_wconf 87' lang='lat' dir='ltr'>indignissimus</span> <span class='ocrx_word' id='word_1_132' title='bbox 1312 1440 1360 1479; x_wconf 90' lang='lat' dir='ltr'>in</span> <span class='ocrx_word' id='word_1_133' title='bbox 1382 1439 1582 1490; x_wconf 85' lang='lat' dir='ltr'>ChristO,</span> 
     </span>
    </p>
   </div>
   <div class='ocr_carea' id='block_1_3' title="bbox 1207 1582 1691 1622">
    <p class='ocr_par' dir='ltr' id='par_1_6' title="bbox 1207 1582 1691 1622">
     <span class='ocr_line' id='line_1_20' title="bbox 1207 1582 1691 1622; baseline -0.002 0"><span class='ocrx_word' id='word_1_134' title='bbox 1207 1582 1427 1622; x_wconf 69' lang='lat' dir='ltr'>MICHAE&#39;L</span> <span class='ocrx_word' id='word_1_135' title='bbox 1447 1582 1691 1622; x_wconf 82' lang='lat' dir='ltr'><strong>VENEGAS.</strong></span> 
     </span>
    </p>
   </div>
   <div class='ocr_carea' id='block_1_4' title="bbox 273 1762 1907 2134">
    <p class='ocr_par' dir='ltr' id='par_1_7' title="bbox 273 1762 1907 1990">
     <span class='ocr_line' id='line_1_21' title="bbox 356 1762 1907 1849; baseline 0 -12"><span class='ocrx_word' id='word_1_136' title='bbox 356 1797 707 1849; x_wconf 69' lang='lat' dir='ltr'>Superscmptso</span> <span class='ocrx_word' id='word_1_137' title='bbox 749 1798 798 1837; x_wconf 79' lang='lat' dir='ltr'>ili</span> <span class='ocrx_word' id='word_1_138' title='bbox 837 1802 1011 1849; x_wconf 73' lang='lat' dir='ltr'>quarta</span> <span class='ocrx_word' id='word_1_139' title='bbox 1050 1798 1264 1849; x_wconf 74' lang='lat' dir='ltr'>pagina:</span> <span class='ocrx_word' id='word_1_140' title='bbox 1308 1762 1419 1838; x_wconf 60' lang='lat' dir='ltr'>Iffls.</span> <span class='ocrx_word' id='word_1_141' title='bbox 1458 1797 1559 1837; x_wconf 76' lang='lat' dir='ltr'>R.d0</span> <span class='ocrx_word' id='word_1_142' title='bbox 1588 1796 1838 1838; x_wconf 86' lang='lat' dir='ltr'>admodum</span> <span class='ocrx_word' id='word_1_143' title='bbox 1860 1798 1907 1837; x_wconf 89' lang='lat' dir='ltr'>in</span> 
     </span>
     <span class='ocr_line' id='line_1_22' title="bbox 275 1868 1906 1922; baseline 0 -14"><span class='ocrx_word' id='word_1_144' title='bbox 275 1868 463 1908; x_wconf 84' lang='lat' dir='ltr'>Christo</span> <span class='ocrx_word' id='word_1_145' title='bbox 484 1868 610 1909; x_wconf 90' lang='lat' dir='ltr'>Patri</span> <span class='ocrx_word' id='word_1_146' title='bbox 631 1869 691 1909; x_wconf 88' lang='lat' dir='ltr'>M.</span> <span class='ocrx_word' id='word_1_147' title='bbox 716 1869 898 1920; x_wconf 88' lang='lat' dir='ltr'>Ignatio</span> <span class='ocrx_word' id='word_1_148' title='bbox 926 1869 981 1909; x_wconf 88' lang='lat' dir='ltr'>de</span> <span class='ocrx_word' id='word_1_149' title='bbox 1008 1868 1188 1920; x_wconf 87' lang='lat' dir='ltr'>Loyola</span> <span class='ocrx_word' id='word_1_150' title='bbox 1215 1868 1464 1909; x_wconf 84' lang='lat' dir='ltr'>Societatis</span> <span class='ocrx_word' id='word_1_151' title='bbox 1499 1869 1609 1922; x_wconf 88' lang='lat' dir='ltr'>Jesu</span> <span class='ocrx_word' id='word_1_152' title='bbox 1630 1868 1906 1920; x_wconf 87' lang='lat' dir='ltr'>Praeposito</span> 
     </span>
     <span class='ocr_line' id='line_1_23' title="bbox 273 1940 845 1990; baseline 0.002 -11"><span class='ocrx_word' id='word_1_153' title='bbox 273 1940 498 1990; x_wconf 86' lang='lat' dir='ltr'>generali,</span> <span class='ocrx_word' id='word_1_154' title='bbox 522 1946 608 1981; x_wconf 86' lang='lat' dir='ltr'>etc.</span> <span class='ocrx_word' id='word_1_155' title='bbox 633 1940 845 1980; x_wconf 87' lang='lat' dir='ltr'>Romam.</span> 
     </span>
    </p>

    <p class='ocr_par' dir='ltr' id='par_1_8' title="bbox 353 2010 1821 2062">
     <span class='ocr_line' id='line_1_24' title="bbox 353 2010 1821 2062; baseline -0.001 -12"><span class='ocrx_word' id='word_1_156' title='bbox 353 2010 465 2050; x_wconf 74' lang='lat' dir='ltr'>Alia</span> <span class='ocrx_word' id='word_1_157' title='bbox 493 2023 656 2051; x_wconf 74' lang='lat' dir='ltr'>manu:</span> <span class='ocrx_word' id='word_1_158' title='bbox 681 2011 795 2051; x_wconf 86' lang='grc'><strong>1555.</strong></span> <span class='ocrx_word' id='word_1_159' title='bbox 821 2011 1076 2051; x_wconf 85' lang='lat' dir='ltr'>Placentia.</span> <span class='ocrx_word' id='word_1_160' title='bbox 1102 2010 1479 2062; x_wconf 85' lang='lat' dir='ltr'>Quadrimestres</span> <span class='ocrx_word' id='word_1_161' title='bbox 1507 2011 1522 2050; x_wconf 90' lang='lat'>1</span> <span class='ocrx_word' id='word_1_162' title='bbox 1548 2010 1674 2062; x_wconf 86' lang='lat' dir='ltr'>Maji.</span> <span class='ocrx_word' id='word_1_163' title='bbox 1699 2010 1753 2062; x_wconf 86' lang='lat' dir='ltr'>Q.</span> <span class='ocrx_word' id='word_1_164' title='bbox 1777 2010 1821 2052; x_wconf 84' lang='lat' dir='ltr'>S.</span> 
     </span>
    </p>

    <p class='ocr_par' dir='ltr' id='par_1_9' title="bbox 366 2082 971 2134">
     <span class='ocr_line' id='line_1_25' title="bbox 366 2082 971 2134; baseline 0.002 -13"><span class='ocrx_word' id='word_1_165' title='bbox 366 2082 627 2132; x_wconf 74' lang='lat' dir='ltr'>Vestigium</span> <span class='ocrx_word' id='word_1_166' title='bbox 649 2094 780 2123; x_wconf 67' lang='lat' dir='ltr'>cerae</span> <span class='ocrx_word' id='word_1_167' title='bbox 802 2082 971 2134; x_wconf 75' lang='lat' dir='ltr'>sigilli.</span> 
     </span>
    </p>
   </div>
  </div>
 </body>
</html>
