2028 3328
864 114 946 151 AN.
980 114 1070 151 1555
1711 116 1782 154 393

134 218 368 261 versatus,
392 211 648 252 domestico
670 211 875 263 quodam
897 202 1030 261 patre
1068 212 1300 258 consulto,
1324 217 1572 262 postquam
1603 213 1777 263 profes-

134 281 315 321 sionem
336 289 546 323 nostram
567 283 711 334 probe
733 282 926 322 edoctus
948 288 1032 331 est,
1058 281 1115 321 ad
1139 282 1400 332 spiritualia
1422 283 1648 322 exercitia
1670 295 1774 323 sese

137 353 299 392 statuit
332 352 568 403 conferre,
607 354 908 404 ingressurus
942 352 1162 392 nimirum
1196 351 1481 392 Societatem
1512 354 1550 392 si
1581 354 1776 394 subinde

137 423 426 464 admittatur.
449 424 545 465 Nec
581 436 694 464 vero
711 424 948 464 hominem
981 430 1191 463 moratur
1227 434 1302 463 res
1339 424 1601 474 praediues,
1635 436 1777 475 quam

136 495 360 545 possidet,
384 507 470 535 nec
489 496 614 536 aliud
637 495 891 547 quidquam
913 494 1132 534 deterret.
1157 494 1321 544 Populi
1344 501 1500 534 autem
1517 495 1593 545 pia
1616 495 1771 535 aedifi-

137 565 259 605 catio
281 567 452 605 crescit
472 566 519 606 in
540 565 653 616 dies;
678 566 766 606 hac
800 566 1081 616 praesertim
1115 564 1407 605 hebdomade
1442 576 1580 605 sacra
1605 566 1777 606 mirum

136 638 181 676 in
203 636 392 676 modum
419 637 604 677 fuerunt
627 637 857 687 delectati,
896 642 1149 688 conspecto
1181 643 1484 676 monumento
1522 636 1777 688 officiisque

136 707 320 757 diuinis,
346 719 465 759 quae
485 714 597 748 tono
620 708 858 758 mediocri,
890 708 957 748 sic
989 708 1113 748 enim
1134 708 1507 759 praescripserat
1542 707 1591 747 Ρ.
1616 715 1778 748 noster

136 777 420 818 Franciscus
444 778 470 829 ¹,
493 791 655 819 sumus
676 779 916 819 modulati.
954 778 1039 819 Cui
1074 785 1363 819 mercatores
1396 779 1649 830 populares
1681 791 1778 819 ma-

136 849 259 889 xime
288 849 571 901 institerunt,
603 851 984 891 concionatorem
1013 850 1214 902 aliquem
1242 849 1493 890 Societatis
1522 850 1779 901 efflagitan-

136 926 220 970 tes,
244 931 302 960 eX
325 932 415 971 quo
437 921 679 961 hominum
700 920 996 961 affectionem
1017 921 1150 961 iuxta
1171 921 1317 972 ipsius
1345 920 1611 961 doctrinam
1638 921 1778 960 facile

139 997 208 1030 est
230 990 492 1031 aduertere.

216 1061 362 1102 Porro
385 1061 548 1103 Patres
570 1075 626 1104 ac
647 1064 816 1104 fratres
839 1064 894 1104 de
916 1064 1067 1104 salute
1097 1064 1213 1103 bene
1245 1063 1417 1103 habent
1453 1070 1497 1104 et
1520 1065 1709 1104 omnino
1734 1065 1780 1104 in

140 1133 305 1173 iisdem
324 1143 528 1184 pergunt
558 1134 723 1174 studiis
751 1146 806 1174 ac
834 1135 1066 1186 negociis;
1096 1145 1281 1175 necnon
1313 1142 1357 1175 et
1393 1134 1594 1175 aedificii
1625 1136 1781 1175 nostri

137 1216 254 1255 opus
275 1204 504 1245 foeliciter
526 1216 629 1246 sese
649 1205 809 1246 habet:
833 1206 908 1246 cui
929 1206 1017 1246 hoc
1048 1217 1161 1246 vere
1190 1217 1424 1246 summam
1455 1218 1662 1255 manum,
1688 1206 1776 1246 Do-

138 1275 261 1314 mino
280 1282 529 1327 annuente,
554 1275 654 1316 fore
676 1277 1008 1328 imponendam
1024 1276 1275 1318 credimus.

216 1345 307 1385 Det
328 1347 463 1386 nobis
484 1346 698 1388 Christus
720 1348 922 1400 optimus
944 1349 1180 1388 maximus
1201 1349 1248 1389 in
1277 1348 1327 1388 Ρ.
1352 1349 1481 1389 Tuae
1512 1349 1776 1389 obedientia

140 1418 327 1468 integra
348 1418 614 1470 persistere,
639 1431 777 1471 quem
797 1428 848 1459 vt
883 1420 1101 1471 dignetur
1135 1432 1423 1460 conseruare
1451 1421 1496 1460 in
1533 1420 1603 1460 sui
1626 1421 1780 1460 maius

143 1488 389 1528 seruitium
410 1501 596 1540 semper
618 1501 881 1541 precamur.

221 1557 525 1611 Methymnae
547 1560 726 1613 Campi,
746 1561 770 1601 4
791 1561 1031 1603 Kalendas
1052 1562 1203 1603 Maias
1230 1563 1345 1602 1555.

221 1629 418 1670 Filiolus
440 1632 661 1672 minimus
683 1638 727 1672 et
750 1633 970 1684 indignus
991 1632 1040 1674 P.
1065 1634 1135 1686 T.‚

999 1812 1238 1865 JOSEPHUS
1267 1825 1328 1853 DE
1357 1812 1562 1854 AcosrA.

216 1989 638 2040 Superscrz'ptz'oz'n
656 1995 831 2041 quarta
849 1992 1058 2043 pagina:
1078 1993 1106 2040 †
1133 1991 1402 2032 Admodum
1437 1990 1538 2032 R.d0
1569 1991 1619 2031 In
1653 1991 1776 2043 Xpo.

136 2059 292 2109 Patri,
344 2059 473 2100 Patri
520 2060 718 2112 Ignatio,
763 2061 1038 2114 Praeposito
1087 2063 1312 2104 Generali
1352 2061 1603 2103 Societatis
1648 2062 1780 2115 Jesu,

139 2130 333 2171 Romae.

222 2201 333 2241 Alia
355 2212 518 2241 manu:
544 2201 658 2242 1555.
682 2202 957 2255 Methymna
979 2204 1161 2256 Campi,
1183 2203 1578 2255 Quadrimestres,
1598 2204 1722 2245 Maii.

221 2273 386 2312 Manet
408 2272 669 2323 vestigium
691 2284 823 2315 cerae
843 2279 887 2316 et
908 2275 1080 2327 sigilli.

194 2433 204 2453 ¹
243 2433 280 2461 P.
297 2433 506 2460 Franciscus
523 2433 562 2460 de
578 2433 692 2468 Borja.
706 2433 792 2460 Vide
808 2442 923 2469 supra,
939 2444 1017 2470 pag.
1039 2437 1101 2463 373.
