2028 3328
202 145 273 182 460
713 142 939 180 LITTERAE
965 150 1321 185 QUADRmESTREs

202 241 392 281 boribus
423 241 671 293 susceptis,
710 241 897 280 aiebant
925 251 973 279 se
1008 248 1246 289 nunquam
1281 247 1427 287 aeque
1462 235 1637 275 vidisse
1673 235 1836 286 pietati

202 312 384 352 deditas
415 324 469 352 ac
500 323 638 356 nunc.
672 318 716 351 et
746 312 869 351 hunc
899 311 1102 351 fructum
1145 308 1349 347 maxime
1376 307 1422 346 in
1459 306 1832 346 confessionibus

203 389 614 423 commonstrasse.
630 383 679 422 In
695 395 782 422 vsu
800 394 854 421 ac
875 380 1136 432 frequentia
1159 378 1491 430 mysteriorum
1504 376 1707 428 (Christo
1725 377 1836 429 Jesu

204 455 408 506 auspice)
431 465 613 504 semper
636 455 839 505 palmam
861 453 907 492 in
930 452 1017 491 hac
1039 451 1152 490 vrbe
1182 450 1329 489 tenuit
1355 455 1400 488 et
1430 454 1555 488 tenet
1576 447 1727 487 Divae
1749 448 1838 487 Lu-

204 526 305 565 ciae
327 526 502 577 templu
513 536 574 575 m;
599 536 798 575 magnus
819 524 941 563 enim
964 532 1221 562 concursus
1242 519 1594 572 poenitentium,
1620 531 1725 559 cum
1746 518 1836 559 die-

203 597 289 637 bus
307 597 567 646 dominicis,
591 602 689 636 tum
711 594 1068 635 solemnioribus
1085 592 1229 641 feriis,
1250 592 1472 642 templum
1489 591 1640 642 ipsum
1660 591 1834 641 implet,

205 667 282 718 qui
304 679 415 707 sane
436 667 670 707 vniuersis
697 664 1068 705 Bononiensibus
1098 669 1205 702 sunt
1227 662 1440 714 exemplo
1472 661 1838 713 disciplinaeque

205 738 251 778 in
271 737 461 778 Domini
481 737 584 777 Iesu
605 738 707 787 lege
730 743 773 777 et
793 736 1033 786 religione.

284 809 413 849 Haec
443 815 565 858 sunt,
598 819 823 859 perquam
853 804 1145 846 obseruande
1175 804 1329 853 Pater,
1353 815 1472 855 quae
1503 816 1530 843 a
1551 802 1766 843 Patribus
1795 810 1839 843 et

204 880 427 920 fratribus
458 880 528 919 his
560 879 786 930 proximis
808 877 1045 917 mensibus
1064 876 1265 927 (Christo
1297 875 1500 915 Domino
1532 874 1844 925 suffragante)

205 957 339 1002 gesta
368 958 488 991 sunt.
523 950 656 991 Nunc
686 949 916 1000 reliquum
938 954 1020 997 est,
1047 953 1094 987 ut
1117 947 1207 987 tuis
1229 958 1314 986 nos
1336 952 1460 986 totos
1482 945 1835 997 precationibus

205 1022 596 1071 commendemus,
628 1032 683 1061 ac
712 1033 738 1060 a
767 1020 879 1073 Jesu
906 1019 1080 1070 optimo
1112 1018 1317 1058 maximo
1347 1017 1553 1069 preceris
1576 1016 1709 1056 nobis
1732 1028 1836 1056 con-

207 1093 408 1133 stantiae
425 1093 671 1141 rationem,
688 1090 931 1131 charitatis
952 1090 1239 1137 thesaurum,
1255 1094 1299 1128 et
1320 1088 1467 1128 nostri
1491 1088 1699 1139 ipsorum
1716 1087 1840 1126 abiu—

205 1165 402 1204 rationis
432 1172 602 1209 arcem;
638 1175 727 1214 quo
769 1169 978 1202 nostram
1008 1172 1196 1201 crucem
1235 1159 1440 1211 quotidie
1474 1159 1704 1209 tollentes,
1742 1165 1841 1198 tum

206 1236 337 1276 nobis
373 1235 419 1274 in
448 1247 559 1275 uero
590 1241 633 1274 et
662 1245 863 1285 syncero
886 1233 1009 1272 illius
1032 1233 1159 1272 cultu
1182 1237 1465 1280 constemus,
1490 1236 1589 1271 tum
1610 1241 1695 1269 nos
1718 1237 1841 1269 totos

207 1306 265 1346 ad
296 1306 503 1346 eiusdem
533 1305 735 1345 studium
764 1311 807 1344 et
838 1304 1129 1344 uoluntatem
1165 1302 1488 1352 conferamus,
1521 1308 1619 1341 tum
1654 1312 1840 1341 omnem

211 1384 423 1418 nostram
458 1388 637 1426 curam,
663 1375 1025 1426 cogitationem,
1066 1385 1278 1426 operam,
1316 1374 1362 1413 in
1394 1373 1661 1413 mortalium
1707 1372 1840 1412 disci-

206 1449 332 1500 plina
353 1454 592 1500 ponentes,
618 1448 720 1487 illos
741 1459 765 1486 e
786 1446 999 1486 faucibus
1017 1445 1194 1497 antiqui
1211 1444 1441 1496 serpentis
1458 1449 1836 1495 extorqueamus,

206 1521 414 1571 integros
446 1532 501 1559 ac
532 1531 671 1559 sanos
702 1517 861 1558 mundi
890 1516 1129 1558 Seruatori
1160 1528 1215 1556 ac
1248 1515 1430 1556 custodi
1461 1515 1647 1555 Christo
1677 1513 1839 1554 redda-

207 1603 324 1631 mus.
347 1590 477 1630 Vale.

286 1662 538 1711 Bononiae,
563 1674 586 1701 e
608 1661 817 1711 Collegio
841 1659 1088 1700 Societatis
1107 1658 1234 1710 Jesu,
1259 1658 1476 1699 Calendis
1496 1657 1608 1698 Maii
1634 1657 1734 1696 1555
1757 1655 1783 1693 ¹.

287 1803 639 1857 Szscperscmptio
656 1804 705 1843 z'n
732 1806 900 1842 octava
911 1801 1102 1853 pagina
1125 1800 1345 1852 (septima
1366 1800 1555 1840 omnino
1578 1799 1729 1839 nitida
1748 1798 1840 1849 cst)

206 1877 365 1916 eadem
387 1887 549 1923 mann,
571 1886 688 1926 qnae
705 1874 847 1914 verba
870 1872 1088 1913 Calendis
1110 1871 1220 1912 Maii
1256 1871 1357 1911 1555
1377 1870 1591 1922 sempsit:
1620 1869 1651 1922 †
1679 1870 1779 1910 R.d0
1795 1870 1843 1910 in

204 1947 286 1988 Xf’
307 1947 400 1988 Pri.
425 1947 545 1987 ΜΨ
566 1946 748 1997 Ignatio
771 1945 826 1985 de
849 1944 1044 1996 Loyola,
1069 1943 1275 1995 Praep.t0
1292 1943 1432 1993 gnali.
1447 1941 1697 1983 Societatis
1713 1941 1839 1994 Jesu,

206 2019 418 2060 Romam.

282 2090 394 2130 Alia
421 2101 584 2130 manu:
616 2089 729 2128 1555.
753 2087 980 2127 Bononia.
1005 2085 1382 2137 Quadrimestres
1404 2083 1468 2125 Pst
1499 2084 1623 2124 maii.

298 2161 559 2212 Vestz‘gz'mn
581 2158 752 2210 sigilli.

262 2323 269 2341 ¹
311 2323 403 2350 Haec
418 2330 483 2350 non
499 2321 622 2356 Scipio.
639 2320 696 2348 sed
712 2320 800 2347 alius
816 2318 966 2352 scripsit.
