2028 3328
241 194 312 231 674
761 192 987 229 LITTERAE
1004 199 1362 235 QUADRIMESTRES

892 637 1229 693 CDXXXII

311 875 506 922 Joannes
528 874 773 917 Gutierrez,

356 938 425 976 Ex
445 939 767 976 commissione
788 938 932 975 Patris
953 938 1134 984 joannis
1156 938 1295 985 Pauli,
1318 939 1420 976 olim
1441 938 1659 986 Alvarez,

403 1005 522 1042 Patri
542 1004 711 1051 Ignatio
728 1004 781 1040 de
802 1002 984 1049 Loyola.

450 1069 664 1108 Sanlucar
684 1069 736 1105 de
757 1067 1040 1114 Barrameda,
1063 1070 1086 1105 2
1105 1067 1309 1106 Octobris
1332 1070 1425 1107 1555
1446 1069 1467 1106 ¹.

1034 1224 1056 1257 ,ἰ-

1000 1259 1098 1301 IHS

312 1419 579 1460 Admodum
601 1419 701 1460 Rdss
732 1420 777 1460 in
799 1420 919 1472 Xpo.
945 1419 1098 1461 Pater,
1124 1420 1224 1461 Pax
1246 1420 1418 1462 Christi
1439 1427 1526 1462 etc.

313 1490 438 1531 Inter
460 1503 513 1531 ea
536 1503 654 1542 quae
676 1503 725 1531 se
761 1491 874 1531 mihi
911 1491 1110 1532 offerunt
1148 1492 1198 1532 Ρ.
1239 1491 1292 1532 Τ.
1335 1492 1382 1532 in
1417 1493 1506 1533 hac
1541 1494 1874 1545 quadrimestri

239 1562 434 1613 epistola
458 1562 719 1613 scribenda,
744 1562 971 1614 imprimis
1009 1563 1120 1603 illud
1155 1570 1238 1614 est,
1277 1564 1399 1615 quod
1434 1576 1539 1604 cum
1574 1564 1760 1606 Patrem
1776 1565 1870 1606 Ma-

238 1633 439 1684 gistrum
458 1634 654 1686 Joanem
677 1633 889 1684 Paulum,
913 1633 1162 1674 Rectorem
1178 1640 1407 1685 nostrum,
1427 1635 1696 1676 deduxisset
1713 1635 1870 1677 Domi-

239 1716 327 1745 nus
348 1716 495 1756 usque
514 1704 572 1745 ad
590 1711 751 1757 portas
778 1706 957 1757 mortis,
992 1706 1055 1745 ita
1092 1711 1140 1746 ut
1176 1706 1277 1746 oleo
1309 1713 1475 1747 sancto
1509 1714 1779 1758 vngeretur,
1805 1714 1870 1748 ta-

230 1788 350 1827 men,
371 1788 429 1817 ex
449 1776 607 1817 diuina
628 1777 852 1828 bonitate,
892 1777 1038 1828 ipsius
1072 1785 1117 1817 et
1151 1777 1296 1817 nostri
1333 1778 1569 1829 misertus,
1605 1790 1699 1819 non
1720 1781 1874 1819 solum

233 1848 372 1887 morti
393 1859 486 1887 non
507 1847 697 1888 tradidit
720 1848 864 1899 illum,
888 1859 1053 1889 verum
1076 1848 1217 1888 etiam
1239 1848 1464 1900 pristinas
1487 1849 1605 1890 alias
1632 1849 1873 1890 infirmita-

230 1924 351 1958 tates
372 1919 628 1970 resoluens,
653 1919 884 1970 aptiorem
905 1919 1035 1959 illum
1057 1918 1116 1959 ad
1138 1931 1306 1960 munus
1328 1930 1465 1959 suum
1483 1920 1748 1960 obeundum
1766 1920 1872 1961 red-

231 1989 358 2039 didit3
384 1990 477 2029 iam
513 1990 637 2030 enim
670 1996 767 2030 tam
801 1990 847 2030 in
877 1996 1039 2030 nostro
1075 1990 1248 2030 sacello
1284 1989 1450 2030 deuote
1486 1992 1871 2032 concurrentium

235 2073 377 2112 quam
396 2060 783 2112 languidorumin
801 2062 973 2112 populo
995 2061 1332 2113 confessiones,
1352 2061 1583 2102 instanter
1599 2062 1866 2114 requisitus,

229 2131 469 2172 fructifere
490 2132 651 2172 audire
675 2132 806 2172 solet.
830 2132 964 2173 Unde
986 2132 1102 2172 adeo
1125 2131 1283 2172 affecti
1303 2139 1410 2172 sunt
1427 2131 1649 2173 Societati
1671 2139 1863 2173 nostrae

236 2203 378 2254 aliqui
398 2203 571 2243 infirmi
592 2211 641 2243 ut
663 2204 820 2254 palam
843 2209 1108 2243 assererent
1129 2215 1178 2243 se
1200 2203 1259 2243 ad
1280 2203 1625 2255 impositionem
1646 2215 1873 2244 manuum

232 2273 369 2314 huius
389 2273 560 2325 Patris,
583 2275 725 2314 etiarn
753 2275 903 2314 sancti
938 2275 1172 2325 euangelii
1207 2274 1500 2324 recitatione,
1539 2287 1566 2314 a
1601 2275 1785 2326 magnis
1807 2275 1868 2315 fe-

227 2345 388 2385 bribus
408 2345 645 2393 liberatos;
665 2352 708 2385 et
729 2357 835 2385 cum
856 2345 1094 2386 videretur
1131 2356 1277 2396 usque
1313 2344 1372 2386 ad.
1407 2345 1607 2385 hiemem
1643 2357 1737 2385 non
1759 2357 1865 2386 esse

230 2415 630 2466 concionaturum,
655 2428 750 2456 non
781 2422 938 2456 tamen
968 2416 1097 2456 licuit
1126 2416 1167 2456 ei
1189 2428 1271 2467 per
1298 2416 1570 2456 instantiam
1599 2422 1643 2456 et
1664 2418 1864 2468 postula-

228 2486 379 2526 tiones
396 2498 571 2537 eorum,
597 2487 674 2539 qui
694 2487 892 2527 verbum
912 2487 1085 2527 Christi
1108 2499 1165 2527 ex
1187 2487 1286 2527 eius
1317 2498 1396 2527 ore
1431 2487 1593 2527 audire
1628 2486 1869 2528 desidera·

229 2558 354 2608 bant,
377 2558 488 2608 quin
509 2558 722 2609 petitioni
751 2559 1017 2608 multorum,
1047 2564 1092 2598 et
1113 2557 1317 2598 maXIme
1353 2558 1631 2598 clericorum
1649 2565 1694 2598 et
1723 2558 1860 2599 huius

230 2628 389 2679 populi
409 2628 605 2680 Vicarii,
631 2629 960 2680 obtemperans
981 2629 1028 2669 in
1046 2640 1204 2669 mense
1222 2628 1484 2680 Septembri
1505 2629 1686 2681 aliquas
1709 2629 1768 2669 ad
1785 2641 1866 2681 po—

231 2698 390 2748 pulum
410 2698 663 2739 conciones
683 2700 890 2750 haberet,
914 2700 961 2739 in
981 2699 1146 2751 quibus
1168 2698 1285 2739 adeo
1306 2700 1542 2740 feruentes
1563 2711 1622 2740 ex
1652 2698 1860 2751 Scriptu-

232 2768 298 2808 ris
318 2769 466 2808 sacris
488 2769 604 2809 vitia
625 2769 861 2810 hominum
886 2770 1050 2821 carpit,
1080 2776 1131 2810 vt
1151 2782 1246 2810 non
1277 2770 1428 2810 solum
1456 2770 1503 2809 in
1533 2776 1758 2821 suggesto
1782 2770 1867 2810 sed

232 2838 372 2878 etiam
393 2839 563 2891 vbique
585 2840 684 2880 eius
704 2841 971 2892 praesentia
1000 2841 1058 2881 sit
1093 2840 1342 2881 mundanis
1372 2846 1416 2881 et
1451 2839 1670 2881 diuitibus
1705 2840 1864 2881 confu-

286 2997 295 3017 Ι
337 2997 586 3031 Autographae
604 2998 635 3024 in
651 2998 728 3025 solio
741 2998 850 3032 unico,
866 3007 896 3026 n.
910 2999 975 3026 1123.
