2028 3328
884 45 964 82 ΑΝ.
993 46 1081 82 1553
1723 51 1804 86 :213

336 406 617 434 praecedentium
633 407 672 434 fr.
689 406 886 441 Hieronymi
902 405 942 431 de
959 405 1104 439 Ripalda
1121 406 1316 434 litterarum
1331 408 1438 435 latina
1455 409 1568 436 versio
1592 409 1613 435 ¹.

929 638 1057 678 Iesus

225 778 321 815 R.de
341 780 383 816 in
404 779 581 816 Christo
604 780 749 816 Pater.

234 851 399 892 Gratia
423 858 466 892 et
488 865 582 904 pax
606 852 797 903 Christi,
822 858 910 892 etc.

231 921 403 974 Aliqua
431 936 480 963 se
508 924 622 963 mihi
658 923 871 974 offerunt,
906 935 1025 975 quae
1057 924 1216 964 diuina
1252 924 1437 965 bonitas
1471 925 1542 965 his
1579 932 1782 978 quatuor

149 994 363 1045 proxime
397 995 570 1046 elapsis
597 995 834 1035 mensibus
867 1007 950 1046 per
985 994 1150 1035 Patres
1185 996 1321 1036 huius
1358 996 1558 1047 Collegii
1595 999 1783 1049 operari

149 1064 345 1116 dignata
373 1072 456 1115 est,
490 1066 548 1106 ad
576 1066 749 1107 Christi
774 1066 976 1118 gloriam
1002 1067 1329 1107 illustrandam
1351 1069 1529 1120 scriptu
1551 1069 1709 1119 digna.
1733 1070 1783 1110 In

149 1137 316 1188 quibus
336 1138 637 1178 recensendis
663 1150 689 1178 a
715 1137 817 1178 R.d0
844 1138 982 1178 Patre
1012 1144 1174 1178 nostro
1204 1138 1261 1179 D.
1293 1138 1506 1191 Baptista
1536 1141 1779 1192 auspican-

145 1207 256 1248 dum
278 1209 453 1259 putaui.
478 1209 521 1248 Is
551 1209 616 1259 (ut
638 1209 755 1249 alias
785 1209 1074 1261 scripsimus)
1109 1210 1307 1261 singulis
1337 1210 1501 1251 diebus
1533 1212 1783 1253 dominicis

145 1279 453 1331 omnibusque
481 1279 578 1320 sere
609 1280 771 1320 diebus
799 1280 951 1330 festis,
982 1281 1190 1321 maxima
1223 1293 1329 1321 cum
1365 1282 1653 1324 audientium
1691 1283 1780 1324 fre-

145 1351 335 1402 quentia
375 1357 419 1390 et
459 1352 708 1403 applausu,
756 1351 1077 1392 concionatur.
1119 1351 1263 1393 Cuius
1309 1353 1453 1393 animi
1500 1353 1635 1394 dotes
1671 1355 1780 1396 huic

142 1421 354 1461 obeundo
391 1422 573 1462 muneri
607 1422 991 1462 accommodatae
1027 1428 1139 1475 quot
1176 1429 1221 1463 et
1256 1435 1376 1475 quae
1410 1424 1517 1475 sint,
1557 1426 1780 1477 quoniam

141 1499 210 1532 est
237 1493 331 1533 iam
352 1492 658 1533 Reverendae
680 1493 955 1534 Paternitati
978 1499 1084 1534 tuae
1106 1506 1189 1545 per
1212 1495 1330 1534 alias
1350 1495 1574 1547 epistolas
1603 1497 1778 1548 signifi—

139 1570 310 1614 catum,
349 1564 396 1603 in
431 1565 699 1615 praesentia
733 1565 988 1605 subticebo.
1025 1565 1076 1605 Id
1111 1572 1269 1606 tamen
1304 1578 1448 1607 unum
1485 1567 1621 1608 dictis
1663 1569 1773 1609 adii-

139 1634 276 1675 ciam:
300 1635 470 1674 mirum
492 1646 593 1675 esse
616 1642 841 1687 quantum
871 1636 970 1676 eius
991 1636 1038 1676 in
1059 1636 1257 1677 dicendo
1289 1637 1482 1678 libertas
1514 1639 1667 1690 magis
1697 1652 1776 1681 cx-

138 1712 321 1746 crescat
342 1706 389 1746 in
411 1706 523 1756 dies,
549 1717 781 1758 quamque
802 1707 1053 1747 conciones
1074 1708 1173 1748 eius
1203 1708 1295 1748 sint
1317 1710 1489 1760 populo
1517 1710 1774 1760 gratiores,

138 1777 263 1828 quod
283 1778 358 1817 uel
379 1777 468 1817 hoc
491 1789 582 1816 uno
604 1777 886 1828 testimonio,
910 1778 1033 1829 quod
1060 1779 1320 1830 subiiciam,
1344 1789 1636 1831 compertum
1663 1783 1767 1822 erit.

136 1846 253 1888 Sunt
275 1848 463 1900 quidam
484 1848 705 1899 generosi
725 1849 827 1899 uiri,
851 1849 971 1889 inter
992 1850 1216 1900 primates
1240 1851 1375 1890 huius
1393 1851 1614 1900 civitatis,
1634 1864 1771 1904 gene-

135 1919 202 1959 ris
230 1920 476 1959 nobilitate
506 1919 779 1969 clarissimi,
815 1931 928 1971 erga
960 1920 1147 1961 Patrem
1171 1922 1340 1962 mirum
1367 1921 1545 1972 affecti,
1577 1924 1773 1976 eiusque

134 1991 376 2031 doctrinae
397 2002 490 2030 non
511 1991 664 2030 minus
685 1991 871 2041 addicti,
897 1992 975 2043 qui
996 1992 1070 2032 die
1093 1993 1298 2044 quadam
1319 1994 1363 2033 in
1386 1995 1553 2034 cellam
1574 1995 1690 2044 eius,
1716 2008 1773 2036 eo

132 2073 227 2102 non
260 2062 571 2113 praemonito,
609 2062 910 2112 introeuntes,
941 2074 990 2102 se
1019 2063 1177 2103 statim
1205 2064 1264 2104 ad
1295 2065 1436 2115 pedes
1468 2065 1567 2105 eius
1589 2066 1766 2107 abiece-

131 2139 254 2184 runt,
278 2145 360 2184 per
381 2132 468 2172 Dei
481 2144 690 2172 amorem
708 2133 876 2174 obnixe
893 2136 1185 2185 postulantes
1207 2135 1470 2186 aliquarum
1489 2137 1769 2178 concionum

131 2204 419 2255 exemplaria
439 2204 526 2243 sibi
547 2204 784 2255 tribueret3
808 2205 933 2256 quod
954 2212 1002 2245 ut
1022 2205 1200 2245 faceret
1221 2206 1454 2252 libentius,
1478 2219 1583 2248 eum
1604 2208 1769 2249 incita-

130 2276 243 2316 bant
269 2286 318 2315 se
349 2275 455 2315 inde
483 2286 708 2326 magnum
736 2275 1030 2316 commodum
1060 2283 1383 2328 reportaturos
1415 2286 1762 2321 asseuerantes.

129 2346 251 2387 Nam
270 2347 351 2387 uix
375 2346 578 2395 (aiebant
598 2346 705 2386 boni
734 2346 839 2396 uiri)
862 2347 1082 2387 credibile
1111 2353 1195 2397 est,
1224 2347 1324 2387 RQ
1351 2347 1504 2400 Pater,
1536 2361 1698 2402 quam,
1723 2358 1771 2392 te

130 2418 303 2468 audito,
328 2417 500 2458 fuerint
518 2417 660 2457 animi
682 2417 830 2457 nostri
850 2418 896 2457 in
918 2417 1006 2458 Dei
1026 2430 1082 2458 ac
1105 2418 1291 2458 uirtutis
1322 2431 1532 2460 amorem
1553 2423 1759 2462 accensi.

127 2489 230 2530 Hoc
264 2496 468 2541 quantae
503 2488 642 2528 fuerit
675 2489 951 2528 humilitatis
986 2489 1334 2541 spiritualisque
1371 2490 1615 2542 profectus
1652 2493 1769 2533 indi-

127 2561 266 2611 cium,
289 2561 347 2601 iis
367 2566 478 2612 puto
500 2560 615 2600 satis
636 2571 738 2599 esse
760 2560 1013 2611 cognitum,
1039 2561 1115 2611 qui
1133 2567 1308 2601 sortem
1324 2573 1488 2603 eorum
1504 2575 1560 2604 ac
1577 2566 1765 2616 sangui-

127 2632 200 2672 nis
222 2632 485 2672 claritatem
507 2636 780 2682 perspectas
800 2631 986 2671 habent.

181 2815 192 2836 ¹
230 2816 496 2851 Autographum
510 2815 544 2843 in
559 2815 686 2850 duplici
701 2815 792 2848 folio,
806 2823 859 2843 nn.
874 2815 927 2843 454
942 2819 976 2843 et
990 2815 1269 2850 tim—Quaedam
1281 2817 1313 2844 in
1327 2817 1394 2846 hac
1410 2818 1581 2854 versione,
1597 2824 1633 2847 ut
1648 2821 1766 2855 legen—

123 2864 150 2893 ti
166 2863 268 2892 facile
283 2866 392 2899 patet,
409 2864 520 2898 magis
535 2863 717 2891 declarata
730 2866 808 2891 sunt
825 2871 925 2898 quam
942 2863 973 2890 in
989 2864 1135 2899 hispano
1151 2865 1318 2899 exemplo.
