2028 3328
222 170 292 208 518
736 170 964 207 LITTERAE
983 180 1340 214 QUADRIMESTRES

222 273 519 307 sacramento
542 267 868 308 Eucharistiae
891 266 1214 316 ministrandO,
1235 266 1312 317 qui
1333 265 1408 305 hic
1429 270 1552 314 sunt,
1578 263 1851 303 sacerdotes

223 339 449 390 occupari
475 338 557 378 tibi
584 346 745 379 notum
773 345 863 389 est;
894 339 973 390 qui
998 348 1215 378 carceres
1243 343 1287 376 et
1323 341 1625 387 aegrotantes
1659 334 1853 374 uisitant

222 408 510 461 afflictosque
531 410 685 461 quoad
705 416 901 461 possunt
922 410 1237 449 consolantur.
1262 406 1417 458 Atque
1438 417 1600 446 eorum
1630 416 1853 446 numerus

220 480 268 520 in
291 481 388 520 dies
416 489 630 532 augetur,
669 482 747 533 qui
777 480 1085 521 confessionis
1118 485 1161 519 et
1194 478 1520 518 Eucharistiae
1553 483 1852 517 sacramenta

221 551 487 604 frequenter
517 552 790 603 suscipiunt.

302 621 545 663 Docentur
566 624 699 674 pueri
720 623 984 663 doctrinam
1006 621 1333 670 christianam,
1364 625 1409 660 et
1436 619 1668 660 habentur
1690 618 1853 658 diebus

219 694 467 734 dominicis
489 701 531 734 et
557 694 702 745 festis,
727 700 826 734 tum
852 699 1012 733 nostro
1035 692 1081 732 in
1109 692 1296 743 templo,
1334 697 1431 731 tum
1460 691 1563 731 aliis
1592 691 1639 730 in
1665 690 1801 740 locis,
1827 701 1854 729 a

220 766 395 805 nostris
416 766 682 816 conciones,
707 777 765 805 ex
786 765 951 816 quibus
972 775 1064 803 non
1086 763 1296 802 modicus
1322 762 1502 802 fructus
1522 761 1795 813 percipitur.

301 835 392 877 Sed
426 837 543 876 haec
579 842 622 876 et
658 837 729 876 his
764 837 897 887 plura
936 834 945 853 ¹
981 835 1064 874 tibi
1093 834 1260 874 litteris
1288 834 1406 874 alias
1434 832 1698 884 significata
1730 838 1852 872 sunt.

220 907 401 948 Verum
429 908 484 948 de
512 908 740 947 bonarum
769 907 1009 946 literarum
1043 905 1210 945 studiis
1238 916 1390 956 pauca
1422 903 1621 944 dicenda
1649 904 1762 944 mihi
1789 903 1853 943 ui-

221 979 401 1019 dentur.
433 979 553 1019 Nam
580 979 835 1019 domestica
865 978 1052 1029 quidem
1079 977 1234 1017 studia
1266 987 1504 1028 prospere,
1542 975 1701 1015 diuina
1726 975 1852 1015 adiu-

221 1056 365 1090 uante
392 1050 561 1101 gratia,
594 1049 867 1101 procedunt.
897 1048 1093 1089 Externi
1122 1059 1235 1087 uero
1265 1047 1481 1098 discipuli
1501 1052 1689 1086 centum
1710 1052 1754 1085 et
1775 1046 1853 1085 tri-

220 1122 351 1171 ginta
374 1128 493 1171 sunt,
518 1122 610 1172 qui,
635 1121 903 1160 scholarum
917 1124 1188 1159 nostrarum
1205 1117 1348 1158 dediti
1364 1117 1603 1165 institutis,
1625 1128 1773 1169 aeque
1794 1116 1853 1156 ad

219 1192 367 1232 bonos
390 1204 543 1232 mores
564 1198 613 1231 ut
642 1192 701 1232 ad
735 1192 999 1231 doctrinam
1029 1190 1357 1230 informantur.
1390 1188 1627 1229 Proximis
1648 1188 1851 1228 baccha-

221 1264 403 1303 nalibus
426 1263 663 1314 dialogum
681 1269 846 1302 contra
869 1268 1114 1313 corruptos
1133 1273 1187 1301 ea
1204 1266 1481 1312 tempestate
1499 1260 1741 1300 hominum
1757 1271 1852 1299 mo-

222 1346 313 1385 res,
338 1340 382 1374 et
408 1335 572 1385 paucis
599 1340 706 1374 ante
734 1334 898 1374 diebus
928 1345 1094 1373 uersus
1129 1333 1307 1384 aliquot
1337 1338 1381 1372 et
1417 1331 1656 1372 orationes
1683 1331 1852 1371 habue-

223 1411 330 1445 runt
352 1416 512 1445 coram
537 1405 807 1456 Prolegato,
836 1404 1166 1456 praesentibus
1188 1404 1330 1444 etiam
1359 1403 1462 1444 aliis
1483 1403 1626 1443 totius
1648 1401 1854 1442 ciuitatis

222 1476 526 1528 primoribus,
565 1488 591 1516 a
627 1477 794 1527 quibus
829 1476 1007 1516 laudati
1042 1475 1173 1527 pueri
1208 1481 1252 1515 et
1287 1480 1501 1515 nostrum
1533 1480 1629 1514 tam
1665 1472 1854 1514 uiuendi

218 1559 361 1599 quam
383 1548 580 1588 docendi
601 1547 864 1587 institutum
885 1558 1183 1598 summopere
1204 1547 1359 1598 palam
1388 1551 1458 1586 est
1479 1545 1851 1596 comprobatum.

218 1618 466 1659 Mouentur
487 1618 559 1658 his
585 1618 724 1658 rebus
754 1618 897 1669 ciues,
926 1619 1004 1670 qui
1025 1615 1039 1634 ²
1073 1618 1244 1658 liberos
1275 1628 1386 1657 suos
1412 1616 1547 1656 nobis
1568 1614 1851 1656 erudiendos

216 1690 423 1730 tradant.
453 1690 696 1730 Venerunt
730 1690 839 1730 hinc
863 1689 922 1729 ad
955 1696 1000 1730 te
1022 1701 1169 1741 nuper
1191 1689 1281 1729 duo
1317 1689 1467 1729 bonae
1501 1688 1671 1728 indolis
1699 1687 1851 1727 adole-

221 1768 420 1812 scentes,
435 1761 513 1813 qui
524 1760 774 1802 Societatis
787 1767 977 1802 nostrae
990 1761 1179 1802 uiuendi
1194 1761 1425 1800 rationem
1437 1760 1567 1811 sequi
1580 1759 1735 1799 animo
1749 1770 1854 1809 pro-

219 1838 491 1884 posuerant.
515 1832 605 1883 Qui
632 1844 712 1872 eos
732 1832 970 1873 imitentur
1006 1843 1065 1872 ex
1093 1832 1165 1872 his
1193 1831 1573 1872 adolescentibus
1601 1830 1852 1870 nonnullos

215 1904 348 1944 breui
369 1904 468 1944 fore
489 1915 748 1955 speramus.
772 1903 843 1944 De
863 1903 1101 1954 Prolegati
1123 1915 1178 1943 ac
1200 1903 1399 1943 aliorum
1420 1902 1698 1954 optimatum
1720 1906 1765 1941 et
1786 1907 1853 1941 to-

215 1975 310 2015 tius
330 1975 529 2027 denique
550 1975 756 2015 ciuitatis
777 1986 892 2026 erga
914 1987 999 2015 nos
1024 1975 1179 2015 animo
1201 1974 1312 2026 quid
1340 1974 1544 2014 scribam
1565 1985 1660 2013 non
1682 1972 1849 2023 habeo,

217 2057 356 2097 quem
377 2047 657 2086 beneuolum
677 2057 791 2098 erga
808 2058 894 2086 nos
914 2046 1144 2086 hactenus
1165 2045 1505 2097 perspeximus.
1529 2043 1654 2084 Nihil
1678 2043 1802 2083 enim
1825 2054 1853 2082 a

214 2118 354 2158 nobis
373 2118 569 2169 geritur,
594 2117 717 2169 quod
738 2118 924 2157 illorum
941 2118 1230 2157 uoluntatem
1247 2116 1481 2157 offendere
1497 2115 1662 2167 possit,
1682 2114 1852 2166 quippe

219 2188 299 2240 qui
320 2187 333 2207 ³
356 2189 570 2228 omnibus
591 2188 866 2228 satisfacere
897 2187 1196 2239 omniumque
1219 2187 1477 2227 commodis
1503 2197 1588 2237 pro
1615 2191 1750 2237 parte
1772 2196 1851 2224 no·

222 2265 321 2299 stra
349 2260 486 2309 uirili,
517 2266 560 2299 et
592 2259 747 2310 quoad
774 2259 881 2299 licet
910 2270 1094 2310 semper
1128 2258 1357 2298 inseruire
1391 2257 1677 2297 studeamus.
1718 2254 1850 2307 Spes,

225 2342 343 2381 quae
364 2331 420 2370 de
442 2330 578 2370 huius
601 2330 797 2381 Collegii
814 2330 1027 2381 profectu
1051 2329 1218 2369 animis
1240 2329 1480 2369 hominum
1502 2327 1849 2379 concipiuntur,

219 2412 423 2451 magnae
443 2407 564 2442 sunt.
589 2401 637 2442 Si
657 2401 768 2453 quid
788 2401 880 2452 fiet,
904 2414 997 2441 non
1017 2401 1444 2453 praetermittemus
1476 2399 1535 2439 ad
1556 2406 1600 2439 te
1622 2398 1849 2439 scribere.

300 2472 420 2512 Vale
442 2473 643 2523 interim,
672 2484 851 2524 nosque
879 2473 970 2513 tuis
999 2472 1291 2513 orationibus
1326 2470 1679 2511 commendatos
1715 2469 1849 2509 habe.

297 2542 532 2594 Perusiae,
557 2550 724 2595 quarto
741 2556 891 2584 nonas
908 2544 1039 2590 lunii,
1064 2555 1186 2583 anno
1205 2556 1231 2584 a
1253 2542 1508 2584 Natiuitate
1522 2541 1711 2581 Domini
1734 2540 1851 2580 1555.

753 2614 804 2654 T.
829 2615 882 2655 R.
907 2615 956 2655 Ρ.
979 2626 1160 2665 serUUS,

810 2707 1047 2762 IO[ANNES]
1079 2709 1320 2750 ANTONIUS
1351 2708 1638 2749 VIPERANUS.

277 2844 287 2864 ¹
327 2844 500 2872 Por-Aucus
515 2845 642 2872 delevit
659 2846 765 2872 verba
778 2845 885 2879 plura
901 2846 979 2879 tibi,
993 2850 1027 2872 et
1043 2853 1161 2873 eorum
1175 2845 1248 2872 loco
1264 2845 1403 2879 scripsit
1419 2844 1569 2871 similia.

276 2891 290 2910 ²
327 2891 512 2924 POLANcus,
529 2894 578 2919 ut.

277 2939 290 2958 ³
328 2939 502 2966 PotANcus
525 2940 653 2967 delevit
668 2941 775 2967 verba
790 2939 842 2967 De
857 2939 1038 2973 Prolegatz'
1058 2948 1163 2975 usque
1185 2941 1227 2968 ad
1248 2942 1379 2975 quippe
1403 2940 1475 2974 qui,
1497 2943 1530 2966 et
1549 2939 1635 2966 haec
1659 2936 1851 2965 substituit:

233 2986 351 3013 Totius
366 2987 527 3013 ciuitatis
541 2988 658 3014 animi
671 2995 754 3020 erga
771 2995 831 3014 nos
847 2987 1204 3022 beneuolz‘videntmy
1219 2996 1281 3015 nec
1296 2988 1443 3020 mirum,
1458 2975 1590 3021 quippe
1605 2993 1721 3013 cum...
