2028 3328
870 61 954 98 ΑΝ.
988 61 1076 98 1554
1718 62 1787 99 127

139 163 193 203 in
210 162 332 202 hanc
352 160 592 201 ciuitatem
614 157 888 208 adduxerat,
914 164 963 197 ut
979 169 1089 205 ‘eam
1115 158 1161 197 in
1183 158 1381 197 honesto
1404 158 1507 197 loco
1529 158 1781 197 collocaret

142 240 191 273 ct
211 233 310 284 ipse
331 244 355 272 e
372 231 562 272 ciuitate
578 228 856 278 discederet,
881 227 965 268 fuit
987 239 1255 279 persuasus.
1280 228 1376 268 Nec
1395 228 1667 268 sacerdotes
1686 235 1786 268 tan-

148 311 247 344 tum
282 308 390 343 sunt
423 300 613 342 Vtilitati
647 299 971 351 proximorum
1007 299 1188 348 intenti,
1228 310 1337 338 nam
1375 298 1546 338 fratres
1587 310 1789 350 quoque,

146 385 292 426 quam
325 374 425 414 sine
447 372 707 413 studiorum
736 369 1031 410 incommodo
1070 375 1281 421 possunt,
1306 370 1352 409 in
1384 380 1437 409 eo
1467 369 1568 421 ipso
1599 369 1790 419 diligen-

144 446 264 486 tiam
291 444 526 485 adhibent.
557 442 662 483 Duo
695 452 779 494 per
808 441 908 481 dies
939 441 1118 492 aliquot
1147 438 1495 481 xenodochium
1528 440 1790 491 frequenta-

148 522 272 567 runt,
297 521 347 555 ut
367 515 652 567 pauperibus
675 513 728 564 (si
760 512 969 564 ipsorum
992 511 1258 563 indigerent
1287 511 1446 563 opera)
1475 511 1791 561 subuenirent,

145 588 233 640 ‘qui
266 586 516 642 diligenter
550 583 801 626 admodum
836 593 1069 635 pauperes
1105 582 1271 634 quouis
1305 582 1469 622 morbo
1506 582 1792 632 laborantes,

152 657 474 699 molestiarum
491 668 648 706 onere,
672 660 899 707 quantum
915 659 1152 706 poterant,
1177 653 1500 703 subleuabant,
1520 659 1563 692 et
1586 653 1794 703 ipsorum

146 729 390 769 doloribus
413 727 554 780 (quod
576 733 646 768 est
666 737 891 777 magnum
913 724 1120 776 aegrotis
1142 723 1377 774 solatium)
1397 734 1570 774 magna
1593 723 1794 763 charita-

148 808 198 841 ‘te
219 799 640 852 compatiebantur.
667 797 783 838 Cum
803 807 918 837 uero
941 795 1040 836 dies
1070 795 1251 847 aliquos
1281 795 1407 835 domi
1429 794 1605 834 detenti
1627 794 1795 834 defuis-

147 877 271 922 sent,
297 877 341 912 et
372 882 603 923 pauperes
631 881 725 910 non
756 867 1028 917 inuiserent,
1052 866 1303 918 plurimum
1326 866 1381 906 de
1404 866 1612 918 ipsorum
1636 866 1796 905 absen-

152 943 220 983 tia
243 942 668 993 conquerebantur,
693 946 831 991 atque
853 939 907 989 is,
929 938 1003 979 cui
1020 938 1274 990 praecipua
1294 937 1576 977 xenodochii
1594 949 1707 977 cura
1725 937 1797 977 de-

152 1014 380 1055 mandata
411 1020 496 1064 est,
528 1023 690 1064 quare,
720 1017 769 1051 ut
794 1010 1022 1050 haberent
1050 1009 1106 1049 de
1134 1020 1278 1060 more,
1308 1019 1542 1060 pauperes
1563 1020 1658 1048 non
1682 1008 1798 1048 uise-

157 1091 262 1126 rent
297 1084 577 1136 inquirebat,
608 1083 784 1123 ueritus
811 1081 963 1121 bonus
991 1080 1063 1120 uir
1093 1080 1158 1130 (ut
1187 1079 1357 1130 aiebat)
1379 1091 1437 1119 ne
1466 1079 1563 1130 ipse
1585 1079 1632 1119 in
1655 1090 1799 1119 causa

157 1156 339 1207 fuisset,
358 1166 465 1195 cum
485 1166 565 1194 eos
583 1154 735 1194 minus
758 1152 907 1193 amice
928 1151 1201 1203 recepisset,
1221 1162 1304 1190 cur
1320 1150 1462 1190 tantis
1479 1150 1614 1190 bonis
1631 1161 1800 1201 paupe-

160 1239 237 1268 res
259 1226 665 1267 defraudarentur:
690 1224 866 1265 idcirco
887 1223 1059 1263 fratres
1086 1227 1157 1262 est
1177 1221 1430 1273 plurimum
1450 1221 1730 1272 deprecatus
1751 1228 1801 1260 ut

163 1298 390 1351 quidquid
416 1298 463 1338 in
491 1295 787 1337 xenodochio
809 1295 998 1344 vellent,
1030 1293 1190 1343 libere,
1213 1293 1339 1332 uelut
1360 1292 1406 1332 in
1427 1292 1617 1344 propria
1646 1291 1799 1339 domo,

164 1375 375 1422 agerent,
399 1369 524 1409 nulla
546 1379 626 1408 eos
647 1367 859 1417 indigere
875 1365 1115 1413 facultate,
1140 1364 1295 1404 omnia
1314 1375 1397 1414 per
1415 1375 1519 1403 eum
1537 1363 1623 1402 sibi
1645 1363 1800 1402 licere.

161 1442 324 1494 Itaque
346 1452 453 1481 cum
479 1445 584 1492 post
606 1449 783 1490 paucos
810 1437 913 1478 illos
943 1437 1041 1477 dies
1067 1441 1433 1485 reuerterentur,
1464 1434 1633 1474 mirum
1663 1445 1804 1485 quam

166 1514 307 1554 fuerit
328 1511 614 1564 pauperibus
634 1508 863 1550 iocundus
885 1519 1048 1549 eorum
1070 1507 1314 1548 aduentus.

243 1584 337 1625 Alii
359 1583 450 1624 duo
469 1581 642 1623 fratres
661 1581 734 1621 his
751 1581 913 1621 diebus
933 1591 1028 1620 non
1049 1590 1217 1631 parum
1237 1579 1539 1618 elaborarunt
1561 1582 1804 1626 conanteS,

165 1668 251 1708 pro
287 1655 467 1696 uiribus
501 1665 700 1706 prauam
734 1651 987 1705 quamdam
1015 1649 1401 1691 consuetudinem
1430 1649 1568 1689 huius
1603 1648 1808 1688 ciuitatis

162 1727 417 1779 extirpare.
455 1725 616 1767 Solent
646 1725 810 1765 diebus
851 1723 982 1764 festis
1023 1721 1298 1762 saltationes
1332 1720 1547 1772 publicae
1582 1719 1681 1759 fieri
1700 1751 1708 1769 ,
1750 1718 1809 1758 ad

171 1810 289 1851 quas
308 1798 518 1850 plerique
552 1796 794 1848 utriusque
823 1806 980 1845 sexus,
1009 1793 1083 1833 uel
1116 1792 1435 1843 conspiciendi
1466 1791 1636 1842 gratia,
1665 1790 1738 1830 uel
1759 1800 1809 1829 se

168 1870 259 1910 illis
280 1869 423 1910 etiam
445 1867 750 1915 admiscendi,
775 1865 1022 1916 accedunt3
1045 1865 1110 1905 ita
1131 1870 1196 1914 ut,
1220 1875 1326 1903 cum
1348 1863 1569 1914 copiosus
1599 1861 1729 1911 satis,
1754 1871 1809 1900 ac

158 1942 270 1993 plus
289 1941 405 1980 satis
439 1940 499 1980 sit
526 1938 799 1980 saltantium
829 1948 1067 1987 numerus,
1099 1946 1271 1986 magna
1303 1933 1708 1974 circumstantium
1729 1932 1808 1971 ho—

166 2012 343 2052 minum
363 2022 540 2052 corona
561 2010 653 2050 sint
675 2009 867 2050 obsessi.
891 2008 1084 2049 Fratres
1106 2007 1238 2058 (quos
1259 2016 1408 2056 nuper
1425 2004 1537 2054 dixi)
1556 2003 1731 2055 pluries
1749 2003 1810 2043 ad

168 2095 264 2134 COS,
289 2089 337 2123 ut
359 2082 426 2123 eis
448 2082 856 2131 concionarentur,
877 2079 1049 2129 adiere,
1075 2088 1273 2130 quorum
1295 2081 1454 2116 tantus
1483 2075 1567 2115 fuit
1589 2075 1636 2114 in
1658 2074 1811 2114 dicen-

168 2155 228 2195 do
249 2154 407 2195 feruor
429 2160 474 2194 et
494 2153 718 2204 efficacia,
741 2158 790 2192 ut
812 2152 906 2192 iam
932 2150 1147 2203 publicae
1174 2148 1447 2188 saltationes
1469 2146 1658 2187 minime
1679 2146 1810 2196 fiant,

169 2238 319 2278 neque
341 2226 590 2278 quisquam
626 2235 706 2264 eas
737 2234 901 2264 rursus
923 2220 1222 2262 introducere
1245 2219 1429 2259 audeat.
1459 2217 1624 2258 Mulier
1654 2217 1810 2267 etiam,

170 2297 352 2349 publice
374 2296 631 2348 peccatrix,
655 2303 726 2336 est
745 2294 805 2335 ad
826 2293 1081 2334 Dominum
1104 2301 1354 2340 conuersa,
1379 2296 1423 2330 et
1444 2290 1583 2329 homo
1605 2288 1811 2340 quidam,

169 2369 247 2420 qui
266 2380 349 2420 per
370 2374 497 2408 totos
519 2367 682 2407 decem
715 2377 863 2406 annos
886 2363 1130 2405 confessus
1151 2367 1349 2414 peccata
1371 2373 1463 2401 non
1486 2360 1652 2410 fuerat,
1679 2359 1814 2399 timo-

170 2452 220 2480 re
241 2439 497 2491 perculsus,
525 2437 869 2478 confessarium
900 2435 1023 2476 illico
1055 2433 1328 2486 postulauit:
1367 2443 1530 2472 uerum
1559 2442 1699 2482 quum
1721 2442 1815 2470 non

165 2510 288 2551 satis
308 2516 405 2550 tam
420 2510 562 2560 longo
585 2515 795 2560 tempore
815 2507 941 2547 facta
963 2510 1121 2557 posset
1145 2504 1209 2544 ita
1237 2503 1438 2543 faciliter
1469 2503 1515 2542 in
1536 2501 1813 2542 memoriam

164 2592 415 2632 reuocare,
454 2580 570 2620 alius
606 2580 648 2620 ei
678 2577 962 2619 confessioni
984 2576 1135 2616 dictus
1168 2581 1237 2615 est
1269 2573 1382 2614 dies.
1406 2573 1511 2613 Duo
1534 2572 1613 2612 alii
1643 2578 1814 2612 octauo

166 2664 357 2704 »quoque
392 2652 465 2692 die
493 2662 664 2703 pueros
699 2649 966 2689 doctrinam
999 2646 1305 2688 christianam
1338 2645 1549 2694 edocent,
1585 2643 1643 2684 ad
1675 2654 1815 2695 quarn

172 2723 382 2775 plerique
402 2722 535 2775 pueri
555 2721 762 2771 ueniunt,
792 2721 937 2760 multo
966 2725 1122 2759 tamen
1153 2718 1309 2769 plures
1340 2716 1570 2765 venirent,
1599 2713 1811 2766 proinde-

173 2806 264 2846 que
284 2795 464 2834 fructus
485 2799 608 2834 esset
630 2792 833 2841 uberior,
864 2791 903 2830 si
931 2789 1130 2830 ecclesia
1161 2795 1323 2829 nostra
1353 2787 1542 2827 tandem
1566 2785 1814 2837 perficere-

168 2871 267 2906 tur.
291 2864 560 2917 Speramus,
586 2863 685 2904 R.de
718 2863 872 2912 Pater,
906 2861 1077 2901 isthinc
1108 2860 1217 2900 huic
1240 2858 1537 2899 incommodo
1559 2856 1815 2897 remedium
