2028 3328
900 89 982 126 AN.
1014 88 1106 125 1555
1759 88 1831 126 367

192 202 265 240 ne,
286 189 634 229 sanctissimum
645 186 1332 228 Eucharistiae'sacramentum
1349 186 1632 237 ministram
1648 198 1828 238 uerum,

193 267 403 312 tempore
420 260 638 300 exclusus
655 257 943 309 (imminebat
960 257 1082 297 enim
1099 256 1184 296 19.a
1201 257 1351 306 hora),
1372 264 1647 297 consuetum
1663 270 1831 298 munus

194 343 289 372 non
310 331 535 381 exercuit3
558 329 655 380 sed,
678 328 1072 380 quemadmodum
1093 327 1214 379 equi,
1245 327 1451 367 triticum
1480 330 1827 380 conculcantes,

196 415 223 443 a
243 402 441 443 stimulis
463 401 642 453 agitati,
666 400 755 440 nisi
776 399 1024 450 manipulis
1060 399 1337 438 triturandis
1374 398 1476 448 (etsi
1505 410 1586 450 per
1615 399 1833 440 dominos

194 485 287 514 non
307 472 462 523 liceat)
483 471 724 523 surreptis,
748 469 961 510 rabidam
981 469 1153 509 famem
1174 470 1339 510 sedare
1363 477 1611 521 nequeunt,
1637 481 1729 510 non
1752 472 1831 511 ali-

165 549 167 551 '
196 552 266 585 ter
286 545 400 596 ipse,
424 544 502 595 qui
527 554 633 583 cum
654 542 888 583 abstinere
914 552 1009 580 non
1038 541 1263 592 potuerit,
1295 541 1523 592 perbreue
1552 547 1736 593 tempus
1757 555 1833 582 ne-

195 622 337 667 gante
356 622 566 666 tempore
588 624 846 663 assumens,
884 612 1091 652 animum
1123 612 1372 652 recreauit:
1411 624 1517 652 cum
1545 613 1710 663 paucis
1732 625 1833 653 uer-

195 688 280 737 bis,
307 686 390 727 sed
420 685 674 735 altissimis,
699 683 1057 725 Sanctissimum
1077 682 1436 724 Sacramentum
1457 683 1542 723 sub
1565 684 1700 734 panis
1723 685 1833 725 ima-

195 759 302 809 gine
324 756 662 808 comprobauit.
688 755 865 806 Quibus
887 766 1052 794 censes
1074 754 1384 805 argumentis?
1406 753 1615 795 Auream
1637 762 1681 795 et
1708 757 1834 807 peni-

194 835 268 869 tus
289 829 497 868 diuinam
527 827 688 868 Sancti
710 825 937 867 Bet-nardi
964 826 1244 866 sententiam
1267 825 1478 876 efferens,
1510 826 1733 878 idipsum,
1759 828 1835 868 cui

194 901 398 941 intentus
420 905 535 948 erat,
560 898 863 938 asseuerauit.
889 897 1106 937 Christus
1123 908 1325 937 nascens
1348 909 1397 937 se
1420 897 1544 938 dedit
1563 898 1607 938 in
1631 898 1831 950 socium,

194 982 484 1012 conuescens
501 970 547 1009 in
569 969 786 1020 edulium,
811 969 1016 1008 moriens
1038 968 1084 1007 in
1106 969 1322 1019 pretium,
1349 980 1601 1020 resurgens
1623 981 1672 1009 se
1694 970 1833 1010 nobis

197 1042 323 1083 dedit
346 1043 393 1082 in
416 1041 692 1093 praemium.
718 1040 756 1081 O
779 1041 1005 1080 immensa
1027 1040 1264 1080 maiestas!
1289 1040 1393 1092 quis
1414 1046 1511 1081 tam
1527 1041 1716 1091 inscius,
1737 1048 1834 1082 tam

199 1113 428 1165 stupidus,
453 1113 557 1164 quis
578 1119 622 1152 et
644 1111 950 1163 intelligentia
971 1116 1016 1151 et
1037 1116 1166 1151 recta
1188 1111 1331 1151 animi
1353 1111 1674 1152 moderatione
1695 1118 1835 1164 atque

200 1184 326 1226 omni
353 1185 535 1224 ratione
562 1183 810 1224 destitutus
840 1188 886 1223 te
913 1182 1166 1234 aliquando
1203 1182 1461 1223 desereret?
1491 1184 1596 1236 quis
1626 1195 1720 1224 non
1740 1195 1837 1224 am-

198 1257 482 1308 plexaretur,
522 1255 750 1306 potiretur
790 1266 844 1294 ac
878 1260 1104 1305 perpetuo
1133 1253 1383 1305 frueretur;
1420 1266 1539 1306 quae
1574 1255 1836 1306 potentiam

199 1334 345 1375 tuam,
369 1326 560 1366 infinitis
581 1325 917 1366 misericordiis
938 1325 1293 1375 redundantem,
1318 1325 1365 1365 in
1387 1325 1538 1365 seruis
1559 1326 1701 1366 etiam
1723 1326 1837 1366 indi—

203 1399 442 1450 gnissimis
462 1397 708 1437 ostendere
730 1409 824 1437 non
846 1397 1057 1437 desistis?

279 1469 516 1510 Audiuisti
536 1480 737 1520 quoque,
772 1468 869 1508 [ΝΘ
890 1467 1044 1516 Pater,
1069 1474 1181 1520 quot
1209 1480 1264 1507 ac
1287 1469 1448 1520 quanti
1479 1468 1607 1508 hisce
1640 1469 1835 1510 sanctis-

200 1542 329 1582 simis
352 1541 513 1581 diebus
535 1541 581 1580 in
603 1540 765 1580 eodem
795 1539 974 1580 Palatio
1009 1540 1056 1579 in
1087 1551 1250 1580 mensa
1285 1539 1475 1580 Domini
1496 1540 1834 1582 discubuerint:

200 1624 399 1666 quorum
432 1611 806 1652 confessionibus
841 1611 1050 1662 (Ulmum.
1085 1611 1266 1651 Ducem
1298 1611 1306 1630 ¹
1337 1623 1443 1652 cum
1471 1612 1661 1663 reliquis
1692 1613 1838 1663 magi-

200 1684 423 1725 stratibus
441 1684 610 1724 milites
627 1683 985 1734 praecedentem
1001 1683 1248 1734 intelliges)
1263 1684 1390 1723 solus
1402 1683 1541 1724 Pater
1559 1683 1838 1725 satisfacere

201 1767 295 1796 non
316 1762 515 1808 poterat,
539 1756 586 1795 ni
608 1767 666 1795 ex
686 1755 862 1795 nostris
890 1755 1140 1807 quemdam
1168 1754 1357 1795 Patrem
1388 1755 1473 1794 sibi
1501 1755 1682 1795 socium
1709 1755 1838 1795 adhi-

203 1828 397 1868 buisset.

281 1898 577 1939 Exercentur
600 1898 786 1938 classici
813 1899 860 1938 in
886 1910 1079 1945 munere
1106 1899 1194 1939 sibi
1221 1899 1278 1938 ab
1307 1897 1571 1938 obedientia
1598 1897 1837 1949 imposito,

203 1982 230 2010 a
251 1970 418 2022 quibus
439 1970 744 2010 instituuntur
764 1970 895 2021 pueri
912 1970 1098 2021 graecis
1118 1976 1163 2010 et
1180 1969 1337 2010 latinis
1354 1969 1515 2019 literis,
1534 1975 1633 2009 tum
1655 1981 1840 2021 quoque

205 2041 394 2094 optimis
414 2041 640 2082 moribus.

283 2112 472 2153 Interim
486 2112 621 2153 uideo
635 2111 746 2163 quid
763 2111 972 2152 derelicti
988 2112 1194 2153 fecerim:
1215 2111 1337 2163 quod
1351 2111 1599 2152 dicendum
1617 2112 1839 2163 occurrit,

203 2195 309 2225 cum
344 2184 400 2224 de
431 2183 804 2224 confessionibus
839 2183 1058 2234 agebam,
1097 2182 1502 2223 annumerandum
1541 2181 1718 2222 fuerat:
1757 2181 1840 2222 sed

202 2254 256 2296 R.
280 2255 328 2296 Ρ.
351 2254 405 2294 Τ.
429 2256 676 2295 molestum
696 2253 796 2294 fore
826 2265 920 2294 non
947 2254 1088 2294 credo
1116 2254 1155 2294 si
1183 2254 1273 2294 hoc
1301 2253 1348 2293 in
1375 2253 1628 2305 postremis
1651 2265 1841 2294 enarra-

201 2338 330 2368 uero:
355 2333 425 2367 est
447 2327 610 2379 procul
632 2326 770 2366 dubio
793 2337 897 2365 cum
920 2331 1289 2366 commemoratu
1306 2325 1461 2376 dignis
1480 2324 1835 2366 recensendum.

204 2397 402 2439 Sorores
422 2404 530 2438 sunt
563 2398 795 2449 geminae,
826 2397 873 2437 in
894 2397 1062 2449 quibus
1090 2397 1248 2437 diuina
1284 2395 1606 2436 misericordia
1642 2396 1843 2437 virtutes

203 2480 313 2509 suas
333 2469 682 2510 demonstrasse
704 2468 950 2508 manifesto
972 2468 1170 2508 uidetur.
1192 2467 1294 2507 Hae
1310 2467 1448 2507 huius
1470 2467 1594 2507 uitae
1615 2467 1843 2508 conditio-

203 2540 275 2581 nis
295 2548 403 2581 sunt
424 2552 572 2593 eoque
594 2551 753 2580 amore
774 2539 1065 2589 deamantur,
1091 2548 1155 2589 ut,
1176 2538 1569 2591 quemadmodum
1585 2550 1677 2578 uno
1699 2540 1842 2581 enixu

202 2611 352 2652 editas
387 2623 490 2652 esse
525 2618 724 2661 constat,
764 2611 828 2651 ita
864 2611 1090 2651 ambabus
1126 2610 1300 2661 (nescio
1337 2610 1461 2661 quid)
1497 2609 1620 2650 idem
1650 2611 1768 2650 uelle
1797 2617 1843 2651 et

202 2682 325 2723 idem
345 2684 467 2723 nolle
488 2694 590 2723 esse
613 2682 805 2723 iudices:
843 2683 990 2722 altera
1026 2682 1220 2721 alterius
1242 2688 1443 2721 mortem
1480 2680 1747 2732 <dummodo
1771 2694 1841 2722 so-

200 2754 357 2794 roriae
377 2754 607 2794 voluntati
629 2753 930 2804 obsequatur)
953 2764 1045 2793 non
1068 2753 1377 2793 abominatur:
1402 2758 1445 2792 et
1464 2753 1610 2792 altera
1637 2752 1840 2803 propriis

258 2914 269 2933 ¹
310 2914 477 2942 Hercules
493 2915 532 2942 de
550 2915 644 2942 Este.
