<?xml version="1.0" encoding="UTF-8"?>
<!DOCTYPE html PUBLIC "-//W3C//DTD XHTML 1.0 Transitional//EN"
    "http://www.w3.org/TR/xhtml1/DTD/xhtml1-transitional.dtd">
<html xmlns="http://www.w3.org/1999/xhtml" xml:lang="en" lang="en">
 <head>
  <title>
</title>
<meta http-equiv="Content-Type" content="text/html;charset=utf-8" />
  <meta name='ocr-system' content='tesseract 3.04.00' />
  <meta name='ocr-capabilities' content='ocr_page ocr_carea ocr_par ocr_line ocrx_word'/>
</head>
<body>
  <div class='ocr_page' id='page_1' title='image "./litteraequadrime1503lain_0639.png"; bbox 0 0 2028 3328; ppageno 0'>
   <div class='ocr_carea' id='block_1_1' title="bbox 842 147 1764 200">
    <p class='ocr_par' dir='ltr' id='par_1_1' title="bbox 842 147 1764 200">
     <span class='ocr_line' id='line_1_1' title="bbox 842 147 1764 200; baseline 0.001 -15"><span class='ocrx_word' id='word_1_1' title='bbox 842 147 924 185; x_wconf 80' lang='lat' dir='ltr'>AN.</span> <span class='ocrx_word' id='word_1_2' title='bbox 955 149 1046 200; x_wconf 65' lang='lat'>1555</span> <span class='ocrx_word' id='word_1_3' title='bbox 1691 148 1764 186; x_wconf 77' lang='lat'>633</span> 
     </span>
    </p>
   </div>
   <div class='ocr_carea' id='block_1_2' title="bbox 130 245 1781 2562">
    <p class='ocr_par' dir='ltr' id='par_1_2' title="bbox 130 245 1763 641">
     <span class='ocr_line' id='line_1_2' title="bbox 131 245 1759 298; baseline -0.001 -12"><span class='ocrx_word' id='word_1_4' title='bbox 131 248 192 287; x_wconf 75' lang='lat' dir='ltr'>lix</span> <span class='ocrx_word' id='word_1_5' title='bbox 228 248 382 297; x_wconf 68' lang='lat' dir='ltr'>ampla</span> <span class='ocrx_word' id='word_1_6' title='bbox 418 247 716 298; x_wconf 78' lang='lat' dir='ltr'>pretiosaque</span> <span class='ocrx_word' id='word_1_7' title='bbox 752 252 880 286; x_wconf 83' lang='lat' dir='ltr'>veste</span> <span class='ocrx_word' id='word_1_8' title='bbox 910 256 1076 289; x_wconf 63' lang='lat' dir='ltr'>aureat,</span> <span class='ocrx_word' id='word_1_9' title='bbox 1099 245 1409 285; x_wconf 88' lang='lat' dir='ltr'>conficiuntur</span> <span class='ocrx_word' id='word_1_10' title='bbox 1438 245 1577 284; x_wconf 81' lang='lat' dir='ltr'>etiam</span> <span class='ocrx_word' id='word_1_11' title='bbox 1604 246 1759 296; x_wconf 76' lang='lat' dir='ltr'>angeli</span> 
     </span>
     <span class='ocr_line' id='line_1_3' title="bbox 130 315 1755 367; baseline -0.001 -11"><span class='ocrx_word' id='word_1_12' title='bbox 130 319 220 357; x_wconf 92' lang='lat' dir='ltr'>duo</span> <span class='ocrx_word' id='word_1_13' title='bbox 243 318 467 357; x_wconf 79' lang='lat' dir='ltr'>habentes·</span> <span class='ocrx_word' id='word_1_14' title='bbox 490 325 716 367; x_wconf 80' lang='lat' dir='ltr'>argentea</span> <span class='ocrx_word' id='word_1_15' title='bbox 751 316 1033 357; x_wconf 81' lang='lat' dir='ltr'>candelabra</span> <span class='ocrx_word' id='word_1_16' title='bbox 1063 315 1109 355; x_wconf 92' lang='lat' dir='ltr'>in</span> <span class='ocrx_word' id='word_1_17' title='bbox 1145 315 1373 364; x_wconf 73' lang='lat' dir='ltr'>manibus3</span> <span class='ocrx_word' id='word_1_18' title='bbox 1407 315 1436 354; x_wconf 89' lang='lat' dir='ltr'>ii</span> <span class='ocrx_word' id='word_1_19' title='bbox 1471 315 1528 354; x_wconf 83' lang='lat' dir='ltr'>ab</span> <span class='ocrx_word' id='word_1_20' title='bbox 1558 322 1755 366; x_wconf 84' lang='lat' dir='ltr'>Vtroque</span> 
     </span>
     <span class='ocr_line' id='line_1_4' title="bbox 133 385 1761 438; baseline -0.001 -10"><span class='ocrx_word' id='word_1_21' title='bbox 133 390 277 428; x_wconf 72' lang='lat' dir='ltr'>latere</span> <span class='ocrx_word' id='word_1_22' title='bbox 300 389 463 428; x_wconf 81' lang='lat' dir='ltr'>altaris</span> <span class='ocrx_word' id='word_1_23' title='bbox 485 389 853 436; x_wconf 82' lang='lat' dir='ltr'>collocabuntur,</span> <span class='ocrx_word' id='word_1_24' title='bbox 877 386 1265 438; x_wconf 78' lang='lat' dir='ltr'>quandocumque</span> <span class='ocrx_word' id='word_1_25' title='bbox 1283 386 1589 426; x_wconf 76' lang='lat' dir='ltr'>collocabitur</span> <span class='ocrx_word' id='word_1_26' title='bbox 1610 385 1761 426; x_wconf 89' lang='lat' dir='ltr'>Vene-</span> 
     </span>
     <span class='ocr_line' id='line_1_5' title="bbox 134 457 1763 508; baseline -0.001 -10"><span class='ocrx_word' id='word_1_27' title='bbox 134 459 278 499; x_wconf 74' lang='lat' dir='ltr'>rabile</span> <span class='ocrx_word' id='word_1_28' title='bbox 302 458 660 499; x_wconf 75' lang='lat' dir='ltr'>Sacramentum</span> <span class='ocrx_word' id='word_1_29' title='bbox 681 459 726 498; x_wconf 90' lang='lat' dir='ltr'>in</span> <span class='ocrx_word' id='word_1_30' title='bbox 749 458 900 498; x_wconf 84' lang='lat' dir='ltr'>altari.</span> <span class='ocrx_word' id='word_1_31' title='bbox 931 457 1063 508; x_wconf 87' lang='lat' dir='ltr'>Quod</span> <span class='ocrx_word' id='word_1_32' title='bbox 1085 457 1134 497; x_wconf 91' lang='lat' dir='ltr'>fit</span> <span class='ocrx_word' id='word_1_33' title='bbox 1163 457 1361 507; x_wconf 83' lang='lat' dir='ltr'>singulis</span> <span class='ocrx_word' id='word_1_34' title='bbox 1384 457 1548 497; x_wconf 91' lang='lat' dir='ltr'>diebus</span> <span class='ocrx_word' id='word_1_35' title='bbox 1569 457 1763 497; x_wconf 89' lang='lat' dir='ltr'>domini-</span> 
     </span>
     <span class='ocr_line' id='line_1_6' title="bbox 134 528 1761 580; baseline -0.002 -10"><span class='ocrx_word' id='word_1_36' title='bbox 134 531 200 570; x_wconf 86' lang='lat' dir='ltr'>cis</span> <span class='ocrx_word' id='word_1_37' title='bbox 235 537 280 570; x_wconf 92' lang='lat' dir='ltr'>et</span> <span class='ocrx_word' id='word_1_38' title='bbox 314 529 446 570; x_wconf 88' lang='lat' dir='ltr'>festis</span> <span class='ocrx_word' id='word_1_39' title='bbox 481 536 524 570; x_wconf 91' lang='lat' dir='ltr'>et</span> <span class='ocrx_word' id='word_1_40' title='bbox 560 530 720 570; x_wconf 91' lang='lat' dir='ltr'>diebus</span> <span class='ocrx_word' id='word_1_41' title='bbox 755 541 837 570; x_wconf 91' lang='lat' dir='ltr'>seu</span> <span class='ocrx_word' id='word_1_42' title='bbox 871 529 999 569; x_wconf 84' lang='lat' dir='ltr'>feriis</span> <span class='ocrx_word' id='word_1_43' title='bbox 1029 528 1202 580; x_wconf 91' lang='lat' dir='ltr'>quintis</span> <span class='ocrx_word' id='word_1_44' title='bbox 1237 540 1383 579; x_wconf 79' lang='lat' dir='ltr'>Vsque</span> <span class='ocrx_word' id='word_1_45' title='bbox 1419 535 1522 579; x_wconf 89' lang='lat' dir='ltr'>post</span> <span class='ocrx_word' id='word_1_46' title='bbox 1544 534 1761 567; x_wconf 85' lang='lat' dir='ltr'>octauam</span> 
     </span>
     <span class='ocr_line' id='line_1_7' title="bbox 136 602 315 641; baseline -0.017 0"><span class='ocrx_word' id='word_1_47' title='bbox 136 602 315 641; x_wconf 89' lang='lat' dir='ltr'>horam.</span> 
     </span>
    </p>

    <p class='ocr_par' dir='ltr' id='par_1_3' title="bbox 133 670 1773 1709">
     <span class='ocr_line' id='line_1_8' title="bbox 212 670 1759 724; baseline -0.002 -13"><span class='ocrx_word' id='word_1_48' title='bbox 212 672 263 712; x_wconf 87' lang='lat' dir='ltr'>In</span> <span class='ocrx_word' id='word_1_49' title='bbox 284 672 415 712; x_wconf 85' lang='lat' dir='ltr'>festis</span> <span class='ocrx_word' id='word_1_50' title='bbox 443 673 839 724; x_wconf 76' lang='lat' dir='ltr'>pentecostalibus</span> <span class='ocrx_word' id='word_1_51' title='bbox 874 672 1069 712; x_wconf 90' lang='lat' dir='ltr'>multum</span> <span class='ocrx_word' id='word_1_52' title='bbox 1105 678 1300 722; x_wconf 81' lang='lat' dir='ltr'>rogatus</span> <span class='ocrx_word' id='word_1_53' title='bbox 1335 670 1399 710; x_wconf 87' lang='lat' dir='ltr'>fui</span> <span class='ocrx_word' id='word_1_54' title='bbox 1429 677 1477 709; x_wconf 83' lang='lat' dir='ltr'>vt</span> <span class='ocrx_word' id='word_1_55' title='bbox 1509 670 1759 709; x_wconf 85' lang='lat' dir='ltr'>inuiserem</span> 
     </span>
     <span class='ocr_line' id='line_1_9' title="bbox 134 739 1766 794; baseline -0.002 -11"><span class='ocrx_word' id='word_1_56' title='bbox 134 743 387 794; x_wconf 80' lang='lat' dir='ltr'>quamdam</span> <span class='ocrx_word' id='word_1_57' title='bbox 423 743 675 784; x_wconf 72' lang='lat' dir='ltr'>Abbatiam</span> <span class='ocrx_word' id='word_1_58' title='bbox 710 743 995 793; x_wconf 88' lang='lat' dir='ltr'>monialium,</span> <span class='ocrx_word' id='word_1_59' title='bbox 1035 742 1208 782; x_wconf 84' lang='lat' dir='ltr'>dictam</span> <span class='ocrx_word' id='word_1_60' title='bbox 1242 740 1620 781; x_wconf 88' lang='lat' dir='ltr'>Wounterbrack</span> <span class='ocrx_word' id='word_1_61' title='bbox 1662 739 1687 790; x_wconf 89' lang='lat'>¹,</span> <span class='ocrx_word' id='word_1_62' title='bbox 1713 752 1766 779; x_wconf 88' lang='lat' dir='ltr'>eo</span> 
     </span>
     <span class='ocr_line' id='line_1_10' title="bbox 136 811 1762 866; baseline -0.002 -12"><span class='ocrx_word' id='word_1_63' title='bbox 136 814 260 866; x_wconf 93' lang='lat' dir='ltr'>quod</span> <span class='ocrx_word' id='word_1_64' title='bbox 281 815 520 854; x_wconf 74' lang='lat' dir='ltr'>rarissime</span> <span class='ocrx_word' id='word_1_65' title='bbox 543 815 767 855; x_wconf 80' lang='lat' dir='ltr'>haberent</span> <span class='ocrx_word' id='word_1_66' title='bbox 791 813 1058 854; x_wconf 79' lang='lat' dir='ltr'>conciones.</span> <span class='ocrx_word' id='word_1_67' title='bbox 1082 812 1149 852; x_wconf 91' lang='lat' dir='ltr'>Iui</span> <span class='ocrx_word' id='word_1_68' title='bbox 1171 823 1299 863; x_wconf 83' lang='lat' dir='ltr'>ergo,</span> <span class='ocrx_word' id='word_1_69' title='bbox 1325 818 1368 851; x_wconf 91' lang='lat' dir='ltr'>et</span> <span class='ocrx_word' id='word_1_70' title='bbox 1394 812 1464 852; x_wconf 93' lang='lat' dir='ltr'>bis</span> <span class='ocrx_word' id='word_1_71' title='bbox 1490 811 1551 851; x_wconf 94' lang='lat' dir='ltr'>ibi</span> <span class='ocrx_word' id='word_1_72' title='bbox 1579 811 1762 851; x_wconf 90' lang='lat' dir='ltr'>concio-</span> 
     </span>
     <span class='ocr_line' id='line_1_11' title="bbox 133 882 1768 936; baseline -0.002 -11"><span class='ocrx_word' id='word_1_73' title='bbox 133 892 272 925; x_wconf 87' lang='lat' dir='ltr'>natus</span> <span class='ocrx_word' id='word_1_74' title='bbox 294 897 412 935; x_wconf 85' lang='lat' dir='ltr'>sum;</span> <span class='ocrx_word' id='word_1_75' title='bbox 437 886 541 926; x_wconf 90' lang='lat' dir='ltr'>inde</span> <span class='ocrx_word' id='word_1_76' title='bbox 574 886 757 926; x_wconf 84' lang='lat' dir='ltr'>rediens</span> <span class='ocrx_word' id='word_1_77' title='bbox 793 885 901 926; x_wconf 89' lang='lat' dir='ltr'>veni</span> <span class='ocrx_word' id='word_1_78' title='bbox 932 884 990 924; x_wconf 90' lang='lat' dir='ltr'>ad</span> <span class='ocrx_word' id='word_1_79' title='bbox 1025 884 1277 936; x_wconf 85' lang='lat' dir='ltr'>quamdam</span> <span class='ocrx_word' id='word_1_80' title='bbox 1312 883 1564 923; x_wconf 86' lang='lat' dir='ltr'>Abbatiam</span> <span class='ocrx_word' id='word_1_81' title='bbox 1595 882 1768 923; x_wconf 86' lang='lat' dir='ltr'>dictam</span> 
     </span>
     <span class='ocr_line' id='line_1_12' title="bbox 136 954 1765 1008; baseline -0.003 -11"><span class='ocrx_word' id='word_1_82' title='bbox 136 956 308 997; x_wconf 86' lang='lat' dir='ltr'>Camer</span> <span class='ocrx_word' id='word_1_83' title='bbox 327 958 355 1006; x_wconf 72' lang='lat'>²,</span> <span class='ocrx_word' id='word_1_84' title='bbox 381 957 438 996; x_wconf 84' lang='lat' dir='ltr'>ad</span> <span class='ocrx_word' id='word_1_85' title='bbox 461 969 600 1008; x_wconf 80' lang='lat' dir='ltr'>quam</span> <span class='ocrx_word' id='word_1_86' title='bbox 622 957 806 1008; x_wconf 86' lang='lat' dir='ltr'>Regina</span> <span class='ocrx_word' id='word_1_87' title='bbox 823 956 1093 1008; x_wconf 81' lang='lat' dir='ltr'>nobilesque</span> <span class='ocrx_word' id='word_1_88' title='bbox 1115 966 1276 995; x_wconf 93' lang='lat' dir='ltr'>omnes</span> <span class='ocrx_word' id='word_1_89' title='bbox 1298 954 1547 994; x_wconf 79' lang='lat' dir='ltr'>Bruxellae</span> <span class='ocrx_word' id='word_1_90' title='bbox 1571 960 1765 1004; x_wconf 81' lang='lat' dir='ltr'>agentes</span> 
     </span>
     <span class='ocr_line' id='line_1_13' title="bbox 134 1025 1767 1079; baseline -0.002 -12"><span class='ocrx_word' id='word_1_91' title='bbox 134 1026 403 1079; x_wconf 84' lang='lat' dir='ltr'>frequenter</span> <span class='ocrx_word' id='word_1_92' title='bbox 424 1028 675 1068; x_wconf 88' lang='lat' dir='ltr'>diuertunt.</span> <span class='ocrx_word' id='word_1_93' title='bbox 700 1028 862 1069; x_wconf 89' lang='lat' dir='ltr'>Inueni</span> <span class='ocrx_word' id='word_1_94' title='bbox 878 1028 940 1068; x_wconf 93' lang='lat' dir='ltr'>ibi</span> <span class='ocrx_word' id='word_1_95' title='bbox 961 1027 1111 1067; x_wconf 90' lang='lat' dir='ltr'>omnis</span> <span class='ocrx_word' id='word_1_96' title='bbox 1131 1026 1320 1077; x_wconf 85' lang='lat' dir='ltr'>generis</span> <span class='ocrx_word' id='word_1_97' title='bbox 1342 1026 1569 1075; x_wconf 89' lang='lat' dir='ltr'>homines,</span> <span class='ocrx_word' id='word_1_98' title='bbox 1590 1025 1767 1065; x_wconf 87' lang='lat' dir='ltr'>aulicos</span> 
     </span>
     <span class='ocr_line' id='line_1_14' title="bbox 135 1097 1765 1151; baseline -0.002 -12"><span class='ocrx_word' id='word_1_99' title='bbox 135 1104 179 1139; x_wconf 88' lang='lat' dir='ltr'>et</span> <span class='ocrx_word' id='word_1_100' title='bbox 200 1100 317 1139; x_wconf 83' lang='lat' dir='ltr'>alios</span> <span class='ocrx_word' id='word_1_101' title='bbox 338 1100 434 1139; x_wconf 85' lang='lat' dir='ltr'>fere</span> <span class='ocrx_word' id='word_1_102' title='bbox 458 1100 798 1151; x_wconf 83' lang='lat' dir='ltr'>quinquaginta</span> <span class='ocrx_word' id='word_1_103' title='bbox 825 1105 1088 1139; x_wconf 81' lang='lat' dir='ltr'>extraneos.</span> <span class='ocrx_word' id='word_1_104' title='bbox 1129 1097 1331 1137; x_wconf 86' lang='lat' dir='ltr'>Domina</span> <span class='ocrx_word' id='word_1_105' title='bbox 1362 1108 1475 1137; x_wconf 85' lang='lat' dir='ltr'>vero</span> <span class='ocrx_word' id='word_1_106' title='bbox 1512 1097 1765 1137; x_wconf 76' lang='lat' dir='ltr'>Abbatissa</span> 
     </span>
     <span class='ocr_line' id='line_1_15' title="bbox 134 1168 1768 1221; baseline -0.002 -11"><span class='ocrx_word' id='word_1_107' title='bbox 134 1170 267 1210; x_wconf 87' lang='lat' dir='ltr'>iussit</span> <span class='ocrx_word' id='word_1_108' title='bbox 289 1183 450 1211; x_wconf 92' lang='lat' dir='ltr'>omnes</span> <span class='ocrx_word' id='word_1_109' title='bbox 474 1171 634 1210; x_wconf 82' lang='lat' dir='ltr'>audire</span> <span class='ocrx_word' id='word_1_110' title='bbox 657 1171 947 1217; x_wconf 80' lang='lat' dir='ltr'>concionem,</span> <span class='ocrx_word' id='word_1_111' title='bbox 972 1181 1112 1221; x_wconf 91' lang='lat' dir='ltr'>quam</span> <span class='ocrx_word' id='word_1_112' title='bbox 1135 1169 1303 1209; x_wconf 87' lang='lat' dir='ltr'>ibidem</span> <span class='ocrx_word' id='word_1_113' title='bbox 1335 1168 1438 1218; x_wconf 87' lang='lat' dir='ltr'>feci,</span> <span class='ocrx_word' id='word_1_114' title='bbox 1471 1175 1514 1208; x_wconf 87' lang='lat' dir='ltr'>et</span> <span class='ocrx_word' id='word_1_115' title='bbox 1544 1175 1768 1219; x_wconf 82' lang='lat' dir='ltr'>quantum</span> 
     </span>
     <span class='ocr_line' id='line_1_16' title="bbox 136 1239 1771 1293; baseline -0.002 -11"><span class='ocrx_word' id='word_1_116' title='bbox 136 1241 298 1282; x_wconf 88' lang='lat' dir='ltr'>audire</span> <span class='ocrx_word' id='word_1_117' title='bbox 320 1243 448 1293; x_wconf 88' lang='lat' dir='ltr'>potui</span> <span class='ocrx_word' id='word_1_118' title='bbox 471 1242 596 1292; x_wconf 81' lang='lat' dir='ltr'>(nam</span> <span class='ocrx_word' id='word_1_119' title='bbox 613 1253 717 1282; x_wconf 90' lang='lat' dir='ltr'>cum</span> <span class='ocrx_word' id='word_1_120' title='bbox 753 1242 966 1282; x_wconf 88' lang='lat' dir='ltr'>omnibus</span> <span class='ocrx_word' id='word_1_121' title='bbox 1000 1241 1138 1280; x_wconf 89' lang='lat' dir='ltr'>simul</span> <span class='ocrx_word' id='word_1_122' title='bbox 1172 1240 1349 1291; x_wconf 86' lang='lat' dir='ltr'>sumpsi</span> <span class='ocrx_word' id='word_1_123' title='bbox 1384 1239 1648 1291; x_wconf 88' lang='lat' dir='ltr'>prandium)</span> <span class='ocrx_word' id='word_1_124' title='bbox 1673 1242 1771 1279; x_wconf 87' lang='lat' dir='ltr'>&#39;non</span> 
     </span>
     <span class='ocr_line' id='line_1_17' title="bbox 136 1310 1765 1364; baseline -0.001 -12"><span class='ocrx_word' id='word_1_125' title='bbox 136 1313 235 1353; x_wconf 89' lang='lat' dir='ltr'>sine</span> <span class='ocrx_word' id='word_1_126' title='bbox 275 1312 444 1363; x_wconf 84' lang='lat' dir='ltr'>fructu,</span> <span class='ocrx_word' id='word_1_127' title='bbox 484 1325 737 1364; x_wconf 89' lang='lat' dir='ltr'>omnesque</span> <span class='ocrx_word' id='word_1_128' title='bbox 768 1312 1002 1353; x_wconf 84' lang='lat' dir='ltr'>aedificati</span> <span class='ocrx_word' id='word_1_129' title='bbox 1038 1312 1238 1352; x_wconf 80' lang='lat' dir='ltr'>fuerunt.</span> <span class='ocrx_word' id='word_1_130' title='bbox 1283 1311 1463 1351; x_wconf 87' lang='lat' dir='ltr'>Deinde</span> <span class='ocrx_word' id='word_1_131' title='bbox 1502 1310 1765 1351; x_wconf 81' lang='lat' dir='ltr'>Louanium</span> 
     </span>
     <span class='ocr_line' id='line_1_18' title="bbox 134 1383 1770 1435; baseline -0.001 -12"><span class='ocrx_word' id='word_1_132' title='bbox 134 1384 250 1424; x_wconf 85' lang='lat' dir='ltr'>redii</span> <span class='ocrx_word' id='word_1_133' title='bbox 272 1391 314 1424; x_wconf 87' lang='lat' dir='ltr'>et</span> <span class='ocrx_word' id='word_1_134' title='bbox 337 1385 476 1435; x_wconf 81' lang='lat' dir='ltr'>paulo</span> <span class='ocrx_word' id='word_1_135' title='bbox 498 1391 600 1435; x_wconf 90' lang='lat' dir='ltr'>post</span> <span class='ocrx_word' id='word_1_136' title='bbox 622 1384 859 1435; x_wconf 80' lang='lat' dir='ltr'>profectus</span> <span class='ocrx_word' id='word_1_137' title='bbox 882 1385 945 1424; x_wconf 83' lang='lat' dir='ltr'>sui</span> <span class='ocrx_word' id='word_1_138' title='bbox 967 1385 1012 1423; x_wconf 89' lang='lat' dir='ltr'>in</span> <span class='ocrx_word' id='word_1_139' title='bbox 1035 1383 1334 1423; x_wconf 84' lang='lat' dir='ltr'>Hollandiam</span> <span class='ocrx_word' id='word_1_140' title='bbox 1355 1391 1398 1422; x_wconf 90' lang='lat' dir='ltr'>et</span> <span class='ocrx_word' id='word_1_141' title='bbox 1421 1383 1574 1434; x_wconf 84' lang='lat' dir='ltr'>spatio</span> <span class='ocrx_word' id='word_1_142' title='bbox 1608 1383 1655 1422; x_wconf 68' lang='lat'>14</span> <span class='ocrx_word' id='word_1_143' title='bbox 1679 1383 1770 1422; x_wconf 93' lang='lat' dir='ltr'>die-</span> 
     </span>
     <span class='ocr_line' id='line_1_19' title="bbox 138 1454 1767 1506; baseline -0.001 -11"><span class='ocrx_word' id='word_1_144' title='bbox 138 1467 255 1506; x_wconf 88' lang='lat' dir='ltr'>rum,</span> <span class='ocrx_word' id='word_1_145' title='bbox 281 1455 446 1506; x_wconf 89' lang='lat' dir='ltr'>quibus</span> <span class='ocrx_word' id='word_1_146' title='bbox 468 1456 515 1494; x_wconf 89' lang='lat' dir='ltr'>in</span> <span class='ocrx_word' id='word_1_147' title='bbox 536 1468 589 1495; x_wconf 91' lang='lat' dir='ltr'>eo</span> <span class='ocrx_word' id='word_1_148' title='bbox 612 1456 775 1495; x_wconf 87' lang='lat' dir='ltr'>itinere</span> <span class='ocrx_word' id='word_1_149' title='bbox 797 1455 875 1503; x_wconf 83' lang='lat' dir='ltr'>fui,</span> <span class='ocrx_word' id='word_1_150' title='bbox 899 1455 1205 1495; x_wconf 78' lang='lat' dir='ltr'>concionatus</span> <span class='ocrx_word' id='word_1_151' title='bbox 1239 1465 1342 1494; x_wconf 90' lang='lat' dir='ltr'>sum</span> <span class='ocrx_word' id='word_1_152' title='bbox 1376 1454 1532 1494; x_wconf 87' lang='lat' dir='ltr'>decies</span> <span class='ocrx_word' id='word_1_153' title='bbox 1563 1461 1606 1493; x_wconf 87' lang='lat' dir='ltr'>et</span> <span class='ocrx_word' id='word_1_154' title='bbox 1629 1461 1698 1493; x_wconf 89' lang='lat' dir='ltr'>ter</span> <span class='ocrx_word' id='word_1_155' title='bbox 1721 1454 1767 1493; x_wconf 88' lang='lat' dir='ltr'>in</span> 
     </span>
     <span class='ocr_line' id='line_1_20' title="bbox 140 1525 1764 1577; baseline -0.001 -11"><span class='ocrx_word' id='word_1_156' title='bbox 140 1527 340 1566; x_wconf 91' lang='lat' dir='ltr'>diuersis</span> <span class='ocrx_word' id='word_1_157' title='bbox 374 1527 662 1572; x_wconf 87' lang='lat' dir='ltr'>ciuitatibus;</span> <span class='ocrx_word' id='word_1_158' title='bbox 702 1525 838 1577; x_wconf 91' lang='lat' dir='ltr'>idque</span> <span class='ocrx_word' id='word_1_159' title='bbox 880 1537 1064 1577; x_wconf 78' lang='lat' dir='ltr'>semper</span> <span class='ocrx_word' id='word_1_160' title='bbox 1098 1526 1145 1565; x_wconf 91' lang='lat' dir='ltr'>in</span> <span class='ocrx_word' id='word_1_161' title='bbox 1180 1525 1478 1565; x_wconf 84' lang='lat' dir='ltr'>monasteriis</span> <span class='ocrx_word' id='word_1_162' title='bbox 1518 1525 1764 1576; x_wconf 81' lang='lat' dir='ltr'>aliquibus,</span> 
     </span>
     <span class='ocr_line' id='line_1_21' title="bbox 140 1596 1773 1649; baseline -0.001 -11"><span class='ocrx_word' id='word_1_163' title='bbox 140 1598 466 1649; x_wconf 83' lang='lat' dir='ltr'>praesentibus</span> <span class='ocrx_word' id='word_1_164' title='bbox 485 1598 586 1637; x_wconf 85' lang='lat' dir='ltr'>aliis</span> <span class='ocrx_word' id='word_1_165' title='bbox 603 1597 854 1637; x_wconf 78' lang='lat' dir='ltr'>extraneis:</span> <span class='ocrx_word' id='word_1_166' title='bbox 874 1598 1043 1649; x_wconf 86' lang='lat' dir='ltr'>vbique</span> <span class='ocrx_word' id='word_1_167' title='bbox 1062 1608 1174 1637; x_wconf 84' lang='lat' dir='ltr'>vero</span> <span class='ocrx_word' id='word_1_168' title='bbox 1192 1608 1352 1636; x_wconf 91' lang='lat' dir='ltr'>omnes</span> <span class='ocrx_word' id='word_1_169' title='bbox 1372 1596 1559 1636; x_wconf 82' lang='lat' dir='ltr'>fuerunt</span> <span class='ocrx_word' id='word_1_170' title='bbox 1578 1597 1773 1636; x_wconf 90' lang='lat' dir='ltr'>multum</span> 
     </span>
     <span class='ocr_line' id='line_1_22' title="bbox 142 1668 390 1709; baseline 0 -1"><span class='ocrx_word' id='word_1_171' title='bbox 142 1668 390 1709; x_wconf 83' lang='lat' dir='ltr'>aedificati.</span> 
     </span>
    </p>

    <p class='ocr_par' dir='ltr' id='par_1_4' title="bbox 140 1738 1781 2562">
     <span class='ocr_line' id='line_1_23' title="bbox 223 1738 1774 1791; baseline -0.001 -12"><span class='ocrx_word' id='word_1_172' title='bbox 223 1739 479 1791; x_wconf 77' lang='lat' dir='ltr'>Postquam</span> <span class='ocrx_word' id='word_1_173' title='bbox 500 1739 649 1779; x_wconf 89' lang='lat' dir='ltr'>denuo</span> <span class='ocrx_word' id='word_1_174' title='bbox 674 1739 934 1779; x_wconf 87' lang='lat' dir='ltr'>Louanium</span> <span class='ocrx_word' id='word_1_175' title='bbox 961 1739 1092 1786; x_wconf 91' lang='lat' dir='ltr'>redii,</span> <span class='ocrx_word' id='word_1_176' title='bbox 1127 1739 1339 1779; x_wconf 87' lang='lat' dir='ltr'>misimus</span> <span class='ocrx_word' id='word_1_177' title='bbox 1367 1739 1415 1778; x_wconf 83' lang='lat' dir='ltr'>P.</span> <span class='ocrx_word' id='word_1_178' title='bbox 1439 1738 1702 1778; x_wconf 86' lang='lat' dir='ltr'>Arnoldum</span> <span class='ocrx_word' id='word_1_179' title='bbox 1724 1744 1774 1778; x_wconf 76' lang='lat' dir='ltr'>vt</span> 
     </span>
     <span class='ocr_line' id='line_1_24' title="bbox 141 1809 1775 1864; baseline -0.001 -14"><span class='ocrx_word' id='word_1_180' title='bbox 141 1812 379 1862; x_wconf 86' lang='lat' dir='ltr'>suppleret</span> <span class='ocrx_word' id='word_1_181' title='bbox 401 1812 555 1851; x_wconf 86' lang='lat' dir='ltr'>locum</span> <span class='ocrx_word' id='word_1_182' title='bbox 575 1810 783 1864; x_wconf 71' lang='lat' dir='ltr'>Jordani,</span> <span class='ocrx_word' id='word_1_183' title='bbox 809 1811 1058 1850; x_wconf 84' lang='lat' dir='ltr'>confratris</span> <span class='ocrx_word' id='word_1_184' title='bbox 1081 1811 1229 1850; x_wconf 87' lang='lat' dir='ltr'>nostri</span> <span class='ocrx_word' id='word_1_185' title='bbox 1250 1809 1278 1861; x_wconf 73' lang='lat'>⁵,</span> <span class='ocrx_word' id='word_1_186' title='bbox 1300 1810 1378 1862; x_wconf 89' lang='lat' dir='ltr'>qui</span> <span class='ocrx_word' id='word_1_187' title='bbox 1406 1821 1514 1850; x_wconf 89' lang='lat' dir='ltr'>cum</span> <span class='ocrx_word' id='word_1_188' title='bbox 1540 1809 1642 1849; x_wconf 85' lang='lat' dir='ltr'>aliis</span> <span class='ocrx_word' id='word_1_189' title='bbox 1665 1820 1775 1860; x_wconf 87' lang='lat' dir='ltr'>qua-</span> 
     </span>
     <span class='ocr_line' id='line_1_25' title="bbox 143 1879 1776 1934; baseline -0.001 -13"><span class='ocrx_word' id='word_1_190' title='bbox 143 1890 246 1922; x_wconf 89' lang='lat' dir='ltr'>tuor</span> <span class='ocrx_word' id='word_1_191' title='bbox 274 1882 332 1922; x_wconf 89' lang='lat' dir='ltr'>ad</span> <span class='ocrx_word' id='word_1_192' title='bbox 361 1882 409 1922; x_wconf 81' lang='lat' dir='ltr'>P.</span> <span class='ocrx_word' id='word_1_193' title='bbox 449 1882 506 1923; x_wconf 81' lang='lat' dir='ltr'>V.</span> <span class='ocrx_word' id='word_1_194' title='bbox 546 1883 638 1923; x_wconf 81' lang='lat' dir='ltr'>iam</span> <span class='ocrx_word' id='word_1_195' title='bbox 670 1881 997 1934; x_wconf 88' lang='lat' dir='ltr'>proficiscitur.</span> <span class='ocrx_word' id='word_1_196' title='bbox 1034 1881 1265 1932; x_wconf 83' lang='lat' dir='ltr'>Fungitur</span> <span class='ocrx_word' id='word_1_197' title='bbox 1300 1881 1441 1931; x_wconf 82' lang='lat' dir='ltr'>igitur</span> <span class='ocrx_word' id='word_1_198' title='bbox 1464 1879 1512 1920; x_wconf 82' lang='lat' dir='ltr'>P.</span> <span class='ocrx_word' id='word_1_199' title='bbox 1538 1879 1776 1921; x_wconf 82' lang='lat' dir='ltr'>Arnoldus</span> 
     </span>
     <span class='ocr_line' id='line_1_26' title="bbox 140 1952 1776 2004; baseline -0.001 -11"><span class='ocrx_word' id='word_1_200' title='bbox 140 1953 305 1993; x_wconf 86' lang='lat' dir='ltr'>officiis</span> <span class='ocrx_word' id='word_1_201' title='bbox 326 1954 527 2004; x_wconf 85' lang='lat' dir='ltr'>pastoris</span> <span class='ocrx_word' id='word_1_202' title='bbox 545 1954 591 1993; x_wconf 92' lang='lat' dir='ltr'>in</span> <span class='ocrx_word' id='word_1_203' title='bbox 613 1953 904 1994; x_wconf 86' lang='lat' dir='ltr'>Culenberch</span> <span class='ocrx_word' id='word_1_204' title='bbox 925 1953 952 2003; x_wconf 74' lang='lat'>&#39;²3</span> <span class='ocrx_word' id='word_1_205' title='bbox 977 1953 1058 1993; x_wconf 90' lang='lat' dir='ltr'>sed</span> <span class='ocrx_word' id='word_1_206' title='bbox 1081 1954 1174 1993; x_wconf 88' lang='lat' dir='ltr'>iam</span> <span class='ocrx_word' id='word_1_207' title='bbox 1201 1965 1254 1993; x_wconf 92' lang='lat' dir='ltr'>eo</span> <span class='ocrx_word' id='word_1_208' title='bbox 1291 1952 1579 1993; x_wconf 90' lang='lat' dir='ltr'>deuenerunt</span> <span class='ocrx_word' id='word_1_209' title='bbox 1615 1963 1776 1991; x_wconf 91' lang='lat' dir='ltr'>omnes</span> 
     </span>
     <span class='ocr_line' id='line_1_27' title="bbox 146 2021 1775 2076; baseline -0.001 -12"><span class='ocrx_word' id='word_1_210' title='bbox 146 2030 191 2063; x_wconf 77' lang='lat' dir='ltr'>vt</span> <span class='ocrx_word' id='word_1_211' title='bbox 214 2025 360 2064; x_wconf 87' lang='lat' dir='ltr'>nolint</span> <span class='ocrx_word' id='word_1_212' title='bbox 382 2036 486 2064; x_wconf 89' lang='lat' dir='ltr'>eum</span> <span class='ocrx_word' id='word_1_213' title='bbox 507 2025 632 2064; x_wconf 75' lang='lat' dir='ltr'>aliud</span> <span class='ocrx_word' id='word_1_214' title='bbox 654 2036 795 2075; x_wconf 77' lang='lat' dir='ltr'>agere</span> <span class='ocrx_word' id='word_1_215' title='bbox 816 2035 957 2076; x_wconf 81' lang='lat' dir='ltr'>quam</span> <span class='ocrx_word' id='word_1_216' title='bbox 992 2023 1194 2073; x_wconf 84' lang='lat' dir='ltr'>studere,</span> <span class='ocrx_word' id='word_1_217' title='bbox 1228 2023 1500 2063; x_wconf 78' lang='lat' dir='ltr'>concionari</span> <span class='ocrx_word' id='word_1_218' title='bbox 1535 2029 1577 2063; x_wconf 91' lang='lat' dir='ltr'>et</span> <span class='ocrx_word' id='word_1_219' title='bbox 1613 2021 1775 2062; x_wconf 91' lang='lat' dir='ltr'>audire</span> 
     </span>
     <span class='ocr_line' id='line_1_28' title="bbox 143 2093 1773 2147; baseline -0.001 -12"><span class='ocrx_word' id='word_1_220' title='bbox 143 2095 476 2145; x_wconf 85' lang='lat' dir='ltr'>confessiones;</span> <span class='ocrx_word' id='word_1_221' title='bbox 500 2103 657 2136; x_wconf 79' lang='lat' dir='ltr'>tantus</span> <span class='ocrx_word' id='word_1_222' title='bbox 674 2096 798 2135; x_wconf 88' lang='lat' dir='ltr'>enim</span> <span class='ocrx_word' id='word_1_223' title='bbox 819 2103 886 2135; x_wconf 90' lang='lat' dir='ltr'>est</span> <span class='ocrx_word' id='word_1_224' title='bbox 908 2095 1066 2147; x_wconf 88' lang='lat' dir='ltr'>populi</span> <span class='ocrx_word' id='word_1_225' title='bbox 1100 2101 1144 2135; x_wconf 93' lang='lat' dir='ltr'>et</span> <span class='ocrx_word' id='word_1_226' title='bbox 1178 2095 1404 2134; x_wconf 89' lang='lat' dir='ltr'>nobilium</span> <span class='ocrx_word' id='word_1_227' title='bbox 1436 2105 1692 2134; x_wconf 89' lang='lat' dir='ltr'>concursus</span> <span class='ocrx_word' id='word_1_228' title='bbox 1715 2093 1773 2133; x_wconf 87' lang='lat' dir='ltr'>ad</span> 
     </span>
     <span class='ocr_line' id='line_1_29' title="bbox 146 2164 1778 2215; baseline -0.001 -9"><span class='ocrx_word' id='word_1_229' title='bbox 146 2167 399 2206; x_wconf 89' lang='lat' dir='ltr'>conciones</span> <span class='ocrx_word' id='word_1_230' title='bbox 422 2178 599 2214; x_wconf 89' lang='lat' dir='ltr'>omnes,</span> <span class='ocrx_word' id='word_1_231' title='bbox 626 2173 673 2206; x_wconf 88' lang='lat' dir='ltr'>vt</span> <span class='ocrx_word' id='word_1_232' title='bbox 694 2167 776 2206; x_wconf 84' lang='lat' dir='ltr'>vix</span> <span class='ocrx_word' id='word_1_233' title='bbox 798 2166 948 2206; x_wconf 89' lang='lat' dir='ltr'>simile</span> <span class='ocrx_word' id='word_1_234' title='bbox 969 2166 1123 2206; x_wconf 87' lang='lat' dir='ltr'>visum</span> <span class='ocrx_word' id='word_1_235' title='bbox 1150 2166 1286 2206; x_wconf 89' lang='lat' dir='ltr'>fuerit</span> <span class='ocrx_word' id='word_1_236' title='bbox 1308 2178 1360 2205; x_wconf 89' lang='lat' dir='ltr'>eo</span> <span class='ocrx_word' id='word_1_237' title='bbox 1383 2166 1429 2205; x_wconf 88' lang='lat' dir='ltr'>in</span> <span class='ocrx_word' id='word_1_238' title='bbox 1450 2166 1568 2215; x_wconf 94' lang='lat' dir='ltr'>loco,</span> <span class='ocrx_word' id='word_1_239' title='bbox 1594 2164 1778 2204; x_wconf 88' lang='lat' dir='ltr'>etiamsi</span> 
     </span>
     <span class='ocr_line' id='line_1_30' title="bbox 144 2235 1778 2289; baseline -0.002 -12"><span class='ocrx_word' id='word_1_240' title='bbox 144 2237 213 2277; x_wconf 90' lang='lat' dir='ltr'>bis</span> <span class='ocrx_word' id='word_1_241' title='bbox 234 2249 328 2277; x_wconf 84' lang='lat' dir='ltr'>vno</span> <span class='ocrx_word' id='word_1_242' title='bbox 345 2238 418 2278; x_wconf 91' lang='lat' dir='ltr'>die</span> <span class='ocrx_word' id='word_1_243' title='bbox 440 2238 485 2277; x_wconf 92' lang='lat' dir='ltr'>in</span> <span class='ocrx_word' id='word_1_244' title='bbox 502 2238 701 2278; x_wconf 90' lang='lat' dir='ltr'>diuersis</span> <span class='ocrx_word' id='word_1_245' title='bbox 719 2237 957 2289; x_wconf 87' lang='lat' dir='ltr'>praedicet</span> <span class='ocrx_word' id='word_1_246' title='bbox 976 2238 1204 2277; x_wconf 91' lang='lat' dir='ltr'>ecclesiis.</span> <span class='ocrx_word' id='word_1_247' title='bbox 1225 2236 1539 2277; x_wconf 89' lang='lat' dir='ltr'>Concionatus</span> <span class='ocrx_word' id='word_1_248' title='bbox 1555 2242 1624 2276; x_wconf 88' lang='lat' dir='ltr'>est</span> <span class='ocrx_word' id='word_1_249' title='bbox 1637 2235 1778 2275; x_wconf 85' lang='lat' dir='ltr'>etiam</span> 
     </span>
     <span class='ocr_line' id='line_1_31' title="bbox 144 2308 1781 2359; baseline -0.001 -11"><span class='ocrx_word' id='word_1_250' title='bbox 144 2308 215 2348; x_wconf 90' lang='lat' dir='ltr'>bis</span> <span class='ocrx_word' id='word_1_251' title='bbox 236 2315 366 2348; x_wconf 89' lang='lat' dir='ltr'>terue</span> <span class='ocrx_word' id='word_1_252' title='bbox 388 2309 435 2348; x_wconf 90' lang='lat' dir='ltr'>in</span> <span class='ocrx_word' id='word_1_253' title='bbox 452 2310 581 2348; x_wconf 88' lang='lat' dir='ltr'>curia</span> <span class='ocrx_word' id='word_1_254' title='bbox 603 2309 791 2349; x_wconf 70' lang='lat' dir='ltr'>Illust.ae</span> <span class='ocrx_word' id='word_1_255' title='bbox 818 2308 1096 2350; x_wconf 85' lang='lat' dir='ltr'>Comitissae</span> <span class='ocrx_word' id='word_1_256' title='bbox 1120 2308 1148 2358; x_wconf 78' lang='lat'>⁵,</span> <span class='ocrx_word' id='word_1_257' title='bbox 1174 2314 1218 2348; x_wconf 91' lang='lat' dir='ltr'>et</span> <span class='ocrx_word' id='word_1_258' title='bbox 1240 2319 1294 2347; x_wconf 91' lang='lat' dir='ltr'>eo</span> <span class='ocrx_word' id='word_1_259' title='bbox 1316 2319 1500 2359; x_wconf 90' lang='lat' dir='ltr'>quoque</span> <span class='ocrx_word' id='word_1_260' title='bbox 1521 2313 1650 2346; x_wconf 87' lang='lat' dir='ltr'>tanta</span> <span class='ocrx_word' id='word_1_261' title='bbox 1672 2318 1781 2346; x_wconf 90' lang='lat' dir='ltr'>con·</span> 
     </span>
     <span class='ocr_line' id='line_1_32' title="bbox 148 2379 1777 2431; baseline -0.001 -12"><span class='ocrx_word' id='word_1_262' title='bbox 148 2379 281 2419; x_wconf 83' lang='lat' dir='ltr'>fluxit</span> <span class='ocrx_word' id='word_1_263' title='bbox 302 2380 565 2428; x_wconf 83' lang='lat' dir='ltr'>multitudo,</span> <span class='ocrx_word' id='word_1_264' title='bbox 588 2387 640 2419; x_wconf 88' lang='lat' dir='ltr'>vt</span> <span class='ocrx_word' id='word_1_265' title='bbox 661 2381 790 2420; x_wconf 90' lang='lat' dir='ltr'>locus</span> <span class='ocrx_word' id='word_1_266' title='bbox 811 2379 1025 2431; x_wconf 90' lang='lat' dir='ltr'>quamuis</span> <span class='ocrx_word' id='word_1_267' title='bbox 1047 2380 1229 2430; x_wconf 89' lang='lat' dir='ltr'>amplus</span> <span class='ocrx_word' id='word_1_268' title='bbox 1249 2390 1343 2419; x_wconf 90' lang='lat' dir='ltr'>non</span> <span class='ocrx_word' id='word_1_269' title='bbox 1379 2384 1568 2430; x_wconf 88' lang='lat' dir='ltr'>caperet</span> <span class='ocrx_word' id='word_1_270' title='bbox 1599 2389 1777 2427; x_wconf 88' lang='lat' dir='ltr'>omnes;</span> 
     </span>
     <span class='ocr_line' id='line_1_33' title="bbox 149 2449 1780 2502; baseline -0.001 -12"><span class='ocrx_word' id='word_1_271' title='bbox 149 2450 240 2490; x_wconf 93' lang='lat' dir='ltr'>hoc</span> <span class='ocrx_word' id='word_1_272' title='bbox 263 2457 420 2490; x_wconf 89' lang='lat' dir='ltr'>autem</span> <span class='ocrx_word' id='word_1_273' title='bbox 437 2462 532 2490; x_wconf 89' lang='lat' dir='ltr'>vno</span> <span class='ocrx_word' id='word_1_274' title='bbox 555 2462 635 2490; x_wconf 85' lang='lat' dir='ltr'>ore</span> <span class='ocrx_word' id='word_1_275' title='bbox 657 2450 914 2491; x_wconf 86' lang='lat' dir='ltr'>clamitant:</span> <span class='ocrx_word' id='word_1_276' title='bbox 933 2450 1044 2502; x_wconf 86' lang='lat' dir='ltr'>quid</span> <span class='ocrx_word' id='word_1_277' title='bbox 1061 2450 1316 2501; x_wconf 84' lang='lat' dir='ltr'>poterimus</span> <span class='ocrx_word' id='word_1_278' title='bbox 1337 2449 1492 2489; x_wconf 85' lang='lat' dir='ltr'>facere</span> <span class='ocrx_word' id='word_1_279' title='bbox 1510 2456 1560 2489; x_wconf 86' lang='lat' dir='ltr'>vt</span> <span class='ocrx_word' id='word_1_280' title='bbox 1577 2460 1684 2489; x_wconf 92' lang='lat' dir='ltr'>eum</span> <span class='ocrx_word' id='word_1_281' title='bbox 1700 2460 1780 2488; x_wconf 89' lang='lat' dir='ltr'>no-</span> 
     </span>
     <span class='ocr_line' id='line_1_34' title="bbox 147 2519 1781 2562; baseline -0.001 -1"><span class='ocrx_word' id='word_1_282' title='bbox 147 2521 325 2561; x_wconf 89' lang='lat' dir='ltr'>biscum</span> <span class='ocrx_word' id='word_1_283' title='bbox 348 2522 612 2562; x_wconf 84' lang='lat' dir='ltr'>servemus?</span> <span class='ocrx_word' id='word_1_284' title='bbox 632 2521 715 2562; x_wconf 86' lang='lat' dir='ltr'>Est</span> <span class='ocrx_word' id='word_1_285' title='bbox 737 2522 826 2561; x_wconf 88' lang='lat' dir='ltr'>ista</span> <span class='ocrx_word' id='word_1_286' title='bbox 855 2521 1106 2562; x_wconf 89' lang='lat' dir='ltr'>admodum</span> <span class='ocrx_word' id='word_1_287' title='bbox 1142 2521 1311 2561; x_wconf 91' lang='lat' dir='ltr'>nobilis</span> <span class='ocrx_word' id='word_1_288' title='bbox 1344 2519 1594 2561; x_wconf 85' lang='lat' dir='ltr'>Comitissa</span> <span class='ocrx_word' id='word_1_289' title='bbox 1627 2520 1781 2560; x_wconf 89' lang='lat' dir='ltr'>Hoch-</span> 
     </span>
    </p>
   </div>
   <div class='ocr_carea' id='block_1_3' title="bbox 150 2680 1788 3002">
    <p class='ocr_par' dir='ltr' id='par_1_5' title="bbox 205 2680 1610 2715">
     <span class='ocr_line' id='line_1_35' title="bbox 205 2680 1610 2715; baseline -0.001 -7"><span class='ocrx_word' id='word_1_290' title='bbox 205 2681 214 2700; x_wconf 92' lang='lat'>¹</span> <span class='ocrx_word' id='word_1_291' title='bbox 256 2681 323 2715; x_wconf 89' lang='lat' dir='ltr'>Sic;</span> <span class='ocrx_word' id='word_1_292' title='bbox 340 2681 477 2709; x_wconf 83' lang='lat' dir='ltr'>Polanci</span> <span class='ocrx_word' id='word_1_293' title='bbox 493 2689 712 2709; x_wconf 80' lang='lat' dir='ltr'>amanuensis</span> <span class='ocrx_word' id='word_1_294' title='bbox 728 2681 760 2708; x_wconf 89' lang='lat' dir='ltr'>in</span> <span class='ocrx_word' id='word_1_295' title='bbox 777 2680 979 2714; x_wconf 77' lang='lat' dir='ltr'>Chronicon,</span> <span class='ocrx_word' id='word_1_296' title='bbox 996 2685 1019 2708; x_wconf 92' lang='lat' dir='ltr'>t.</span> <span class='ocrx_word' id='word_1_297' title='bbox 1036 2689 1078 2714; x_wconf 75' lang='lat' dir='ltr'>v..</span> <span class='ocrx_word' id='word_1_298' title='bbox 1098 2681 1316 2714; x_wconf 83' lang='lat' dir='ltr'>transcripsit</span> <span class='ocrx_word' id='word_1_299' title='bbox 1339 2681 1610 2708; x_wconf 67' lang='lat' dir='ltr'>Ubonterhraclz.</span> 
     </span>
    </p>

    <p class='ocr_par' dir='ltr' id='par_1_6' title="bbox 202 2728 1782 2763">
     <span class='ocr_line' id='line_1_36' title="bbox 202 2728 1782 2763; baseline -0.001 -7"><span class='ocrx_word' id='word_1_300' title='bbox 202 2729 216 2747; x_wconf 74' lang='lat'><strong>²</strong></span> <span class='ocrx_word' id='word_1_301' title='bbox 255 2729 408 2756; x_wconf 79' lang='lat' dir='ltr'>Abbatia</span> <span class='ocrx_word' id='word_1_302' title='bbox 425 2729 590 2756; x_wconf 85' lang='lat' dir='ltr'>Dominae</span> <span class='ocrx_word' id='word_1_303' title='bbox 606 2729 755 2757; x_wconf 85' lang='lat' dir='ltr'>Nostrae</span> <span class='ocrx_word' id='word_1_304' title='bbox 771 2729 810 2756; x_wconf 90' lang='lat' dir='ltr'>de</span> <span class='ocrx_word' id='word_1_305' title='bbox 824 2729 957 2762; x_wconf 79' lang='lat' dir='ltr'>Camer,</span> <span class='ocrx_word' id='word_1_306' title='bbox 976 2736 1079 2763; x_wconf 85' lang='lat' dir='ltr'>prope</span> <span class='ocrx_word' id='word_1_307' title='bbox 1097 2728 1287 2757; x_wconf 66' lang='lat' dir='ltr'>Bruxellas,</span> <span class='ocrx_word' id='word_1_308' title='bbox 1305 2728 1399 2756; x_wconf 86' lang='lat' dir='ltr'>dicta</span> <span class='ocrx_word' id='word_1_309' title='bbox 1414 2729 1518 2757; x_wconf 88' lang='lat' dir='ltr'>etiam</span> <span class='ocrx_word' id='word_1_310' title='bbox 1538 2729 1581 2756; x_wconf 81' lang='lat' dir='ltr'>de</span> <span class='ocrx_word' id='word_1_311' title='bbox 1599 2728 1782 2756; x_wconf 81' lang='lat' dir='ltr'>Cameren.</span> 
     </span>
    </p>

    <p class='ocr_par' dir='ltr' id='par_1_7' title="bbox 205 2777 1124 2811">
     <span class='ocr_line' id='line_1_37' title="bbox 205 2777 1124 2811; baseline 0.001 -7"><span class='ocrx_word' id='word_1_312' title='bbox 205 2777 218 2797; x_wconf 79' lang='lat'>⁵</span> <span class='ocrx_word' id='word_1_313' title='bbox 255 2777 343 2804; x_wconf 87' lang='lat' dir='ltr'>Vide</span> <span class='ocrx_word' id='word_1_314' title='bbox 361 2777 507 2805; x_wconf 79' lang='lat' dir='ltr'>POLANc1</span> <span class='ocrx_word' id='word_1_315' title='bbox 525 2777 729 2809; x_wconf 79' lang='lat' dir='ltr'>Chronicon,</span> <span class='ocrx_word' id='word_1_316' title='bbox 743 2781 767 2804; x_wconf 93' lang='lat' dir='ltr'>t.</span> <span class='ocrx_word' id='word_1_317' title='bbox 783 2784 830 2811; x_wconf 73' lang='grc' dir='ltr'>ιν,</span> <span class='ocrx_word' id='word_1_318' title='bbox 846 2785 923 2811; x_wconf 82' lang='lat' dir='ltr'>pag.</span> <span class='ocrx_word' id='word_1_319' title='bbox 941 2777 1002 2805; x_wconf 86' lang='lat'>292.</span> <span class='ocrx_word' id='word_1_320' title='bbox 1016 2784 1045 2804; x_wconf 87' lang='lat' dir='ltr'>n.</span> <span class='ocrx_word' id='word_1_321' title='bbox 1059 2777 1124 2805; x_wconf 62' lang='lat'>02⁴.</span> 
     </span>
    </p>

    <p class='ocr_par' dir='ltr' id='par_1_8' title="bbox 202 2824 645 2859">
     <span class='ocr_line' id='line_1_38' title="bbox 202 2824 645 2859; baseline 0.002 -7"><span class='ocrx_word' id='word_1_322' title='bbox 202 2825 216 2844; x_wconf 69' lang='lat'>¹⁴</span> <span class='ocrx_word' id='word_1_323' title='bbox 254 2824 320 2859; x_wconf 77' lang='lat' dir='ltr'>Sic;</span> <span class='ocrx_word' id='word_1_324' title='bbox 337 2833 424 2853; x_wconf 90' lang='lat' dir='ltr'>nunc</span> <span class='ocrx_word' id='word_1_325' title='bbox 439 2824 645 2859; x_wconf 85' lang='lat' dir='ltr'>Culenborg.</span> 
     </span>
    </p>

    <p class='ocr_par' dir='ltr' id='par_1_9' title="bbox 150 2871 1788 3002">
     <span class='ocr_line' id='line_1_39' title="bbox 202 2871 1788 2906; baseline -0.001 -6"><span class='ocrx_word' id='word_1_326' title='bbox 202 2872 216 2892; x_wconf 76' lang='lat'>⁵</span> <span class='ocrx_word' id='word_1_327' title='bbox 255 2872 401 2900; x_wconf 87' lang='lat' dir='ltr'>Domina</span> <span class='ocrx_word' id='word_1_328' title='bbox 425 2873 465 2900; x_wconf 90' lang='lat' dir='ltr'>de</span> <span class='ocrx_word' id='word_1_329' title='bbox 486 2872 689 2906; x_wconf 71' lang='lat' dir='ltr'>Culenborg,</span> <span class='ocrx_word' id='word_1_330' title='bbox 713 2871 896 2899; x_wconf 76' lang='lat' dir='ltr'>Comitissa</span> <span class='ocrx_word' id='word_1_331' title='bbox 920 2874 959 2899; x_wconf 81' lang='lat' dir='ltr'>de</span> <span class='ocrx_word' id='word_1_332' title='bbox 982 2872 1274 2906; x_wconf 84' lang='lat' dir='ltr'>Hooghstraeten;</span> <span class='ocrx_word' id='word_1_333' title='bbox 1299 2873 1409 2904; x_wconf 82' lang='lat' dir='ltr'>Anna.</span> <span class='ocrx_word' id='word_1_334' title='bbox 1432 2871 1614 2900; x_wconf 82' lang='lat' dir='ltr'>comitissa</span> <span class='ocrx_word' id='word_1_335' title='bbox 1636 2871 1676 2898; x_wconf 86' lang='lat' dir='ltr'>de</span> <span class='ocrx_word' id='word_1_336' title='bbox 1700 2871 1788 2898; x_wconf 81' lang='lat' dir='ltr'>Ren-</span> 
     </span>
     <span class='ocr_line' id='line_1_40' title="bbox 150 2918 1787 2955; baseline -0.002 -7"><span class='ocrx_word' id='word_1_337' title='bbox 150 2921 313 2955; x_wconf 78' lang='lat' dir='ltr'>nenberg,</span> <span class='ocrx_word' id='word_1_338' title='bbox 329 2920 434 2948; x_wconf 91' lang='lat' dir='ltr'>vidua</span> <span class='ocrx_word' id='word_1_339' title='bbox 449 2920 598 2955; x_wconf 86' lang='lat' dir='ltr'>Philippi</span> <span class='ocrx_word' id='word_1_340' title='bbox 613 2920 654 2947; x_wconf 85' lang='lat' dir='ltr'>de</span> <span class='ocrx_word' id='word_1_341' title='bbox 667 2919 805 2954; x_wconf 81' lang='lat' dir='ltr'>Lalain,</span> <span class='ocrx_word' id='word_1_342' title='bbox 821 2919 962 2947; x_wconf 84' lang='lat' dir='ltr'>Comitis</span> <span class='ocrx_word' id='word_1_343' title='bbox 975 2920 1015 2947; x_wconf 91' lang='lat' dir='ltr'>de</span> <span class='ocrx_word' id='word_1_344' title='bbox 1032 2919 1324 2954; x_wconf 76' lang='lat' dir='ltr'>Hooghstraeten?</span> <span class='ocrx_word' id='word_1_345' title='bbox 1344 2920 1394 2947; x_wconf 85' lang='lat' dir='ltr'>Cf.</span> <span class='ocrx_word' id='word_1_346' title='bbox 1418 2919 1584 2950; x_wconf 61' lang='lat' dir='ltr'>Burxssxs.</span> <span class='ocrx_word' id='word_1_347' title='bbox 1612 2918 1787 2954; x_wconf 81' lang='lat' dir='ltr'>Troplze&#39;es</span> 
     </span>
     <span class='ocr_line' id='line_1_41' title="bbox 150 2967 765 3002; baseline -0.002 -6"><span class='ocrx_word' id='word_1_348' title='bbox 150 2970 199 2996; x_wconf 80' lang='lat' dir='ltr'>du</span> <span class='ocrx_word' id='word_1_349' title='bbox 216 2968 477 3001; x_wconf 76' lang='lat' dir='ltr'>Brabant,t.11‚</span> <span class='ocrx_word' id='word_1_350' title='bbox 494 2968 551 2994; x_wconf 88' lang='lat' dir='ltr'>lib.</span> <span class='ocrx_word' id='word_1_351' title='bbox 571 2967 598 3001; x_wconf 85' lang='lat'>3,</span> <span class='ocrx_word' id='word_1_352' title='bbox 612 2975 689 3002; x_wconf 87' lang='lat' dir='ltr'>pag.</span> <span class='ocrx_word' id='word_1_353' title='bbox 707 2967 765 2995; x_wconf 74' lang='lat'>150.</span> 
     </span>
    </p>
   </div>
  </div>
 </body>
</html>
