2028 3328
179 137 249 174 330
690 137 917 174 LITTERAE
944 145 1302 180 QUADRIMESTRES

178 233 342 284 cessio,
368 245 475 273 cum
498 244 670 284 magno
692 232 831 273 huius
853 232 964 272 cleri
985 237 1029 272 et
1046 230 1204 282 oppidi
1224 241 1471 280 concursu,
1496 241 1614 281 quae
1637 242 1712 270 res
1731 243 1805 271 ue-

179 304 529 344 hementissime
557 304 732 356 placuit
764 303 992 352 omnibus,
1029 308 1073 342 et
1101 301 1397 342 deuotionem
1426 301 1807 341 communicandi

178 387 272 415 non
293 375 590 415 mediocriter
608 375 751 415 auxit.

257 446 413 487 Distat
435 447 492 486 ab
513 447 601 486 hac
625 447 748 486 alma
771 446 909 485 domo
943 444 1163 496 oppidum
1198 442 1433 495 quoddam
1462 443 1729 494 antiquum,
1764 448 1808 483 et

182 519 339 558 natale
358 517 463 558 Rmi
493 517 758 558 Cardinalis
779 515 983 556 Sanctae
1010 514 1174 555 Crucis
1206 515 1519 565 honestatum,
1552 514 1599 554 in
1621 525 1712 565 quo
1734 513 1808 554 de-

176 589 246 640 git
266 600 407 640 eques
429 588 716 639 Alexander,
741 587 887 627 frater
909 585 1117 626 eiusdem
1151 583 1257 625 R.1¹²i
1285 584 1564 636 Cardinalis;
1589 585 1642 635 is,
1676 596 1807 624 acce-

176 666 257 712 pto
278 672 336 700 ex
356 659 483 700 Urbe
514 659 729 709 iubilaeo,
760 657 947 709 rogauit
980 663 1029 697 ut
1063 668 1183 697 unus
1214 668 1272 697 ex
1297 656 1472 697 nostris
1499 655 1717 696 Patribus
1752 667 1807 695 eo

175 730 566 782 proficisceretur,
591 730 667 782 qui
690 729 777 769 sibi
799 735 843 769 et
863 729 1083 769 uniuerso
1105 728 1279 779 populo
1306 727 1493 767 iubilaei
1512 726 1714 767 formam
1735 726 1808 766 de—

176 803 394 853 clararet,
419 801 816 852 concionibusque
834 800 893 840 ad
910 806 1091 840 tantum
1113 810 1283 839 munus
1300 798 1440 849 digne
1458 797 1809 850 percipiendum

174 878 497 925 praepararet.
522 872 665 913 Cuius
687 872 810 912 uotis
832 882 1044 912 annuens
1066 870 1114 911 Ρ.
1138 870 1314 910 Rector
1342 875 1384 909 et
1407 869 1464 909 D.
1491 868 1805 918 Gubernator,

176 943 365 984 Patrem
382 944 612 997 Joannem
632 942 938 983 Laurentium
959 948 1003 983 et
1020 954 1092 982 me
1109 953 1163 982 eo
1185 940 1493 981 destinarunt.

256 1014 460 1055 Publicis
488 1020 643 1054 autem
674 1014 979 1054 concionibus
1009 1019 1054 1053 et
1080 1012 1277 1065 priuatis
1312 1011 1720 1052 adhortationibus
1749 1022 1805 1050 eo

177 1086 519 1137 oppidanorum
540 1085 723 1126 animos
745 1084 964 1137 perduxit
986 1084 1146 1124 diuina
1165 1082 1364 1133 bonitas,
1386 1088 1436 1122 ut
1452 1081 1726 1134 paucissimi
1742 1093 1808 1121 re-

175 1162 433 1207 manerent,
458 1156 536 1208 qui
556 1162 714 1196 tantae
734 1155 919 1207 gratiae
953 1155 1208 1207 participes
1236 1165 1330 1194 non
1365 1152 1674 1193 efficerentur.
1696 1151 1808 1192 Fuit

175 1228 320 1278 igitur
340 1239 422 1279 per
444 1233 623 1280 septem
646 1228 896 1268 continuos
923 1227 1021 1267 dies
1049 1231 1207 1266 tantus
1241 1224 1580 1277 poenitentium
1606 1234 1807 1263 concur-

174 1310 267 1350 sus,
291 1305 339 1339 ut
360 1299 440 1339 uix
462 1298 637 1351 aliquid
659 1298 748 1339 ocii
770 1302 1036 1350 superesset
1058 1296 1118 1337 ad
1139 1295 1589 1337 subministrandum
1618 1293 1808 1345 corpori

175 1370 461 1410 necessaria.
486 1369 606 1410 Nam
624 1376 875 1422 postquam
897 1374 1045 1409 totum
1062 1367 1153 1408 diei
1169 1373 1352 1419 tempus
1369 1367 1416 1406 in
1434 1365 1678 1407 audiendis
1696 1376 1804 1405 con·

173 1441 454 1482 sessionibus
484 1441 894 1492 transegissemus,
929 1439 1215 1490 cogebamur
1246 1438 1387 1478 etiam
1414 1443 1558 1478 noctu
1585 1437 1632 1477 in
1668 1436 1806 1477 domo

175 1512 346 1564 equitis
367 1524 514 1564 usque
536 1511 595 1551 ad
615 1512 716 1552 &am
737 1512 904 1551 horam
923 1511 1075 1551 noctis
1102 1510 1243 1550 etiam
1277 1509 1598 1550 confessiones
1621 1508 1802 1558 audire,

174 1584 251 1623 vel
286 1583 579 1624 difficultates
607 1595 815 1634 casuum,
846 1594 963 1635 quas
994 1581 1125 1622 multi
1156 1580 1502 1632 proponebant,
1528 1579 1802 1620 dissoluere:

171 1654 339 1695 deinde
361 1653 420 1695 ad
441 1655 635 1695 multam
666 1666 812 1705 usque
832 1659 1020 1694 noctem
1040 1652 1254 1704 uigilare,
1285 1657 1333 1692 ut
1361 1651 1638 1692 concionem
1661 1650 1708 1690 in
1736 1662 1801 1690 se-

169 1731 387 1776 quentem
410 1726 533 1767 diem
554 1737 797 1778 possemus
818 1735 1118 1777 praeparare.

252 1796 367 1837 Erat
389 1803 545 1837 autem
570 1797 617 1837 in
638 1797 779 1837 tantis
801 1796 1039 1836 laboribus
1061 1801 1219 1835 tantus
1250 1794 1436 1835 diuinae
1469 1793 1653 1845 gratiae
1674 1792 1806 1833 influ-

171 1879 276 1918 XUS,
300 1874 525 1921 tantaque
546 1869 822 1919 consolatio,
848 1874 896 1908 ut
917 1868 1070 1908 nullus
1091 1873 1229 1917 esset,
1253 1866 1331 1918 qui
1360 1866 1551 1906 uberem
1579 1864 1668 1905 Dei
1698 1875 1803 1915 gra-

170 1939 286 1979 tiam
305 1939 352 1979 in
373 1951 423 1980 se
445 1951 538 1980 non
558 1939 766 1980 sentiret.
789 1939 937 1979 Paces
958 1938 1021 1978 ibi
1056 1938 1230 1990 aliquot
1257 1944 1364 1977 sunt
1385 1936 1553 1986 factae,
1578 1935 1803 1975 scandala

173 2010 371 2062 sublata,
396 2016 440 2051 et
461 2011 714 2051 multorum
736 2010 879 2050 animi
901 2009 960 2050 ad
981 2009 1240 2061 perfectum
1256 2006 1445 2048 uiuendi
1462 2005 1654 2046 modum
1672 2016 1804 2046 reuo-

161 2082 279 2123 cati.
303 2081 627 2122 Promiserunt
648 2082 790 2122 etiam
808 2081 906 2121 fere
936 2091 1097 2121 omnes
1114 2079 1270 2120 uerbis
1291 2083 1336 2118 et
1367 2077 1554 2130 scriptis
1588 2082 1804 2128 acceptu-

171 2164 250 2194 ros
271 2165 320 2194 se
342 2153 726 2194 consuetudinem
750 2151 1001 2193 confitendi
1022 2157 1067 2191 et
1083 2149 1462 2191 communicandi
1478 2150 1645 2189 saltem
1661 2148 1806 2188 semel

173 2224 221 2264 in
241 2236 417 2265 mense:
442 2230 486 2264 et
508 2230 557 2265 ut
578 2224 716 2265 huius
738 2223 890 2264 sancti
911 2223 1115 2264 instituti
1143 2221 1328 2262 deuotio
1358 2220 1650 2273 perduraret,
1675 2229 1806 2260 acce-

175 2295 242 2347 pit
262 2307 404 2348 eques
425 2295 698 2336 Alexander
719 2306 880 2336 curam
901 2295 1127 2345 uirorum,
1147 2294 1246 2334 eius
1263 2304 1375 2333 uero
1392 2291 1681 2345 pientissima
1699 2301 1806 2331 con-

175 2367 257 2407 iux
277 2367 537 2417 mulierum,
567 2367 645 2419 qui
676 2367 905 2407 hactenus
925 2365 1280 2417 religiosissime
1306 2363 1665 2416 promissionem
1699 2372 1807 2401 cum

174 2438 389 2478 omnibus
411 2439 738 2479 obseruarunt.
762 2437 881 2478 Nam
903 2437 1054 2489 prima
1076 2436 1309 2476 dominica
1331 2435 1489 2476 Martii
1510 2433 1570 2474 ad
1590 2434 1713 2474 hanc
1744 2433 1804 2472 al-

175 2519 299 2549 mam
317 2509 504 2550 domum
521 2510 789 2560 deueniens,
813 2520 954 2549 uerus
975 2507 1151 2549 Christi
1171 2519 1325 2559 eques,
1350 2505 1407 2547 D.
1433 2505 1706 2546 Alexander
1726 2515 1807 2544 no-

174 2579 246 2620 bis
267 2580 421 2620 retulit
443 2593 491 2621 se
515 2593 566 2621 eo
587 2582 674 2628 die,
700 2593 806 2622 cum
838 2580 1052 2620 omnibus
1073 2580 1170 2620 fere
1191 2578 1524 2631 phanensibus,
1549 2575 1805 2627 sumpsisse

175 2651 522 2692 sanctissimum
551 2652 878 2692 Eucharistiae
904 2656 1267 2692 sacramentum.
1297 2649 1399 2689 Hoc
1420 2648 1572 2700 ipsum
1594 2646 1735 2687 etiam
1755 2657 1806 2685 se

173 2721 342 2762 fecisse
363 2723 461 2763 eius
483 2723 656 2763 coniux
674 2722 808 2763 nobis
828 2723 987 2763 retulit
1010 2720 1327 2773 superioribus
1349 2719 1527 2769 diebus,
1553 2723 1804 2769 postquam

176 2792 253 2833 hic
274 2793 407 2832 nobis
424 2805 530 2833 cum
547 2793 650 2833 aliis
667 2793 937 2833 mulieribus
959 2798 1082 2833 esset
1103 2790 1333 2832 confessa.

258 2863 398 2904 Venit
419 2864 557 2903 etiam
581 2864 639 2904 ad
656 2875 741 2903 nos
762 2863 853 2903 loci
869 2862 1326 2911 illiusconeionator‚
1346 2860 1424 2912 qui
1440 2860 1569 2900 miris
1586 2860 1802 2900 laudibus

177 2941 275 2974 tam
297 2940 512 2974 sanctum
535 2933 1197 2986 institutumprosequebatur.
