2028 3328
854 101 939 140 AN.
970 101 1060 139 1554
1707 108 1772 144 121.

807 552 1093 608 CCCXIX

197 781 246 818 P.
270 781 430 820 Petrus
450 783 709 821 Domenech

249 847 368 885 Patri
387 848 558 895 Ignatio
578 849 632 886 de
649 848 835 897 Loyola.

293 913 571 959 Vallisoleto‚
596 914 612 951 l
634 913 909 961 Septembris
931 912 1023 951 1554
1044 914 1068 949 ¹.

898 1070 996 1148 ὣς

201 1264 469 1306 Admodum
490 1265 591 1306 R.de
606 1266 655 1306 in
674 1265 860 1308 Christo
882 1265 1035 1306 Pater.

200 1336 366 1377 Gratia
388 1343 434 1377 et
461 1349 556 1389 pax
583 1337 773 1378 Domini
799 1337 949 1378 nostri
975 1337 1087 1391 Jesu
1117 1337 1290 1378 Christi
1319 1338 1379 1378 sit
1401 1348 1586 1388 semper
1607 1338 1760 1378 nobis—

113 1418 242 1448 cum.
268 1407 434 1448 Amen.

195 1479 260 1519 Vt
299 1479 591 1520 satisfaciam
638 1486 891 1532 praecepto
925 1486 1035 1520 tuae
1082 1479 1388 1520 Reuerendae
1435 1479 1756 1528 Paternitatis,

108 1550 323 1590 scribam
345 1550 503 1602 aliqua
534 1563 592 1591 ex
612 1551 699 1602 his,
724 1562 842 1603 quae
863 1562 946 1603 per
966 1563 1052 1591 nos
1075 1551 1198 1600 (licet
1220 1551 1404 1592 inutilia
1428 1552 1757 1599 instrumenta)

112 1621 343 1662 Dominus
363 1628 524 1663 noster
545 1623 634 1663 hoc
656 1622 988 1675 quadrimestri
1018 1623 1275 1675 praeterito
1305 1623 1352 1663 in
1373 1623 1514 1664 vinea
1542 1634 1629 1664 sua
1652 1634 1757 1674 ope-

105 1693 208 1734 rari
230 1693 452 1745 dignatus
476 1700 560 1734 est.
583 1694 641 1734 Et
661 1700 712 1735 ut
740 1694 963 1735 exordiar
994 1694 1052 1735 ab
1074 1694 1162 1745 his,
1186 1695 1265 1746 qui
1285 1695 1332 1735 in
1363 1695 1453 1735 hac
1475 1695 1613 1736 domo
1636 1706 1758 1735 com-

111 1771 372 1815 morantur,
411 1777 572 1806 omnes
600 1765 787 1817 quidem
817 1766 934 1806 bene
962 1767 1137 1817 valent,
1167 1766 1325 1818 gratia
1353 1766 1560 1816 Domini,
1599 1777 1759 1818 quam-

106 1848 253 1888 quam
273 1836 345 1877 his
367 1836 532 1877 diebus
554 1837 768 1887 proxime
795 1837 939 1889 lapsis
968 1836 1115 1877 ferme
1144 1849 1307 1878 omnes
1336 1837 1615 1878 laborarunt
1637 1849 1758 1877 mor·

106 1907 168 1947 bo
191 1908 416 1958 catarrhi‚
443 1907 521 1959 qui
541 1908 627 1948 has
649 1908 867 1959 regiones
894 1908 1099 1949 maxime
1127 1908 1333 1959 infestat,
1364 1909 1428 1949 ita
1457 1914 1506 1949 ut
1528 1908 1609 1948 vix
1636 1909 1759 1949 ullus

115 1979 319 2019 euaserit
349 1979 458 2031 quin
487 1979 533 2019 in
555 1978 667 2019 illud
694 1979 924 2020 inciderit:
948 1979 1031 2020 sed
1052 1991 1176 2020 nunc
1204 1980 1298 2020 iam
1327 1980 1487 2020 mitius
1518 1991 1567 2020 se
1597 1979 1754 2020 habet.

113 2049 254 2091 Pater
276 2051 418 2091 etiam
439 2049 692 2100 Goncalez,
725 2050 803 2102 qui
832 2051 1012 2100 (utiam
1040 2050 1148 2091 olim
1176 2051 1360 2103 scripsi)
1389 2050 1610 2091 diuturno
1631 2050 1757 2091 labo-

112 2122 236 2162 rauit
256 2121 435 2172 morbo,
460 2121 626 2161 melius
646 2120 802 2173 habet,
825 2121 916 2162 nisi
935 2121 1025 2162 hoc
1051 2122 1205 2162 hieme
1234 2122 1281 2162 in
1302 2121 1518 2162 eumdem
1540 2121 1755 2162 morbum

110 2192 397 2243 reinciderit,
434 2192 558 2244 quod
584 2191 714 2232 Deus
741 2198 939 2233 auertat.
964 2192 1280 2234 Concionibus
1307 2192 1463 2233 Patris
1485 2192 1756 2233 Prouincia-

110 2264 168 2304 lis
202 2263 334 2304 multi
368 2263 429 2304 ad
464 2263 705 2304 meliorem
732 2263 917 2315 frugem
944 2276 1046 2305 sese
1077 2270 1371 2316 receperunt,
1409 2270 1454 2304 et
1487 2264 1755 2316 praesentia

110 2334 264 2376 Patris
283 2334 528 2376 Francisci
555 2335 809 2375 multorum
835 2335 1019 2376 animos
1039 2335 1086 2375 in
1106 2335 1229 2375 bono
1261 2335 1574 2376 confirmauit.
1599 2335 1752 2387 Quan-

106 2412 209 2447 tum
230 2406 290 2447 ad
310 2412 525 2447 nostrum
545 2406 806 2458 principale
833 2406 1112 2447 exercitium
1142 2405 1567 2447 administrationis
1598 2418 1755 2447 sacra-

106 2483 377 2518 mentorum
411 2477 729 2529 poenitentiae
756 2482 801 2517 et
828 2476 1163 2527 eucharistiae,
1193 2478 1241 2518 in
1268 2477 1367 2518 dies
1394 2478 1565 2518 crescit
1598 2489 1738 2518 nume

112 2561 193 2589 rus
225 2549 316 2590 huc
350 2548 637 2589 venientium
670 2546 729 2588 ad
757 2547 1086 2599 confitendum,
1110 2549 1174 2589 ita
1206 2555 1256 2589 ut
1282 2547 1333 2588 P.
1370 2555 1530 2590 noster
1564 2549 1756 2590 Franci-

105 2631 234 2671 ·scus,
258 2620 363 2660 visa
383 2619 663 2660 necessitate
685 2619 1025 2671 operariorum,
1041 2625 1086 2660 et
1103 2620 1344 2671 amplioris
1365 2620 1547 2671 domus,
1564 2626 1613 2660 ut
1636 2620 1682 2660 in
1699 2631 1754 2660 ea

106 2690 395 2732 commorari
416 2690 612 2743 possint,
636 2695 684 2730 ut
705 2689 853 2742 possit
875 2689 1093 2731 satisfieri
1121 2690 1360 2731 deuotioni
1381 2691 1650 2741 multorum,
1676 2690 1754 2742 qui

166 2874 176 2894 ¹
215 2874 468 2910 Autographae
483 2874 514 2902 in
531 2874 657 2909 duplici
673 2873 764 2905 folio,
782 2881 837 2902 nn.
857 2873 910 2901 299
921 2878 955 2902 et
969 2874 1181 2902 300.-A1iud
1196 2882 1278 2903 vere
1295 2883 1361 2904 non
1379 2880 1456 2904 sunt
1473 2876 1536 2903 nisi
1553 2875 1758 2910 praeceden-

114 2921 198 2950 tium
213 2921 329 2950 Patris
342 2923 608 2950 Valde1·rabano
626 2922 823 2949 litterarum
839 2922 948 2949 latina
962 2923 1086 2949 versio.
