2028 3328
823 87 906 124 AN.
937 87 1029 125 1555
1675 88 1746 127 305

109 186 265 226 animo
287 186 447 226 dicens
475 196 627 226 senec
649 183 838 225 diuitias
858 195 1030 235 cupere
1062 194 1148 224 nec
1183 184 1239 224 de
1266 190 1414 225 morte
1449 186 1613 226 matris
1648 198 1739 226 ma-

109 268 320 309 gnopere
342 268 524 297 curare.

189 327 307 369 Sunt
328 334 373 369 et
393 328 524 369 multi
546 328 638 378 alii,
664 327 741 379 qui
758 327 852 367 iam
873 326 951 368 diu
979 339 1028 368 se
1058 333 1248 368 nostrae
1282 327 1498 378 religioni
1533 327 1645 368 dare
1667 340 1741 368 cu-

110 399 257 451 piunt,
279 405 323 440 et
344 400 468 451 quod
489 399 699 439 ambiunt
723 404 1069 450 consequentur
1096 403 1286 450 propter
1311 399 1482 438 multas
1503 398 1646 438 animi
1668 399 1743 439 do—

109 477 194 521 tes,
218 471 534 510 constantiam
555 476 599 510 et
620 469 708 510 Dei
729 480 953 520 amorem;
977 470 1060 510 sed
1082 469 1234 510 adhuc
1256 469 1495 520 paululum
1516 469 1740 510 differtur.

111 541 192 592 Te,
224 541 323 581 R.de
356 540 422 592 P„
445 552 670 592 rogamus
701 546 750 581 ut
778 551 864 580 nos
895 540 1115 591 precibus
1142 540 1234 580 tuis
1262 540 1395 580 iuues
1431 540 1490 580 ad
1521 552 1576 580 ea
1607 540 1745 580 confi—

111 612 292 662 cienda,
316 624 435 663 quae
458 611 517 651 ad
537 617 750 652 nostram
770 611 970 651 salutem
997 617 1042 651 et
1072 610 1161 651 Dei
1181 611 1383 662 gloriam
1404 611 1656 662 pertinent:
1678 611 1747 651 sic

111 689 156 723 et
180 683 245 723 tui
268 682 347 723 filii
369 689 412 723 et
434 682 523 723 Dei
538 682 663 724 serui
683 682 856 723 erimus
877 682 924 722 in
945 687 1239 734 perpetuum.

190 753 325 803 Vale,
351 753 777 794 obseruandissime
796 753 952 794 Pater.

188 825 426 876 Panormi,
454 825 502 865 16
523 824 746 866 calendas
762 824 922 866 Martii
947 824 1064 865 1555.

192 897 262 937 Ex
285 897 615 937 commissione
636 896 729 937 R.di
749 895 800 936 P.
820 896 876 936 de
905 895 1052 936 Pauli.

189 967 292 1008 Pstis
316 968 415 1008 Τπ
446 968 569 1008 ΗΜΘ
598 979 765 1008 seruus
786 967 1142 1018 indignissimus
1164 967 1210 1007 in
1233 966 1438 1018 Christo,

967 1109 1225 1151 GERARDUS
1254 1111 1490 1152 LAPIDIUS.

195 1325 549 1377 Superscm'psc'o
574 1325 622 1365 in
644 1329 818 1376 quana
842 1325 1052 1376 pagina:
1080 1323 1100 1357 †
1116 1323 1177 1364 Al
1193 1325 1337 1364 molto
1360 1323 1462 1364 R.d0
1492 1324 1538 1364 in
1559 1323 1748 1365 Christo

115 1396 266 1438 Padre
288 1398 319 1437 il
353 1397 401 1437 P.
439 1396 500 1437 Μ.
536 1395 719 1448 Ignatio
750 1396 806 1437 de
840 1397 1036 1449 Loyola‚
1066 1395 1341 1448 Praeposito
1377 1395 1607 1436 Generale
1628 1395 1747 1436 della

116 1468 411 1520 Compagnia
434 1469 489 1508 de
510 1468 636 1520 Jesu,
660 1466 704 1508 A
724 1467 890 1509 Roma.

194 1540 306 1580 Alia
335 1551 497 1580 manu:
523 1539 636 1579 1555.
660 1539 910 1581 Panormo.
935 1539 1314 1592 Quadrimestres
1341 1538 1387 1578 14
1403 1539 1663 1579 Februarii.

263 2955 313 2991 Τ.
336 2967 391 2992 ιιι,
1528 2965 1576 2989 20
