2028 3328
885 77 970 114 AN.
1001 76 1092 115 1555
1731 79 1801 115 727

169 186 313 226 neque
344 187 442 214 rem
475 186 683 226 sacram,
719 186 798 214 nec
826 175 1074 214 cuiusdam
1105 174 1378 225 spiritualis
1412 175 1526 214 ll'bm'
1555 175 1798 214 lectionem

166 256 285 295 qnae
306 247 435 297 apud
455 246 566 286 illos
589 246 793 297 qnotidie
821 233 1019 296 legstnr'.
1059 246 1121 284 At
1154 256 1266 284 vero
1301 245 1579 284 scholastici
1603 250 1799 296 praeter

165 317 368 356 alteram
385 319 619 357 oratmm's
634 304 882 366 leomrmfc,
898 328 952 356 τις
963 320 1159 367 praeter
1176 316 1438 365 lechonem,
1454 317 1532 355 cns
1545 317 1642 356 m'sl‘
1659 322 1796 368 arpe-

165 388 256 427 dits
282 388 557 429 leotsom'bns
579 389 866 440 caeterisque
881 388 1034 428 studii
1058 388 1405 438 impedimentis
1427 399 1520 426 ιιοιι
1543 388 1798 434 (cssl'sllml,

164 459 285 498 idem
308 470 411 499 cnm
437 460 538 499 l'lll's
572 465 744 511 agunt.
781 459 1116 501 Sanctissimae
1147 459 1463 499 communioni
1502 471 1645 510 vsque
1681 459 1797 499 adeo

164 530 235 569 his
263 530 423 570 diebus
445 531 597 571 affecti
622 532 818 581 suerunt,
844 538 893 571 Vt
916 537 1018 582 post
1040 542 1180 581 saepe
1198 529 1505 580 efflagitatum
1522 531 1795 580 impetraue-

163 600 255 640 rint
268 602 455 641 tandem
479 603 664 652 plurimi
685 601 806 653 quod
830 602 1070 652 optabant:
1094 601 1251 652 itaque
1265 601 1423 640 datum
1446 608 1514 640 est
1533 601 1622 639 illis
1643 608 1688 640 vt
1707 613 1794 640 me·

161 671 239 712 dia
276 672 567 712 hebdomada
590 685 751 713 rursus
773 673 831 713 ad
853 672 1024 713 Christi
1047 683 1256 712 mensam
1279 671 1504 711 accedere
1527 678 1713 722 queant.

239 742 503 783 Literarum
525 746 748 785 exercitia
772 745 955 784 intensa
977 744 1235 795 procedunt
1271 755 1399 792 cura,
1438 750 1637 793 suntque
1668 743 1790 782 domi

161 814 375 853 omnibus
399 815 615 864 profestis
634 816 795 855 diebus
822 822 866 856 et
901 815 1166 866 theologiae
1199 822 1243 854 et
1280 814 1449 854 artium
1478 814 1791 864 repetitiones,

162 885 608 937 quamplurimisquc
631 886 792 926 diebus
815 887 1027 937 priuatae
1062 885 1403 926 conclusiones.
1442 884 1571 935 Quae
1607 885 1793 935 quidem

161 955 344 1006 publice
367 956 613 996 dominicis
641 957 870 997 habentur
897 957 1120 1006 vicissim,
1158 956 1296 996 modo
1330 956 1481 1005 huius,
1505 955 1643 995 modo
1674 956 1796 995 illius

162 1025 419 1076 facultatis;
446 1026 503 1065 ad
525 1039 640 1078 quas
676 1028 764 1067 viri
799 1028 1006 1078 insignes
1038 1034 1176 1079 atque
1209 1027 1496 1067 Academiae
1532 1025 1795 1077 dignissimi

159 1097 395 1137 confluere
417 1099 581 1147 solent,
601 1099 814 1149 magistri
835 1099 1012 1139 scilicet
1034 1098 1333 1147 cathedrarii,
1358 1098 1681 1148 maiorumque
1705 1098 1793 1137 col-

160 1168 390 1219 legiorum
412 1170 635 1219 collegae,
666 1177 711 1209 et
746 1171 953 1210 nonnulli
984 1170 1124 1210 etiam
1146 1169 1459 1210 Dominicani:
1492 1169 1658 1221 quibus
1680 1169 1794 1208 satis

162 1250 334 1279 censeo
371 1239 528 1279 facere
563 1247 660 1280 tum
695 1240 984 1281 habilitatem
1010 1241 1209 1281 fratrum
1231 1241 1278 1280 in
1314 1240 1552 1292 literisque
1580 1251 1794 1291 progres-

160 1322 276 1360 sum,
303 1317 399 1350 tum
417 1311 557 1351 etiam
584 1312 787 1362 modum,
813 1312 890 1363 qui
911 1312 1030 1352 inter
1052 1312 1384 1363 disputandum
1405 1317 1636 1351 seruatur.

239 1381 489 1433 Cupientes
512 1381 736 1422 Societati
757 1383 905 1423 dicari
926 1383 1112 1434 plurimi
1133 1383 1320 1435 quidem
1340 1389 1462 1430 sunt,
1497 1381 1579 1422 sed
1601 1382 1794 1422 admissi

158 1453 297 1504 pauci
317 1459 488 1503 tamen,
514 1454 950 1494 eumeommoditas
980 1461 1102 1494 esset
1123 1455 1264 1504 nulla;
1298 1454 1497 1505 ideoque
1532 1465 1682 1505 neque
1704 1454 1792 1493 hac

94 1534 98 1539 ·
161 1530 437 1576 tempestate
459 1525 777 1565 admittentur.
802 1525 923 1575 Duo,
948 1526 1025 1577 qui
1048 1526 1122 1565 hic
1144 1525 1337 1565 admissi
1362 1525 1561 1572 fuerant,
1587 1524 1695 1565 laici
1714 1525 1793 1564 hu-

158 1607 322 1635 manas
338 1596 499 1635 literas
522 1595 821 1647 Methymnae
842 1596 1131 1647 profitentur.
1155 1596 1325 1648 Atque,
1360 1597 1438 1636 alii
1472 1603 1582 1646 tres,
1620 1596 1697 1647 qui
1719 1596 1794 1635 hic

159 1667 486 1715 versabantur,
511 1665 823 1718 Septimancis
845 1666 1069 1707 Societati
1086 1680 1135 1707 se
1153 1668 1448 1707 addixerunt:
1474 1667 1682 1717 theologi
1699 1667 1792 1718 qui-

155 1737 261 1778 dem
282 1749 458 1788 omnes,
481 1749 678 1789 quorum
700 1750 821 1778 vnus
842 1739 1009 1778 nobilis
1030 1745 1144 1787 erat,
1168 1739 1246 1790 qui
1277 1746 1320 1778 et
1342 1739 1416 1778 hic
1453 1739 1596 1778 multo
1620 1738 1790 1778 abhinc

154 1815 365 1859 tempore
397 1809 634 1848 exercitiis
668 1815 946 1859 vacauerat,
983 1809 1403 1861 frequentabatque
1425 1815 1725 1849 sacramenta
1746 1815 1792 1848 et

155 1879 247 1919 alia
268 1880 415 1930 proba
439 1879 677 1929 exercitia,
702 1891 883 1919 necnon
912 1886 956 1919 et
991 1880 1285 1920 xenodochia
1313 1880 1543 1920 inuisebat
1578 1880 1791 1931 pauperi-

155 1951 241 1990 bus
262 1957 312 1990 vt
335 1951 595 1990 inseruiret.
621 1950 696 1990 Ad
718 1962 837 2002 quae
867 1962 1042 2000 omnes,
1077 1951 1200 2002 apud
1228 1963 1312 1991 nos
1340 1959 1599 2000 versantes,
1634 1951 1792 1991 induci

155 2021 321 2071 solent,
356 2033 601 2073 quaenon
634 2022 868 2061 modicam
896 2022 1085 2073 pariunt
1133 2022 1520 2062 aedificationem:
1558 2028 1688 2062 tanta
1723 2029 1792 2062 est

155 2092 244 2132 illis
267 2093 474 2132 charitas
498 2104 603 2132 cum
625 2092 767 2132 animi
789 2092 1032 2132 modestia.

234 2164 338 2204 Non
360 2165 496 2216 pauci
518 2170 763 2215 praeterea
797 2164 1034 2204 exercitiis
1068 2164 1388 2215 spiritualibus
1417 2164 1624 2204 animum
1658 2176 1791 2204 suum

156 2236 466 2287 applicarunt,
492 2247 550 2275 ex
578 2236 744 2286 quibus
779 2246 872 2275 non
907 2236 1128 2286 exiguum
1164 2242 1473 2287 perceperunt
1500 2234 1718 2275 fructum.
1742 2235 1792 2275 In

154 2306 321 2357 quibus
342 2306 635 2357 potissimum
658 2305 879 2346 sacerdos
901 2306 1106 2358 quidam,
1131 2312 1283 2346 aetate
1300 2307 1394 2346 iam
1421 2314 1688 2358 prouectus,
1714 2307 1792 2358 qui

154 2390 247 2417 vno
270 2378 363 2417 iam
383 2389 528 2429 prope
550 2388 708 2417 mense
726 2377 815 2417 illis
836 2384 990 2417 vacat.
1014 2377 1104 2418 Hic
1126 2384 1229 2429 post
1250 2378 1505 2417 maximam
1527 2378 1670 2417 animi
1693 2389 1791 2417 cor-

151 2450 431 2500 ruptionem,
455 2455 705 2501 postquam
731 2449 802 2489 bis
823 2450 898 2489 vel
919 2455 988 2489 ter
1009 2450 1286 2500 religionem
1314 2449 1616 2498 destituisset,
1649 2461 1791 2501 quarn

150 2520 343 2560 totidem
365 2521 609 2571 amplexus
632 2521 798 2571 fuerat,
818 2526 923 2572 post
944 2522 1114 2560 multas
1137 2520 1335 2572 denique
1363 2521 1662 2569 tentationes,
1697 2521 1791 2572 qui-

149 2592 233 2631 bus
255 2591 330 2631 hic
351 2597 490 2643 atque
510 2591 603 2631 illic
624 2592 939 2642 volutabatur,
979 2591 1206 2631 exercitia
1242 2591 1503 2642 spiritualia
1535 2602 1791 2642 aggressus

149 2668 233 2712 est,
258 2662 379 2702 unde
401 2662 655 2703 maximam
675 2663 763 2702 sibi
783 2663 970 2714 parauit
992 2663 1401 2714 compunctionem
1415 2662 1790 2714 praeteritaeque

151 2733 276 2773 vitae
298 2733 623 2773 vehementem
645 2733 870 2784 dolorem,
894 2735 1150 2785 statuitque
1172 2734 1266 2774 iam
1287 2735 1473 2774 demum
1495 2733 1554 2774 ad
1571 2745 1704 2774 suam
1722 2746 1787 2774 re-

150 2804 285 2855 gredi
306 2804 596 2854 religionem,
621 2804 679 2844 D.
698 2804 934 2845 Dominici
955 2816 1136 2856 nempe,
1169 2804 1292 2856 quod
1328 2811 1372 2845 et
1407 2811 1562 2845 actum
1584 2811 1653 2845 est
1683 2817 1785 2845 cum

150 2875 250 2915 eius
268 2875 496 2926 praelato,
522 2887 577 2915 ac
599 2876 654 2916 de
677 2876 753 2915 illo
784 2876 904 2916 inter
937 2888 1018 2916 eos
1055 2877 1288 2916 conuenit.
1325 2875 1458 2927 Quod
1493 2875 1668 2916 factum
1690 2876 1789 2916 eius
