2028 3328
806 126 889 162 ΑΝ.
920 125 1011 162 1555
1655 126 1725 163 497

90 222 202 261 mihi
224 222 283 262 ad
305 234 468 262 sanam
490 228 692 262 mentem
712 222 920 270 rediisse,
946 229 994 261 vt
1016 222 1116 261 sine
1148 222 1407 272 lachrymis
1440 234 1545 263 eum
1574 223 1721 263 dimit-

89 299 188 332 tere
208 305 320 344 prae
341 294 519 333 laetitia
541 306 633 334 non
656 293 900 345 potuerim.
925 292 1037 332 Eius
1065 304 1207 332 verae
1231 293 1555 333 Conuersionis
1586 294 1725 334 fidem

90 363 225 403 nobis
240 363 416 404 faciunt
435 364 660 405 haeretici
684 364 762 404 alii
784 364 975 415 aliquot,
1000 375 1115 415 quos
1138 363 1197 403 ad
1228 375 1390 404 veram
1427 364 1563 404 fidem
1591 364 1722 405 redu-

92 446 197 474 cere
219 435 417 475 curauit.
441 435 548 476 Alia
570 447 768 487 quoque,
800 447 919 486 quae
940 436 1110 474 multos
1131 434 1399 483 seduxerat,
1423 435 1489 475 sic
1512 436 1721 486 resipuit,

92 511 141 545 vt
163 517 321 546 secum
337 507 614 557 resipiscere
636 506 866 547 desideret
902 512 946 546 et
967 513 1098 546 curet
1119 506 1359 557 plurimos
1396 518 1514 557 (Jeme
1545 507 1686 546 etiam
1713 506 1721 525 ¹

89 578 314 616 concione
349 578 551 628 quadam
584 580 650 619 sic
672 578 755 618 fuit
774 585 1021 626 commota,
1062 584 1111 617 vt
1139 583 1244 629 post
1271 589 1375 617 eam
1405 589 1497 617 non
1533 578 1725 617 desierit

89 647 377 699 lachrymari
411 648 559 689 donec
596 650 933 690 absolutionem
968 655 1222 689 consecuta
1252 655 1389 688 esset.
1427 648 1517 689 Sed
1539 649 1724 699 singula

90 718 356 758 huiusmodi
377 719 552 760 referre
573 732 658 761 nec
679 732 865 772 possem
893 731 979 760 nec
1011 720 1158 771 exigit
1178 720 1231 760 T.
1254 719 1308 759 R.
1331 719 1398 766 Ρ.;
1423 732 1481 759 ex
1510 720 1580 759 his
1603 720 1725 759 enim

89 789 227 829 facile
256 790 448 841 colliges
476 792 659 832 similia.

170 860 457 912 Praeczpm‘2
475 862 610 902 huius
632 863 837 903 ciuitatis
858 861 872 880 ⁵
894 863 978 902 sub
996 863 1179 902 initium
1200 862 1590 914 quadragesimae
1614 863 1727 902 obti-

90 938 290 972 nuerant
317 933 429 972 mihi
457 945 483 973 a
507 932 722 985 Capitulo
757 933 1048 974 Tornacensi
1081 933 1320 973 licentiam
1350 931 1364 951 ⁴
1397 933 1726 983 concionandi,

92 1006 232 1053 atque
253 1003 267 1022 ⁵
284 1005 589 1045 concionatus
607 1017 708 1046 sum
728 1006 887 1056 itaque
905 1006 1101 1057 singulis
1119 1006 1282 1046 diebus
1306 1005 1443 1044 huius
1465 1005 1727 1056 quadrage-

94 1074 240 1114 simae
281 1075 340 1115 ad
378 1087 539 1116 eorum
578 1077 865 1127 instantiam,
906 1089 986 1128 per
1024 1076 1113 1116 Dei
1154 1077 1357 1127 gratiam
1399 1077 1497 1116 sine
1537 1076 1728 1116 notabili

94 1146 390 1186 incommodo
420 1147 719 1198 valetudinis,
753 1159 858 1188 cum
889 1148 1003 1188 satis
1034 1159 1207 1199 magno
1235 1159 1485 1196 concursu,
1512 1148 1628 1187 adeo
1661 1154 1728 1196 vt,

93 1217 307 1267 quamuis
341 1218 470 1258 locus
506 1218 551 1258 in
587 1231 677 1270 quo
713 1219 1028 1260 concionabar
1063 1225 1164 1259 erat
1199 1227 1404 1259 semotus
1440 1226 1484 1258 et
1521 1219 1655 1269 quasi
1682 1219 1729 1258 in

93 1289 266 1338 angulo
288 1289 508 1339 ciuitatis,
529 1296 573 1329 et
590 1291 706 1330 hora
728 1291 866 1331 valde
883 1291 1195 1340 incommoda,
1217 1292 1374 1341 plures
1392 1297 1548 1330 tamen
1568 1290 1729 1330 dicun-

93 1365 168 1399 tur
201 1359 346 1399 fuisse
382 1360 620 1401 auditores
642 1361 688 1401 in
714 1362 889 1402 nostris
920 1362 1238 1413 concionibus,
1275 1374 1416 1413 quam
1453 1363 1498 1402 in
1532 1363 1730 1401 aliorum

93 1430 235 1470 trium
258 1431 605 1472 ordinariorum
627 1433 1006 1489 praedicatorum
1028 1433 1179 1473 simul.
1203 1432 1310 1474 Scio
1332 1433 1456 1485 quod
1478 1432 1729 1484 aliquando

94 1504 299 1553 oportuit
332 1503 579 1543 occludere
613 1503 737 1544 fores
775 1505 935 1556 templi
976 1505 1299 1556 capacissimi,
1337 1505 1384 1545 in
1422 1517 1511 1556 quo
1548 1504 1732 1544 concio-

95 1572 259 1623 nabar,
286 1585 342 1613 ne
366 1585 477 1625 prae
499 1575 634 1615 turba
662 1576 1081 1627 comprimerentur
1108 1582 1152 1616 et
1186 1575 1438 1617 deficerent
1474 1575 1728 1626 auditoreS,

96 1643 179 1684 sed
218 1644 307 1684 hoc
347 1645 529 1684 ascribo
568 1644 581 1663 ‘⁵
622 1646 882 1686 curiositati
922 1647 1213 1698 auditorum,
1262 1648 1428 1699 quibus
1471 1659 1594 1687 noua
1635 1647 1730 1698 pla-

94 1720 213 1765 cent,
239 1726 345 1755 cum
366 1717 539 1756 caeteri
561 1717 921 1758 concionatores
941 1718 1033 1758 sint
1055 1719 1194 1769 longe
1215 1719 1348 1758 nobis
1366 1718 1615 1768 doctioreS‚
1636 1719 1730 1758 elo-

95 1786 364 1837 quentiores
386 1793 430 1827 et
458 1788 610 1838 magis
638 1789 897 1829 exercitati.
937 1789 1115 1830 Verum
1150 1789 1259 1841 quid
1292 1790 1436 1830 refert
1466 1790 1576 1830 dum
1605 1791 1730 1830 omni

94 1857 233 1898 modo
255 1858 353 1898 siue
377 1870 458 1910 per
480 1859 778 1900 occasionem
799 1860 898 1900 siue
919 1873 1002 1912 per
1026 1861 1275 1901 veritatem
1308 1861 1524 1902 Christus
1556 1873 1732 1901 annun-

95 1929 264 1969 cietur?
298 1928 409 1969 Inde
445 1929 569 1969 enim
603 1930 806 1982 aliquem
839 1932 1044 1972 fructum
1080 1932 1301 1983 colligere
1332 1932 1462 1972 nouit
1484 1932 1730 1982 Dominus,

95 1999 218 2051 quod
238 2000 314 2040 hic
347 2012 533 2052 quoque
568 2001 783 2042 vidimus⁴
826 2002 878 2043 In
913 2003 1116 2054 quadam
1145 2004 1371 2044 concione
1407 2004 1474 2043 sic
1512 2003 1737 2043 commoti

94 2076 201 2111 sunt
223 2071 413 2122 quidam
431 2083 456 2111 a
479 2073 619 2123 longo
641 2079 852 2124 tempore
873 2074 919 2114 in
942 2075 1132 2126 capitali
1154 2075 1259 2114 odio
1284 2075 1512 2124 viuentes,
1530 2081 1582 2115 vt
1606 2079 1736 2114 ante-

97 2153 237 2193 quam
258 2141 364 2181 inde
385 2142 672 2194 recederent,
707 2145 786 2195 qui
815 2145 1062 2195 offensum
1092 2145 1339 2186 offendisse
1362 2146 1622 2196 uidebatur,
1653 2145 1736 2185 mi-

95 2212 207 2252 serit
229 2211 288 2252 ad
314 2212 544 2254 offensum
569 2214 816 2265 quemdam
833 2227 917 2256 suo
935 2217 1137 2266 nomine,
1150 2220 1387 2267 petentem
1403 2217 1591 2256 veniam
1616 2216 1627 2235 ⁷
1647 2216 1736 2256 sibi

97 2283 356 2324 condonari
374 2283 614 2326 offensam.
637 2285 761 2337 Mox,
777 2287 856 2338 qui
873 2288 1093 2328 iniuriam
1110 2294 1369 2339 receperat,
1388 2294 1583 2339 peracta
1599 2287 1740 2328 nobis

97 2353 407 2406 confessione,
431 2356 499 2395 sic
521 2356 562 2396 ei
584 2357 886 2410 condonauit,
906 2364 956 2398 vt
973 2359 1101 2410 prior
1118 2359 1176 2398 ab
1195 2357 1458 2399 offendente
1478 2366 1636 2411 petere
1657 2359 1738 2399 de-

99 2425 303 2465 creuerit
329 2427 534 2467 ueniam.

177 2494 635 2539 Praemonueramus
657 2500 806 2540 obiter
828 2501 875 2540 in
907 2501 1132 2541 concione
1152 2501 1285 2541 breui
1308 2500 1576 2541 adfuturum
1598 2501 1738 2552 diem,

165 2653 174 2673 ⁵
212 2653 310 2683 haec.
330 2655 505 2686 Polancus.

160 2701 174 2719 ‘²
210 2700 401 2730 Primarz'i.
422 2704 469 2733 Id.

156 2747 168 2766 ⁵
205 2747 305 2782 hujus
322 2751 477 2780 civitatis
492 2753 641 2782 vt'rz'.1d.

161 2794 175 2813 Δ
212 2795 435 2828 facultatem.
452 2800 500 2829 Id.

159 2841 172 2860 ⁵
212 2845 316 2872 unde.
335 2846 381 2874 ld.

157 2888 170 2908 ⁶
209 2891 273 2919 hoc
282 2892 379 2927 forte
394 2896 646 2924 ascribendum
663 2897 765 2923 esset.
784 2895 831 2923 Id.

156 2936 169 2955 7
209 2940 426 2974 quipeteret.
446 2943 495 2971 Id.

265 2998 311 3035 Τ.
337 3012 380 3038 [τι
1506 3015 1547 3050 32
