2028 3328
209 131 281 168 770
727 132 954 169 LITTERAE
976 143 1335 176 QUADRIMESTRES

212 227 346 266 multi
376 227 464 266 uiri
494 227 688 277 nobiles,
720 228 853 268 multi
880 229 1021 268 etiam
1052 228 1264 268 homines
1295 227 1550 267 doctissimi
1578 228 1847 279 adfuerunt,

210 298 329 337 inter
352 309 469 349 quos
496 298 693 338 aderant
723 298 952 350 Principis
979 298 1244 339 Cardinalis
1273 297 1537 348 Senatores,
1563 310 1678 349 quos
1698 300 1844 349 vulgo

209 368 668 419 desembragadores
693 368 798 418 (sic)
829 370 1082 420 appellant,
1119 369 1158 408 is
1187 369 1327 408 etiam
1355 369 1432 420 qui
1459 368 1698 409 Cardinali
1728 383 1754 409 a
1777 381 1842 409 se-

210 439 350 479 cretis
372 446 456 490 est,
481 452 616 492 quem
638 440 949 480 secretarium
983 440 1193 489 dicimus,
1219 440 1289 479 uir
1311 440 1556 490 praeclara
1578 441 1838 481 eruditione

209 515 349 561 atque
371 511 584 550 doctrina
607 511 835 559 excultus,
867 511 944 561 qui
966 521 1020 549 eo
1050 510 1242 549 consilio
1263 510 1494 559 veniebat,
1529 517 1579 551 vt
1600 511 1722 551 illius
1749 511 1836 551 diei

208 581 525 622 celebritatem
547 588 590 622 et
612 582 709 633 ipse
731 593 953 633 praesens
975 581 1155 620 videret
1176 588 1220 620 et
1248 580 1451 632 Principi
1478 581 1730 632 Cardinali,
1762 584 1838 634 qui

207 653 476 693 valetudine
498 653 748 704 impeditus
769 652 930 692 venire
952 664 1044 692 non
1068 652 1232 703 potuit,
1257 659 1526 703 exponeret.
1557 652 1674 692 Cum
1694 653 1838 704 igitur

206 734 406 775 magnus
427 730 548 764 esset
577 729 835 764 conuentus
861 729 905 763 et
935 724 1287 774 praeclarorum
1308 723 1516 763 uirorum
1549 730 1724 774 coetus,
1759 724 1836 764 ha-

204 795 302 835 bita
325 802 395 835 est
417 795 565 835 oratio
589 808 614 834 a
636 795 779 834 fratre
803 795 1019 846 quodam,
1044 795 1121 845 qui
1138 793 1421 834 Franciscus
1437 795 1606 835 dicitur
1626 795 1834 843 Moralis,

205 877 325 917 quae
354 866 570 906 omnibus
596 866 897 905 vehementer
929 865 1117 917 placuit,
1148 871 1249 905 erat
1271 865 1393 905 enim
1421 866 1575 905 multis
1602 873 1645 906 et
1672 867 1838 906 verbo-

204 948 309 977 rum
331 943 375 977 et
396 937 730 977 sententiarum
748 936 998 976 luminibus
1017 936 1235 976 distincta
1254 943 1298 976 et
1313 936 1518 988 copiosa,
1539 949 1658 988 quae
1681 939 1835 977 omnia

204 1008 347 1048 multo
369 1008 549 1048 maiora
571 1006 724 1047 effecit
748 1007 978 1058 quaedam
1001 1007 1199 1047 actionis
1220 1014 1459 1047 uenustas:
1490 1008 1537 1047 in
1559 1020 1612 1047 ea
1635 1009 1737 1059 plus
1758 1008 1835 1048 ho-

201 1090 255 1119 ra
277 1085 603 1130 consumptum
624 1084 707 1117 est.
730 1078 841 1118 Post
862 1078 984 1118 hanc
1007 1080 1172 1129 ecloga
1187 1078 1417 1130 quaedam
1436 1085 1542 1118 acta
1560 1087 1644 1128 est,
1669 1080 1833 1120 carmi-

202 1150 338 1190 nibus
358 1150 611 1190 exametris
633 1149 916 1201 conscripta,
940 1149 1092 1189 facilis
1113 1156 1157 1189 et
1178 1150 1443 1201 perspicua,
1474 1157 1518 1190 et
1545 1150 1647 1201 ipso
1669 1151 1834 1190 carmi-

201 1232 312 1261 num
333 1221 487 1261 sonitu
508 1219 760 1260 admodum
781 1226 996 1271 venusta;
1018 1226 1156 1272 atque
1177 1221 1333 1260 multis
1350 1221 1636 1272 sapientibus
1654 1227 1833 1261 senten-

200 1292 276 1332 tiis
298 1298 479 1341 ornata,
511 1303 629 1343 quae
660 1303 912 1343 puerorum
940 1291 1126 1331 actione
1153 1297 1197 1331 et
1224 1292 1604 1343 pronuntiatione
1632 1293 1834 1343 quodam

202 1364 341 1404 modo
374 1374 599 1415 expressa
626 1362 896 1403 incredibile
919 1369 989 1403 est
1018 1369 1243 1414 quantum
1270 1363 1482 1403 omnibus
1508 1364 1753 1415 placuerit;
1776 1365 1833 1404 de

198 1447 251 1475 ea
274 1435 417 1486 igitur
438 1446 543 1474 cum
565 1434 789 1486 Princeps
817 1433 1081 1475 Cardinalis
1110 1435 1280 1474 certior
1310 1434 1463 1474 factus
1490 1441 1626 1484 esset,
1657 1446 1761 1475 eam
1782 1447 1831 1475 se

196 1517 367 1557 cupere
398 1506 559 1546 audire
587 1506 723 1556 dixit;
757 1512 1042 1557 quapropter
1070 1505 1234 1557 paucis
1260 1512 1365 1557 post
1392 1505 1553 1545 diebus
1584 1517 1743 1546 coram
1774 1518 1829 1546 eo

195 1583 302 1618 acta
323 1583 407 1628 est;
431 1584 620 1628 postero
643 1583 798 1616 autem
818 1577 890 1617 die
909 1576 1169 1617 incredibili
1187 1576 1392 1616 omnium
1411 1577 1654 1616 alacritate
1674 1577 1829 1617 lectio-

194 1660 277 1689 nes
300 1654 496 1700 coeptae
518 1654 638 1698 sunt;
663 1654 989 1688 verumtamen
1011 1649 1141 1699 prius
1157 1648 1313 1688 breuis
1335 1647 1566 1699 quaedam
1582 1648 1741 1688 habita
1759 1654 1828 1688 est

193 1719 357 1760 concio
385 1719 445 1760 ad
473 1731 635 1759 omnes
663 1719 986 1768 scholasticos,
1020 1719 1067 1758 in
1095 1730 1187 1770 qua
1220 1719 1276 1759 de
1303 1719 1511 1770 ipsorum
1532 1719 1707 1770 regulis
1736 1719 1826 1759 fuc-

192 1797 300 1831 runt
335 1790 574 1840 admoniti,
612 1796 655 1830 et
691 1790 750 1830 ad
790 1790 977 1830 uirtutis
1012 1789 1347 1841 literarumque
1385 1790 1589 1829 studium
1629 1789 1823 1830 incitati.

192 1861 360 1903 Omnia
381 1861 684 1901 fundamenta
705 1860 821 1911 (Deo
843 1861 1014 1911 gratia)
1035 1860 1206 1911 optime
1228 1861 1351 1900 iacta
1371 1866 1494 1911 sunt;
1514 1860 1743 1911 reliquum
1760 1866 1827 1901 to·

190 1934 284 1973 tius
306 1933 461 1984 operis
483 1932 745 1972 aedificium
773 1943 955 1972 summa
981 1932 1059 1971 illa
1091 1938 1134 1971 et
1157 1932 1315 1972 diuina
1336 1932 1521 1972 bonitas
1548 1932 1606 1971 ad
1639 1937 1831 1982 gratum>

189 2004 280 2044 sibi
299 2004 475 2044 exitum
497 2003 738 2055 perducat.
763 2001 1044 2043 Scholastici
1066 2008 1223 2042 autem
1250 2009 1346 2042 tam
1374 2002 1420 2042 in
1449 2003 1597 2042 literis
1619 2014 1759 2054 quam
1780 2004 1825 2043 in

192 2074 363 2115 uirtute
391 2086 485 2114 non
520 2073 821 2114 mediocriter
855 2073 1120 2124 proficiunt3
1154 2074 1419 2124 complures
1447 2079 1615 2113 octauo
1644 2085 1826 2125 quoquc

190 2144 263 2186 die
285 2146 342 2186 de
363 2145 571 2197 peccatis
593 2144 887 2194 confitentur,
913 2150 956 2184 et
978 2150 1335 2184 sacrosanctum
1357 2143 1530 2185 Christi
1552 2144 1735 2195 Corpus
1753 2156 1825 2184 ac-

190 2217 384 2268 cipiunt,
408 2217 647 2267 multaque
669 2215 776 2265 alia,
806 2221 855 2254 vt
877 2214 978 2255 Deo
1000 2215 1127 2265 grati
1150 2215 1257 2265 sint,
1281 2220 1325 2255 et
1346 2215 1422 2266 pio
1445 2215 1600 2254 animo
1623 2221 1666 2255 et
1687 2215 1825 2255 liben-

188 2288 222 2328 ti
252 2287 470 2338 efficiunt;
500 2287 710 2327 nonnulli
738 2286 879 2326 etiam
906 2286 1170 2326 institutum
1203 2293 1415 2326 nostrum
1448 2286 1728 2338 uiuendique
1754 2298 1824 2326 ra·

189 2358 361 2398 tionem
394 2358 526 2410 sequi
562 2357 865 2397 vehementer
901 2356 1107 2407 cupiunt,
1140 2363 1338 2409 suntque
1365 2356 1425 2397 ad
1456 2357 1502 2397 id
1536 2357 1674 2397 valde
1710 2357 1820 2409 apti.

190 2428 328 2469 Pater
362 2440 477 2469 vero
514 2428 685 2469 Rector
717 2428 833 2468 duos
864 2428 1187 2468 adolescentes
1218 2428 1278 2468 ad
1307 2427 1590 2469 Societatem
1621 2428 1820 2477 admisit,

188 2500 265 2550 qui
292 2500 636 2551 quamprimum
663 2498 1001 2550 ingredientur.
1032 2498 1256 2539 Diuinam
1288 2499 1543 2539 bonitatem
1576 2511 1825 2551 precamur

188 2575 240 2610 vt
272 2570 391 2610 haec
421 2570 576 2610 omnia
599 2570 659 2610 ad
680 2569 828 2620 ipsius
857 2569 1043 2609 laudem
1063 2569 1356 2622 gloriamque
1376 2569 1657 2610 referantur.
1683 2569 1821 2611 Prae-

191 2647 404 2692 ceptores
444 2652 605 2681 omnes
645 2652 751 2681 cum
790 2640 837 2680 in
875 2640 1021 2681 literis
1060 2647 1158 2681 tum
1193 2641 1334 2682 etiam
1367 2641 1415 2681 in
1452 2653 1567 2681 vera
1603 2653 1820 2693 syncera·

188 2723 278 2763 que
309 2712 540 2762 doctrina,
573 2712 676 2751 aliis
707 2710 1217 2763 exercitationibusque
1246 2712 1479 2752 maximos
1512 2712 1691 2752 faciunt
1719 2724 1826 2764 pro·

185 2792 393 2832 gressus.
418 2781 556 2822 Pater
584 2787 754 2831 autem,
778 2782 857 2833 qui
889 2782 1204 2822 conscientiae
1232 2794 1370 2823 casus
1397 2783 1601 2834 exponit,
1634 2790 1826 2834 praeter

185 2851 234 2891 id
264 2857 447 2902 tempus
476 2852 600 2903 quod
629 2852 905 2903 exponendo
934 2853 1186 2903 consumit,
1226 2853 1564 2905 aliquantulum
1594 2854 1825 2906 temporis

184 2920 340 2972 habet,
364 2934 455 2973 quo
477 2923 533 2962 de
554 2922 692 2962 rebus
714 2922 884 2961 diuinis
902 2922 1045 2963 verba
1069 2922 1212 2964 faciat
1234 2912 1570 2976 sacerdotibus,
1595 2937 1712 2977 quos
1742 2925 1819 2965 do—
