2028 3328
877 70 961 108 AN.
993 71 1085 108 1554
1728 73 1800 110 12¹3

150 176 337 221 tempus
373 169 430 209 ab
466 168 567 220 ipso
604 167 895 208 confessario
931 167 1019 208 sibi
1046 166 1306 218 praefixum
1334 173 1471 217 esset,
1501 167 1625 207 haud
1652 168 1795 207 oblita

152 240 318 280 salutis
349 251 478 290 suae,
503 250 664 279 morae
700 237 966 289 impatiens,
1003 248 1099 277 non
1126 238 1291 277 valens
1319 237 1579 287 praefixum
1613 244 1801 289 tempus

153 316 384 362 spectare,
409 316 661 362 antequam
683 309 836 361 ipsum
861 308 1128 349 elaberetur
1149 314 1348 360 tempUS,
1383 307 1441 347 ad
1461 319 1547 348 nos
1569 309 1704 349 rediit
1734 309 1794 349 in-

155 382 357 421 stantius
378 382 466 422 hoc
490 382 641 433 ipsum
662 385 843 432 petens,
872 379 997 431 quod
1020 379 1208 431 quidem
1229 390 1323 419 non
1344 378 1577 419 modicam
1599 379 1798 419 admira—

152 452 328 492 tionem
350 464 548 493 causare
570 451 718 504 possit
738 451 999 491 scientibus
1020 462 1139 502 quae
1161 450 1264 502 ipsa
1295 456 1434 490 antea
1464 450 1619 500 fuerit,
1643 461 1801 501 quam-

155 534 247 574 que
268 523 541 564 vanissimis
564 522 723 564 mundi
745 522 1138 574 occupationibus
1162 522 1357 562 intenta.

235 593 286 634 In
307 594 425 634 festo
448 594 720 635 Natiuitatis
746 593 877 634 Beati
897 592 1095 646 Joannis
1116 593 1357 645 Baptistae
1386 598 1429 632 et
1452 591 1807 643 Assumptionis

157 665 330 705 Beatae
352 664 567 716 Virginis
587 664 673 705 fuit
699 670 859 704 tantus
890 675 1151 704 concursus
1172 663 1462 704 venientium
1491 663 1551 703 ad
1578 662 1805 703 confiten-

158 735 268 776 dum
304 742 500 787 peccata
541 748 626 777 sua
653 741 698 776 et
729 735 1186 783 communicandum,
1219 735 1344 786 quod
1374 746 1462 786 ego
1498 740 1624 775 certe
1653 734 1805 774 nesci-

157 818 258 847 rem
294 808 541 858 assignare
578 817 824 847 numerum
859 817 1041 857 eorum;
1065 806 1156 846 illis
1177 806 1301 846 enim
1334 806 1587 857 praecipue
1621 805 1808 853 diebus,

159 878 380 930 quamvis
410 889 591 918 summo
623 889 759 918 mane
788 877 1085 930 incipiamUS,
1108 877 1193 918 vix
1222 883 1436 928 superest
1468 876 1603 917 nobis
1625 882 1811 927 tempus

159 949 221 992 ad
240 949 581 989 conficiendum
599 960 801 989 sacrum.
817 948 1100 989 Consolatur
1117 955 1274 988 autem
1289 960 1376 988 nos
1388 948 1639 1000 praecipue
1654 948 1700 987 in
1718 947 1807 987 hac

160 1025 310 1071 parte,
333 1020 458 1071 quod
477 1020 723 1079 videamus
743 1020 900 1071 plures
921 1019 1239 1060 damnationis
1259 1019 1387 1059 viam
1404 1019 1683 1070 relinquere,
1702 1018 1814 1059 etin

163 1090 405 1131 meliorem
425 1090 613 1142 frugem
634 1102 683 1131 se
705 1091 931 1143 recipere,
955 1090 1332 1143 quandoquidem
1363 1090 1686 1131 concubinarii
1717 1101 1812 1129 non

172 1162 311 1214 pauci
332 1161 623 1202 concubinas
644 1173 754 1203 suas
780 1162 1083 1214 reliquerunt,
1114 1162 1380 1203 huiusmodi
1406 1161 1636 1214 peccandi
1665 1171 1820 1212 genus

166 1232 469 1274 detestantes.

247 1303 587 1345 Restitutiones
623 1305 779 1356 etiam,
809 1305 964 1356 gratia
995 1303 1202 1356 Domini,
1234 1305 1417 1356 aliquae
1447 1304 1601 1344 factae
1626 1308 1748 1354 sunt,
1773 1308 1821 1344 et

169 1375 438 1427 specialiter
450 1387 543 1416 una
559 1376 806 1428 plusquam
818 1376 941 1416 mille
952 1383 997 1417 et
1009 1376 1318 1417 ducentorum
1337 1386 1604 1425 aureorum,
1625 1380 1669 1415 et
1686 1373 1811 1426 quod

168 1447 323 1498 magis
344 1447 528 1497 mirere,
557 1447 695 1498 idem,
718 1447 796 1500 qui
817 1448 877 1488 ad
898 1447 1073 1489 dictam
1090 1448 1432 1489 restitutionem
1450 1447 1713 1497 tenebatur,
1732 1457 1811 1486 no-

167 1520 270 1559 lens
300 1530 399 1559 rem
429 1519 568 1559 istam
590 1519 637 1559 in
659 1519 785 1560 aliud
805 1524 987 1571 tempus
1018 1519 1221 1571 differre,
1245 1531 1345 1560 rem
1365 1520 1517 1571 ipsam
1538 1519 1677 1559 uxori
1697 1529 1812 1558 suae

174 1590 419 1641 indicauit,
443 1596 491 1630 ut
515 1590 651 1630 citius
678 1590 979 1643 exequutioni
1013 1591 1393 1639 demandaretur,
1424 1603 1543 1643 quae
1564 1597 1662 1631 tam
1693 1589 1815 1630 chri-

175 1661 330 1701 stiano
360 1661 473 1702 illud
495 1662 702 1713 suscepit
724 1662 896 1711 animo,
914 1668 959 1703 et
979 1668 1161 1703 tantum
1178 1662 1308 1703 abest
1329 1669 1380 1703 ut
1397 1662 1623 1703 illudviro
1640 1672 1725 1701 suo
1743 1661 1828 1700 im-

174 1733 385 1785 pedierit‚
419 1733 530 1784 quin
564 1733 719 1785 potius
755 1744 860 1774 eum
895 1734 1144 1775 exhortata
1181 1740 1266 1785 est,
1299 1740 1347 1774 ut
1378 1745 1519 1786 quam
1547 1733 1687 1774 citius
1710 1731 1823 1772 illud

172 1810 500 1856 exequeretur,
539 1809 598 1855 et,
622 1803 747 1844 haud
767 1804 839 1845 his
866 1810 1102 1856 contenta,
1133 1805 1477 1846 confessarium
1502 1805 1656 1857 ipsum
1685 1803 1814 1850 adiit,

173 1887 372 1927 eumque
394 1875 591 1925 monuit,
617 1880 666 1915 ut
687 1875 842 1916 virum
863 1887 999 1916 suum
1020 1876 1081 1917 ad
1101 1876 1277 1917 dictam
1296 1876 1640 1917 restitutionem
1662 1875 1820 1926 impel-

171 1948 303 1997 leret,
327 1958 478 1998 neque
501 1946 603 1986 eius
627 1945 972 1988 confessionem
1005 1946 1203 1998 audiret,
1227 1947 1377 1988 donec
1398 1946 1575 1988 dictam
1596 1945 1828 1998 pecuniae

175 2019 489 2071 quantitatem
521 2017 823 2068 restituisset,
855 2017 1153 2070 auferretque
1175 2018 1217 2059 ei
1239 2030 1427 2059 omnem
1449 2018 1750 2058 occasionem
1771 2017 1829 2057 si-

177 2089 334 2130 milem
370 2088 723 2129 damnationem
756 2089 951 2130 ulterius
985 2089 1073 2129 sibi
1106 2089 1482 2140 thesaurizandi;
1519 2088 1828 2141 profitebatur

179 2160 304 2201 enim
324 2171 374 2200 se
396 2159 595 2199 libenter
624 2159 713 2199 sibi
742 2158 937 2211 filiisque
963 2160 1061 2201 suis
1089 2166 1416 2212 paupertatem
1452 2160 1608 2212 potius
1631 2160 1674 2200 in
1700 2171 1836 2211 prae-

179 2231 301 2272 senti
321 2231 512 2271 saeculo
538 2231 728 2282 eligere,
751 2242 893 2282 quam
914 2231 1264 2272 damnationem
1285 2232 1331 2272 in
1354 2231 1526 2272 futuro.

262 2302 360 2343 Iam
382 2302 500 2342 alias
523 2301 665 2342 credo
686 2302 808 2353 quod
825 2301 929 2342 R.da
950 2301 1216 2343 Paternitas
1236 2310 1316 2343 tua
1337 2303 1510 2344 certior
1526 2302 1653 2343 facta
1675 2301 1734 2342 sit
1755 2313 1828 2342 eo-

182 2385 302 2424 rum,
327 2384 448 2425 quae
469 2385 553 2425 per
584 2372 773 2413 Patrem
805 2379 1019 2414 nostrum
1045 2373 1354 2414 Franciscum
1382 2373 1612 2414 Dominus
1640 2372 1829 2425 operari

183 2445 421 2496 dignatur,
448 2450 492 2484 et
513 2443 793 2495 praesertim
826 2444 874 2484 in
902 2444 1079 2496 palatio
1106 2444 1360 2496 Principis:
1385 2444 1510 2496 quod
1538 2443 1597 2484 ad
1619 2455 1705 2484 nos
1727 2443 1831 2484 atti-

184 2521 264 2557 net
281 2516 452 2566 dicam,
472 2521 517 2555 et
539 2520 623 2565 est,
648 2515 772 2566 quod
792 2526 953 2555 omnes
971 2514 1069 2556 fere
1086 2515 1367 2556 confitentur
1386 2515 1537 2566 nobis,
1557 2521 1601 2555 et
1622 2520 1721 2555 tam
1741 2514 1829 2555 fre-

185 2592 399 2639 quenter,
425 2592 474 2626 ut
494 2585 649 2638 potius
669 2585 919 2637 religiosae
939 2585 1203 2638 videantur,
1224 2598 1362 2638 quam
1385 2587 1640 2636 seculares,
1664 2592 1709 2626 et
1730 2591 1833 2625 tan-

185 2663 234 2698 to
269 2669 431 2698 amore
473 2662 822 2709 prosequuntur
857 2667 1018 2697 omnes
1048 2657 1266 2698 dominae
1300 2658 1435 2698 aulae
1462 2657 1693 2709 Principis
1726 2667 1829 2696 nos-

189 2735 313 2769 tram
336 2727 635 2779 Societatem,
660 2733 709 2768 ut
729 2739 835 2768 cum
856 2728 975 2768 alias
994 2728 1173 2780 rigidos
1194 2740 1280 2770 nos
1309 2729 1616 2770 exhibeamus
1637 2728 1684 2768 in
1706 2739 1830 2767 amo-

187 2799 356 2840 uendis
392 2799 450 2840 ab
474 2799 540 2840 eis
561 2799 776 2839 omnibus
796 2799 1086 2840 vanitatibus
1111 2800 1431 2851 muliebribus,
1455 2799 1724 2851 frequenter
1744 2808 1836 2838 nos

187 2876 457 2922 accersunt,
480 2881 568 2911 nec
588 2871 752 2911 volunt
774 2870 891 2910 alios
908 2870 1224 2912 confessarios
1244 2872 1334 2912 nisi
1354 2882 1455 2923 nos,
1475 2876 1520 2911 et
1536 2881 1629 2910 non
1650 2880 1832 2921 paucae
