2028 3328
182 192 253 228 554
698 193 925 229 LlTTERAE
952 203 1257 236 QUADRiMEsrR
1266 202 1312 228 ss

182 289 350 336 ximus,
375 290 569 335 uenerit,
595 289 673 328 vbi
690 295 733 328 et
757 289 1032 329 concionem
1062 289 1256 338 audiuit,
1289 295 1332 328 et
1367 294 1472 339 post
1509 299 1711 340 pransus
1733 294 1825 339 est;

182 366 379 412 suntque
400 371 493 399 non
513 371 665 410 pauca
688 371 739 399 eo
764 360 837 400 die
859 372 884 400 a
907 359 1129 399 fratribus
1152 359 1325 398 nostris
1347 359 1394 398 in
1416 359 1514 398 eius
1542 359 1697 410 operis
1719 360 1821 399 lau-

183 432 287 471 dem
310 431 569 482 composita
594 430 819 481 carmina,
844 442 962 481 quae
993 442 1133 481 quam
1164 429 1360 480 Proregi
1386 429 1558 469 fuerint
1585 436 1722 479 grata
1747 430 1820 470 de-

181 503 378 542 clarauit
400 502 524 551 illud,
549 502 673 553 quod
694 501 1064 541 valetudinarius
1087 501 1184 551 ipse
1206 500 1402 540 libenter
1433 500 1616 540 audiret
1643 512 1820 540 memo-

182 574 296 613 riter
322 573 651 624 pronunciata,
680 579 725 612 et
760 573 935 622 legeret
971 571 1057 610 sibi
1094 571 1265 610 oblata.
1304 570 1375 610 De
1410 571 1466 610 iis
1500 570 1700 612 fortasse
1721 572 1824 622 plus

183 644 313 684 satis.

263 715 398 765 Quod
429 726 542 754 uero
565 714 622 753 ad
659 720 871 753 nostrum
905 712 1154 762 collegium
1193 718 1238 752 et
1266 713 1456 752 scholas
1485 719 1681 764 spectat,
1716 724 1823 753 cum

182 786 353 826 habeat
375 785 423 825 Ρ.
461 786 511 825 T.
551 785 602 825 R.
642 784 827 824 Patrem
862 783 1190 834 Praepositum
1228 782 1254 834 ¹,
1293 784 1369 835 qui
1401 784 1558 823 omnia
1595 795 1823 835 praesens

182 856 449 908 significare
471 862 636 907 potest,
662 854 951 895 commodius
979 866 1052 894 me
1080 854 1315 894 facturum
1350 866 1454 894 sum
1490 855 1744 894 arbitratus
1783 855 1823 895 si

182 939 313 968 meas
333 928 374 967 ei
397 928 707 978 relinquerem
727 934 900 977 partes.
920 924 1012 965 Sed
1033 936 1090 964 ne
1112 925 1227 965 nihil
1249 925 1437 965 omnino
1468 925 1637 975 dicam,
1670 927 1822 966 nostri

183 999 346 1038 Patres
379 998 466 1049 piis
493 1010 577 1048 pro
614 1009 741 1036 more
776 996 995 1036 insistunt
1032 996 1268 1046 operibus:
1303 997 1574 1036 carceribus
1609 996 1823 1036 detentos

182 1070 271 1121 piis
294 1069 625 1109 monitionibus
647 1080 673 1107 a
702 1073 1004 1118 peccatorum
1025 1078 1223 1107 carcere
1253 1067 1454 1107 liberare
1486 1068 1701 1108 omnibus
1732 1079 1824 1108 mo—

185 1141 255 1180 dis
290 1140 494 1179 student:
533 1139 720 1179 adstant
754 1137 895 1178 etiam
926 1138 1091 1178 crebro
1128 1137 1342 1189 infirmis,
1381 1150 1436 1178 ac
1471 1139 1711 1179 morituris
1731 1151 1825 1178 non

183 1211 347 1263 paucis
368 1211 665 1250 subueniunt.
686 1209 863 1249 Multae
885 1221 1069 1260 quoque
1091 1210 1272 1260 puellae
1296 1222 1353 1249 ex
1378 1210 1448 1259 iis,
1473 1222 1592 1261 quae
1612 1218 1824 1250 nostrum

183 1283 406 1333 templum
426 1282 741 1332 frequentant,
766 1291 898 1320 suam
921 1279 1022 1320 Deo
1040 1280 1367 1331 virginitatem
1388 1289 1742 1321 consecrarunt.

263 1354 345 1393 Est
367 1353 426 1392 ad
449 1365 535 1392 nos
572 1351 809 1392 Pontificis
846 1351 1053 1403 diploma
1090 1352 1357 1402 (iubilaeum
1393 1354 1536 1403 vulgo
1570 1354 1823 1404 appellant)

185 1425 392 1474 missum,
422 1424 546 1475 quod
568 1423 623 1463 R.
647 1423 695 1463 P.
720 1422 983 1474 Praepositi
1004 1435 1119 1463 cura
1141 1423 1218 1463 hic
1254 1423 1533 1474 impressum
1570 1432 1653 1473 est,
1678 1432 1722 1464 et
1745 1436 1822 1476 pu

185 1496 316 1544 blice,
353 1496 417 1535 ita
455 1495 730 1545 rogantibus
757 1482 975 1534 Patribus
1010 1494 1316 1546 Conscriptis,
1343 1508 1368 1535 a
1388 1495 1440 1535 R.
1465 1495 1514 1535 P.
1534 1495 1824 1547 Hieronymo

184 1566 333 1607 Otello
354 1567 399 1606 in
421 1567 592 1617 templo
610 1566 777 1605 maiori
798 1567 969 1617 populo
991 1574 1060 1606 est
1081 1567 1459 1617 pronunciatum,
1492 1579 1582 1618 quo
1613 1575 1823 1618 tempore

184 1639 286 1689 plus
307 1639 458 1678 minus
479 1637 558 1677 600
578 1638 927 1678 sanctissimam
948 1649 1041 1678 una
1061 1638 1134 1678 die
1158 1638 1205 1678 in
1239 1644 1403 1678 nostro
1439 1640 1610 1690 templo
1646 1639 1711 1689 (vt
1733 1639 1824 1678 alia

185 1709 412 1759 omittam)
436 1720 676 1760 sumpsere
697 1709 1061 1749 Eucharistiam:
1085 1709 1208 1760 quod
1230 1721 1342 1749 uero
1366 1709 1424 1749 ad
1452 1710 1689 1758 lectiones,
1715 1721 1823 1750 con-

182 1780 410 1820 fessiones
437 1787 481 1819 et
519 1780 965 1820 communicantium
995 1780 1308 1832 frequentiam
1345 1788 1540 1832 spectat,
1578 1781 1700 1821 idem
1737 1787 1821 1831 est,

184 1852 261 1902 qui
281 1858 435 1902 antea,
460 1851 657 1891 fructus.

261 1921 353 1962 Sed
373 1935 430 1962 ne
448 1922 507 1969 id,
532 1923 655 1974 quod
676 1923 804 1962 initio
828 1923 1076 1963 dicendum
1098 1923 1196 1973 fuit,
1220 1929 1588 1974 praetereamus,
1620 1923 1825 1975 profecti

180 2000 301 2044 sunt,
325 1994 405 2045 qui
425 1994 471 2033 in
492 1993 778 2034 Siracusano
800 1993 1010 2044 Collegio
1033 1995 1198 2034 lecturi
1221 2000 1342 2044 sunt,
1364 2006 1481 2045 quos
1515 2001 1750 2045 putamus,
1772 2001 1820 2033 vt

186 2066 557 2116 expectatissimi
588 2077 641 2105 eo
667 2072 916 2116 uenerunt,
940 2065 1004 2105 ita
1033 2077 1127 2105 non
1156 2065 1440 2105 mediocrem
1474 2065 1723 2105 Vtilitatem
1760 2065 1824 2105 iu-

186 2137 365 2176 uentuti
387 2135 718 2188 Syracusanae
747 2138 990 2177 allaturos.

263 2207 328 2247 Te
350 2208 553 2256 interim,
580 2207 679 2247 Rsslss
696 2208 742 2247 in
765 2207 953 2248 Christo
988 2208 1142 2259 Pater,
1174 2209 1475 2249 uehementer
1496 2220 1735 2260 rogamus,
1770 2218 1821 2248 Vt

186 2278 385 2318 assiduis
408 2279 530 2329 apud
547 2278 699 2318 Deum
721 2279 937 2330 precibus
959 2278 1126 2319 efficiat
1148 2279 1198 2319 Ρ.
1220 2279 1271 2319 T.
1307 2287 1357 2319 vt
1379 2292 1470 2320 non
1505 2280 1643 2320 modo
1665 2280 1712 2320 in
1733 2280 1822 2320 hoc

184 2349 504 2399 persistamus,
531 2361 670 2400 quem
686 2349 797 2398 dixi,
822 2350 1086 2390 animarum
1118 2350 1286 2401 fructu,
1325 2351 1407 2391 sed
1441 2351 1582 2391 etiam
1616 2351 1822 2390 vberiori

186 2431 291 2459 cum
312 2426 541 2470 prouentu
565 2420 611 2459 in
633 2428 874 2471 posterum
895 2432 1181 2461 crescamus.

264 2489 523 2540 Messanae,
554 2491 638 2530 15.Ο
661 2490 758 2531 Cal.
785 2491 1020 2542 Octobris,
1046 2504 1169 2532 anno
1192 2492 1382 2532 Domini
1408 2492 1523 2533 1555.

1014 2599 1309 2639 FRANCISCUS
1340 2598 1616 2639 STEPHANUS
1625 2632 1633 2640 .

266 2773 375 2812 Alt'cz
397 2785 540 2813 mmm
561 2775 985 2826 superscriptionis
1016 2775 1116 2816 loco
1152 2777 1201 2816 in
1223 2776 1379 2817 altera
1393 2778 1599 2828 pagina:
1620 2778 1825 2826 ·l-Mess.a

189 2841 384 2883 Ottobre
406 2844 514 2894 (sic)
542 2844 656 2885 1555.

245 3001 251 3019 ¹
293 3000 465 3029 Evocatus
481 3002 623 3029 Romam
640 3003 750 3030 fuerat
766 3005 868 3038 paulo
883 3010 962 3031 ante
979 3005 1013 3032 P.
1031 3005 1260 3041 Hieronymus
1276 3007 1484 3035 Domenech.
