2028 3328
856 85 938 121 AN.
970 85 1060 122 15:25
1706 84 1772 121 241

136 187 312 226 nistros
334 185 515 225 futuros
535 182 744 233 fidosque
767 188 982 232 pastores
1001 182 1109 229 (non
1132 180 1210 231 qui
1232 192 1280 219 se
1303 181 1444 231 ipsos,
1470 180 1551 219 scd
1573 181 1648 231 qui
1673 192 1773 230 grc-

141 269 249 310 gem
269 257 356 297 sibi
378 256 681 296 commissum
703 253 915 304 pascant)
938 263 1198 303 speramus.

222 329 306 368 His
327 327 508 368 accedit
527 332 575 366 vt
592 330 872 377 praepotens
890 322 1121 375 quaedam
1138 323 1341 373 domina,
1362 322 1518 362 animo
1538 328 1664 362 certe
1683 334 1778 361 non

144 401 298 440 minus
319 410 550 450 generosa
574 407 714 448 quam
735 395 980 445 sanguine,
1005 395 1138 434 cuius
1161 394 1302 433 annui
1324 394 1533 433 redditus
1556 400 1661 433 octo
1684 394 1779 432 mil-

147 473 207 511 lia
224 472 447 511 librarum
460 471 595 511 facile
608 472 817 517 vincunt,
833 479 951 519 quae
972 472 1162 518 propter
1180 466 1283 505 lites
1301 466 1531 517 quasdam
1551 465 1597 504 in
1615 472 1778 504 senatu

146 543 390 594 parisiensi
414 544 501 583 sibi
523 544 726 583 intentas
747 541 837 580 huc
860 538 1076 588 accessit,
1101 537 1309 577 diuinam
1334 548 1444 576 vero
1466 547 1602 587 opem
1620 536 1666 575 in
1683 541 1780 575 tan-

147 614 207 653 tis
228 614 616 664 perplexitatibus
637 613 792 664 potius
820 622 960 662 quam
981 609 1237 648 humanam
1267 607 1534 659 requirens,
1558 606 1784 647 Sanctum

149 683 439 724 Germanum
459 685 759 736 frequentare
781 681 948 732 coepit,
974 686 1018 719 et
1040 679 1237 729 singulis
1254 678 1624 718 hebdomadibus
1641 680 1785 718 semel

149 760 288 806 atque
310 755 478 795 iterum
499 766 688 795 sacram
708 764 892 793 sumere
919 751 1160 803 synaxim,
1192 750 1407 801 quodque
1436 750 1606 789 mirum
1634 751 1786 799 magis

149 826 196 865 in
218 825 289 866 his
310 827 462 877 plagis
484 826 635 866 videri
652 830 822 877 posset,
844 824 944 864 sola
962 823 1034 862 sui
1055 833 1198 861 sexus
1214 821 1336 861 inter
1355 827 1422 860 tot
1445 821 1638 860 iuuenes
1655 821 1786 861 scho-

151 897 345 937 lasticos
375 898 584 949 aliosque
614 897 744 937 viros
774 895 999 936 accedere
1030 905 1124 933 non
1151 893 1473 940 erubesceret3
1505 892 1605 931 eius
1633 898 1789 932 autem

142 968 344 1018 coniux,
382 969 542 1019 regiae
572 967 830 1008 maiestatis
857 965 1258 1016 consanguineus,
1288 963 1557 1015 nuperrime
1593 968 1791 1003 mortem

154 1040 280 1080 obiit.
306 1039 602 1091 Quapropter
625 1051 731 1079 cum
752 1049 925 1078 annum
946 1035 1389 1088 quinquagesimum
1409 1034 1682 1085 excesserit,
1705 1046 1792 1074 nec

153 1112 275 1151 vllos
287 1111 457 1151 habeat
473 1111 660 1161 liberos,
672 1121 788 1162 quos
799 1114 1035 1149 tantarum
1049 1119 1189 1159 opum
1198 1107 1425 1146 haeredes
1438 1106 1685 1157 relinquat,
1698 1118 1791 1146 ma-

157 1182 333 1222 ximam
354 1182 523 1222 harum
545 1188 726 1233 partem
747 1179 1030 1232 pauperibus
1052 1189 1275 1229 erogare,
1300 1184 1345 1217 et
1366 1178 1413 1217 in
1440 1177 1542 1229 pios
1573 1189 1688 1217 vsus
1715 1189 1791 1227 ap-

156 1254 333 1306 plicare
355 1254 533 1293 statuit.
558 1252 806 1293 Caeterum
826 1258 998 1301 autem,
1022 1262 1128 1290 cum
1158 1251 1277 1290 inter
1306 1256 1494 1289 caetera
1525 1249 1793 1289 Instituturn

158 1332 371 1365 nostrum
391 1325 595 1364 maxime
616 1323 802 1375 probet,
833 1322 975 1362 aedes
1003 1321 1319 1372 amplissimas
1350 1320 1635 1371 octingentis
1664 1320 1795 1360 libris

159 1396 346 1436 dotatas
365 1408 470 1436 cum
488 1395 638 1435 hortis
654 1393 995 1446 pulcherrimis,
1016 1404 1133 1444 quas
1156 1404 1182 1432 a
1203 1392 1376 1432 Tolosa
1395 1398 1500 1432 octo
1518 1391 1796 1431 milliaribus·

158 1467 349 1509 dissitas
379 1467 534 1515 habet,
566 1465 790 1506 Societati
818 1464 1097 1513 dicaturam‚
1127 1464 1284 1515 ibique
1313 1464 1565 1514 collegium
1596 1475 1645 1503 se
1674 1463 1795 1503 exci-

161 1545 366 1580 taturam
386 1538 488 1578 R.d0
514 1537 643 1577 Patri
658 1542 819 1577 nostro
835 1535 1037 1576 Domino
1057 1534 1281 1575 Pascasio
1301 1535 1449 1584 (cuius
1467 1547 1610 1587 opera
1627 1540 1671 1574 et
1691 1546 1796 1575 con-

159 1611 263 1651 silio
285 1609 581 1662 potissimum
609 1608 756 1648 vtitur
785 1613 830 1647 et
858 1606 1046 1657 nititur)
1074 1606 1281 1658 pollicita
1309 1612 1393 1646 est.
1426 1606 1555 1646 Deus
1583 1605 1797 1658 Optimus

161 1682 286 1722 Max.
311 1681 412 1732 pios
435 1680 533 1720 eius
555 1679 750 1719 affectus
771 1678 932 1719 fouere
954 1684 998 1718 et
1020 1689 1195 1729 augere
1217 1677 1435 1728 dignetur
1460 1676 1487 1717 ¹.

243 1752 377 1793 Adde
399 1757 644 1804 praeterea
666 1750 789 1802 quod
809 1749 1184 1801 frequentissime
1205 1749 1352 1789 variis
1374 1750 1421 1789 in
1442 1749 1627 1801 templis
1655 1749 1799 1789 totius

164 1825 307 1874 vrbis,
332 1823 474 1863 etiam
498 1823 544 1862 in
566 1822 864 1862 monasteriis
885 1821 1138 1872 virginum,
1158 1821 1205 1861 in
1227 1820 1471 1861 audiendis
1494 1820 1799 1861 confessioni-

163 1897 249 1936 bus
272 1904 573 1946 occupamur;
598 1905 684 1933 nec
706 1893 814 1944 iam,
839 1893 1053 1944 quamuis
1075 1892 1291 1932 omnibus
1311 1891 1409 1932 fere
1431 1892 1543 1941 noti,
1569 1898 1727 1932 tantas
1749 1898 1800 1932 vt

166 1967 295 2020 prius
313 1965 708 2006 contradictiones
726 1964 929 2015 patimur
947 1969 1026 2004 aut
1042 1963 1328 2015 repellimur,
1349 1963 1441 2002 imo
1461 1963 1684 2014 plerique,
1704 1964 1800 2015 qui-

166 2040 253 2079 bus
274 2044 413 2078 antea
435 2047 622 2077 eramus
642 2035 795 2086 inuisi,
820 2035 933 2085 iam,
964 2036 1258 2075 elucescente
1287 2035 1512 2085 veritate,
1542 2046 1628 2074 nos
1659 2034 1802 2075 admi-

167 2110 265 2151 rari
286 2108 529 2160 incipiunt,
555 2106 679 2159 quod
699 2118 792 2146 non
813 2112 1024 2147 nostram
1043 2106 1125 2146 sed
1147 2107 1297 2146 solum
1320 2105 1408 2145 Dei
1424 2106 1626 2156 gloriam
1648 2112 1692 2146 et
1708 2106 1802 2146 ani—

169 2191 354 2222 marum
373 2180 572 2219 salutem
593 2189 819 2229 quaerere
839 2177 1051 2228 videant;
1076 2189 1221 2229 quare
1243 2177 1322 2228 qui
1348 2177 1478 2228 prius
1499 2178 1620 2217 male
1648 2188 1804 2217 cense-

164 2252 297 2301 bant,
321 2251 644 2291 obmutescere
672 2255 918 2300 coguntur.
949 2248 1134 2289 Caeteri
1154 2259 1268 2288 Vero
1300 2248 1504 2299 pectoris
1537 2248 1609 2288 sui
1630 2260 1805 2288 arcana

173 2322 362 2363 liberius
383 2320 518 2361 nobis
539 2320 834 2371 depromunt,
858 2326 902 2360 et
924 2320 1120 2359 consilia
1142 2324 1339 2370 accepta
1361 2324 1635 2370 sequuntur.

253 2393 375 2433 Hinc
396 2391 624 2444 proximis
645 2390 717 2430 his
738 2390 900 2430 diebus
928 2390 1106 2430 factum
1138 2396 1208 2429 est
1234 2398 1286 2430 Vt
1311 2389 1684 2442 Jurisconsultus
1715 2392 1809 2443 qui-

165 2464 283 2504 dam
303 2463 487 2513 nobilis,
511 2468 708 2502 naturae
730 2461 864 2501 bonis
885 2473 941 2501 ac
960 2461 1178 2501 fortunae
1205 2461 1559 2512 celeberrimus,
1592 2468 1637 2502 et
1658 2462 1705 2502 in
1726 2474 1810 2502 sua

171 2533 609 2587 ‚praestantissimus
640 2538 756 2583 arte,
793 2532 887 2584 qui,
921 2532 1095 2572 dudum
1126 2538 1328 2572 vexatus
1359 2533 1501 2573 certis
1532 2533 1810 2585 quibusdam

176 2605 535 2655 tentationibus,
561 2616 615 2644 eo
636 2603 857 2643 redactus
878 2609 999 2653 erat,
1026 2610 1076 2642 vt
1096 2603 1245 2644 vitam
1273 2615 1380 2643 cum
1408 2612 1557 2644 morte
1579 2605 1717 2656 (prae
1747 2605 1811 2645 ni-

178 2678 272 2717 mia
293 2675 504 2726 tristitia)
527 2674 800 2726 saepissime
828 2680 1118 2714 commutare
1146 2680 1358 2726 cuperet,
1381 2686 1593 2727 peneque
1622 2687 1816 2716 exosam

237 2861 245 2880 ¹
285 2861 341 2887 An
352 2860 453 2894 hujus
463 2859 540 2894 piae
552 2857 717 2886 Dominae
731 2858 891 2885 voluntas
903 2858 1058 2885 effectum
1072 2858 1198 2886 sortita
1210 2859 1255 2886 sit
1266 2865 1372 2886 necne
1386 2858 1559 2887 affirmare
1571 2867 1638 2887 non
1649 2860 1809 2889 valemus

175 2908 328 2935 mondum
343 2908 432 2935 enirn
447 2907 520 2941 eJ'us
534 2905 734 2933 memoriam
749 2905 839 2940 apud
850 2905 1034 2933 historicos
1050 2907 1250 2940 reperimus.

373 2966 424 3003 T.
444 2978 500 3003 ιιι.
1596 2967 1634 3002 ι6
