2028 3328
239 183 310 221 570
761 184 987 222 LlTTERAE
1007 196 1364 228 QUADRIMESTRns

242 286 463 332 petuntur
484 281 768 333 frequenter,
795 294 899 322 cum
918 282 1122 334 alioquin
1144 283 1261 322 haec
1281 282 1448 322 ciuitas
1470 283 1674 333 egregiis
1691 284 1880 324 concio-

244 352 487 392 natoribus
509 358 704 392 scateat.

324 423 400 463 Ad
421 423 647 463 moniales
669 424 809 463 trium
831 424 1163 463 coenobiorum
1186 424 1368 474 (quibus
1389 424 1514 463 DmS
1541 424 1876 476 Archiepisco-

244 505 331 544 pus
359 493 561 545 praeest)
597 506 735 545 saepe
764 495 983 546 priuatim
1016 495 1322 534 concionatur
1353 495 1559 535 eiusdem
1580 495 1675 535 Dni
1711 496 1876 536 Archi-

245 565 453 616 episcopi
486 565 628 615 iussu,
667 566 744 616 qui
774 565 942 605 mirum
976 565 1023 604 in
1053 565 1245 604 modum
1274 565 1546 616 delectatur,
1580 567 1702 617 quod
1729 566 1877 607 nostri

245 647 406 676 earum
428 636 746 676 confessiones
769 642 812 676 et
833 636 1040 685 audiant,
1066 642 1109 675 et
1132 636 1336 676 habeant
1357 637 1569 688 priuatas
1601 637 1867 687 conciones,

245 707 463 758 quoniam
487 708 806 759 experimento
829 713 1012 746 constat
1035 708 1231 747 multum
1259 707 1304 747 in
1327 719 1381 747 eo
1411 708 1628 748 inseruiri
1650 708 1765 748 Deo.
1790 708 1878 748 Pa-

247 785 316 818 ter
340 790 453 818 vero
476 777 788 818 Provincialis
808 778 1020 829 pauculis
1050 778 1228 828 diebus,
1261 778 1428 829 quibus
1460 779 1536 819 hic
1558 787 1882 819 commoratus

246 856 331 899 est,
357 849 534 888 audiuit
562 850 808 899 generales
830 848 1147 888 confessiones
1179 849 1487 900 quarumdam
1517 862 1748 902 sororum,
1782 850 1880 902 qui-

246 920 333 959 bus
354 919 484 960 Deus
513 925 758 970 tantopere
791 919 837 959 in
868 920 934 959 eis
961 925 1185 971 operatus
1215 926 1298 970 est,
1331 927 1382 960 vt
1417 921 1602 961 illarum
1634 921 1880 961 Praefecta

247 991 388 1031 fuerit
409 990 686 1042 stupefacta.
710 990 934 1041 Reliquae
957 996 1126 1041 autem,
1151 1003 1271 1042 quae
1299 991 1543 1032 confessae
1564 1004 1657 1032 non
1678 993 1883 1042 fuerant,

246 1061 475 1111 fructum,
502 1073 639 1113 quem
670 1073 857 1101 sorores
879 1073 991 1102 suae
1012 1062 1269 1114 cepissent,
1293 1063 1657 1114 prospicientes,
1681 1070 1877 1104 tantum-

249 1133 353 1173 dem
376 1139 419 1173 et
441 1133 665 1173 exercitia
694 1133 892 1183 amplius
915 1132 1073 1173 facere
1103 1140 1338 1185 optarunt.
1363 1133 1606 1175 Paucitate
1630 1146 1743 1175 vero
1776 1147 1879 1187 ope-

247 1204 480 1244 rariorum
503 1203 609 1255 (duo
633 1203 755 1243 enim
778 1203 1025 1244 dumtaxat
1046 1211 1153 1245 sunt
1175 1205 1221 1245 in
1244 1205 1475 1257 Collegio,
1501 1206 1579 1258 qui
1601 1218 1705 1246 cum
1727 1206 1878 1257 proxi-

248 1275 335 1314 mis
357 1275 470 1315 foris
492 1274 758 1325 uersantur)
781 1286 943 1315 eorum
964 1276 1088 1315 uotis
1110 1276 1383 1317 satisfacere
1403 1289 1497 1317 non
1519 1288 1785 1327 possumus.

328 1345 404 1386 Ad
426 1345 745 1387 consolandos
766 1345 974 1386 infirmos
1004 1347 1277 1399 plerumque
1310 1354 1616 1388 accersuntur
1647 1347 1826 1398 Patres;
1851 1348 1881 1388 ii

248 1429 362 1457 vero
385 1430 412 1458 a
432 1419 567 1459 nobis
589 1419 930 1460 desiderantur:
954 1420 993 1460 si
1025 1420 1071 1460 in
1101 1420 1301 1459 vinculis
1323 1419 1525 1459 occlusis
1554 1419 1882 1471 obtemperare

248 1490 490 1540 vellemus,
515 1502 631 1541 opus
652 1497 775 1531 esset
797 1497 997 1542 quatuor
1016 1491 1250 1541 Patribus;
1271 1496 1378 1531 sunt
1396 1491 1565 1542 quippe
1584 1491 1675 1530 duo
1693 1490 1767 1530 hic
1786 1502 1880 1530 ma-

245 1561 361 1600 ximi
383 1572 614 1612 carceres,
639 1562 844 1602 ciuitatis
866 1563 998 1613 alter,
1024 1563 1142 1602 alter
1158 1562 1334 1613 Regiae
1352 1561 1537 1613 Curiae,
1557 1562 1616 1602 ad
1633 1574 1751 1614 quos
1768 1563 1883 1602 mul-

248 1632 282 1671 ti
304 1632 510 1683 quotidie
528 1632 836 1674 adducuntur.
857 1633 1003 1674 Aiunt
1020 1633 1157 1683 enim,
1177 1634 1316 1673 vnico
1338 1633 1584 1674 dumtaxat
1605 1633 1693 1683 die,
1718 1633 1879 1673 vincu-

246 1704 397 1743 lorum
425 1703 433 1721 ¹
457 1704 591 1743 alteri
613 1710 800 1744 centum
821 1711 866 1744 et
893 1705 1234 1756 quinquaginta
1264 1704 1407 1745 fuisse
1434 1705 1656 1755 inclusos,
1680 1715 1881 1756 quapro-

245 1780 348 1824 pter
369 1780 413 1814 et
432 1775 743 1816 verberantur
764 1781 808 1816 et
829 1776 1176 1827 suspenduntur
1196 1776 1343 1816 multi.

326 1844 415 1885 Hic
435 1852 625 1896 possent
646 1846 737 1886 duo
759 1847 958 1897 collegia
980 1847 1205 1896 construi3
1229 1847 1289 1887 ad
1314 1846 1577 1887 docendum
1599 1846 1798 1886 alterum
1818 1847 1877 1885 le-

245 1916 386 1965 gendi
416 1917 744 1969 scribendique
775 1918 1022 1969 rationem,
1055 1919 1253 1958 alterum
1283 1917 1343 1957 ad
1370 1917 1682 1958 instituendos
1709 1928 1881 1969 pueros

247 1987 465 2028 humanis
486 1988 647 2029 literis:
672 1989 720 2029 in
742 2001 832 2041 qua
864 1989 1077 2041 profecto
1100 2001 1150 2029 re
1180 1990 1376 2029 multum
1395 1989 1745 2029 inseruiendum
1776 1999 1881 2029 esse

246 2058 347 2099 Deo
365 2065 598 2111 putamus;
617 2061 743 2100 nulla
762 2060 933 2112 quippe
949 2072 1000 2100 re
1018 2060 1135 2101 haec
1156 2061 1324 2100 ciuitas
1344 2066 1441 2100 tam
1462 2060 1673 2110 indigere
1696 2059 1885 2099 videtur

247 2141 385 2181 quam
407 2130 510 2181 hac,
541 2137 790 2183 propterea
818 2131 942 2183 quod
972 2132 1109 2171 huius
1137 2131 1265 2171 urbis
1286 2131 1479 2171 iuuenes
1507 2131 1597 2170 sint
1630 2129 1881 2170 admodum

249 2201 477 2242 distracti.
501 2201 587 2242 Vir
611 2202 813 2254 quidam,
838 2203 1063 2242 sacerdos
1080 2208 1219 2254 atque
1235 2202 1532 2251 uenerabilis,
1553 2201 1788 2241 desiderat
1804 2212 1882 2240 no-

248 2271 318 2311 bis
341 2271 516 2312 donare
538 2272 725 2313 domum
745 2274 950 2325 amplam
971 2273 1122 2321 nimis,
1147 2279 1191 2313 et
1213 2284 1464 2324 puerorum
1482 2272 1679 2323 collegio
1698 2272 1881 2312 concin-

250 2354 359 2383 nam
379 2343 510 2384 satis:
535 2350 874 2395 verumtamen,
897 2351 1036 2396 prout
1064 2351 1134 2384 est
1154 2343 1383 2394 singulari
1413 2344 1674 2384 humilitate
1701 2343 1882 2395 praedi-

249 2420 337 2463 tus,
360 2414 490 2454 timet
511 2415 684 2455 donum
716 2415 837 2467 apud
866 2427 915 2455 se
945 2422 1097 2465 tenue,
1129 2414 1253 2466 apud
1282 2413 1436 2455 Deum
1463 2426 1575 2455 uero
1605 2414 1880 2464 maximum,

249 2496 308 2524 ne
330 2485 416 2525 sibi
440 2487 705 2537 repellatur.

329 2554 502 2607 Agitur
523 2564 781 2608 praeterea,
807 2563 851 2597 et
873 2558 995 2598 serio
1023 2558 1224 2609 quidem,
1255 2558 1375 2598 inter
1404 2557 1540 2597 huius
1570 2556 1774 2597 ciuitatis
1801 2567 1884 2607 gu-

254 2626 526 2667 bernatores
548 2640 753 2679 quonam
781 2629 870 2681 ipsi
891 2630 1029 2669 modo
1057 2629 1246 2673 domum
1273 2629 1333 2669 ad
1358 2628 1545 2679 linguas
1572 2628 1878 2679 interpretan-

255 2697 340 2737 das
361 2699 715 2739 accommodam
738 2698 963 2741 Societati
979 2700 1159 2751 possint
1179 2711 1364 2752 parare.
1384 2699 1552 2740 Comes
1573 2698 1587 2718 ²
1605 2705 1761 2740 autem
1779 2711 1883 2739 con-

253 2768 381 2808 uenit
403 2780 508 2808 cum
529 2769 619 2809 illis
640 2771 845 2822 egregie.
871 2771 1087 2811 Creditur
1110 2771 1250 2811 etiam
1279 2771 1439 2811 oculos
1469 2782 1550 2811 eos
1576 2769 1816 2810 intendere
1838 2770 1884 2810 in

307 2950 317 2970 ¹
358 2950 557 2980 Carcerum.

307 2998 321 3017 ²
358 2998 468 3033 Supra
484 3000 595 3028 dictus
611 3001 731 3030 Comes
746 3003 786 3030 de
802 3002 957 3030 Tendilla
998 3011 1003 3015 ·
