2028 3328
833 84 917 120 AN.
948 84 1039 120 1555
1680 87 1751 124 ‘303

117 196 387 234 accessere,
412 182 677 224 ardentiore
700 191 859 220 amore
890 179 1064 220 Christi
1086 181 1288 232 flagrare
1317 190 1585 234 coeperunt,
1610 195 1751 235 quum

119 261 259 295 antea
279 256 326 295 in
346 255 518 307 pietate
539 267 594 296 ac
616 254 741 296 omni
767 254 964 294 honesta
987 253 1171 294 actione
1200 255 1497 304 languerent:
1523 254 1616 294 iam
1638 266 1750 294 uero

117 338 212 365 non
235 325 424 378 [solum]
449 327 508 367 ad
534 339 670 367 sacra
691 333 736 367 et
766 337 1007 367 sermones
1034 325 1221 365 diuinos
1249 325 1436 365 assidue
1468 325 1652 375 adsunt,
1677 338 1751 365 uc-

118 408 223 436 rum
245 397 385 437 etiam
407 398 466 438 ad
489 398 863 438 communionem
885 397 1097 448 corporis
1131 396 1353 436 dominici
1382 396 1648 448 frequenter
1678 410 1753 436 ve-

119 468 267 508 niunt.
293 467 344 508 In
364 468 482 508 festo
505 469 685 509 Natalis
706 468 894 508 Domini
920 467 1000 508 300
1021 467 1232 507 homines
1263 467 1437 508 Christi
1458 479 1629 519 corpus
1650 479 1752 519 par-

120 539 449 591 ticipauerunt,
470 551 524 579 ac
547 540 650 580 aliis
666 540 711 580 in
730 540 843 580 locis
861 541 1005 579 multo
1023 540 1179 590 plures
1197 539 1290 579 iam
1312 550 1452 590 quam
1473 539 1687 579 solebant
1709 538 1754 578 id

120 611 272 661 ipsum
301 611 533 660 fecerunt,
558 612 681 663 quod
711 611 869 651 Rmus.
895 610 1160 651 Cardinalis
1187 616 1348 651 nostro
1377 611 1585 662 Collegio
1607 617 1757 651 totum

118 681 368 722 tribuebat.

200 751 347 803 Multi,
372 753 449 804 qui
472 760 579 793 ante
601 765 781 794 summo
804 753 909 793 odio
932 753 1240 804 dissidebant,
1265 754 1312 794 in
1334 755 1588 794 amicitiam
1611 754 1753 794 redie—

122 834 188 863 re:
212 835 298 863 nec
320 835 512 875 pauCOS,
537 825 705 865 misere
728 824 882 864 animo
906 830 950 864 et
972 836 1171 876 corpore
1199 825 1406 873 affectos,
1437 825 1758 865 recreauimus

122 906 178 934 ac
213 896 340 935 omni
376 896 551 936 auxilio
586 896 854 937 refecimus:
885 908 1002 948 quos
1033 908 1194 937 omnes
1225 908 1500 937 enumerare
1533 908 1758 948 magnum

122 972 216 1016 est3
240 966 321 1006 sed
349 978 443 1006 non
474 967 634 1007 inutile
656 974 812 1007 tamen
841 968 1151 1019 quorumdam
1185 969 1468 1008 meminisse.
1498 968 1622 1008 Inter
1653 968 1758 1009 illos

123 1042 281 1077 autem
315 1037 400 1077 fuit
436 1039 625 1090 quidam
658 1039 758 1090 qui,
783 1051 906 1078 anno
932 1038 980 1078 14
1007 1045 1085 1078 aut
1111 1039 1159 1078 15
1188 1040 1357 1079 aetatis
1388 1052 1520 1090 suae,
1552 1040 1760 1080 incestus

122 1114 372 1159 peccatum
403 1109 681 1159 admiserat,
718 1122 803 1150 nec
833 1110 879 1150 id
908 1122 1020 1161 prae
1055 1111 1339 1152 uerecundia
1374 1111 1586 1151 confiteri
1621 1111 1756 1151 aude-

121 1178 225 1231 bat;
248 1191 339 1231 quo
361 1180 531 1220 accidit
554 1187 601 1220 ut
630 1181 687 1220 ad
708 1180 760 1220 90
786 1193 960 1221 annum
986 1181 1095 1221 illud
1127 1188 1375 1232 peccatum
1404 1183 1639 1222 occultum
1668 1194 1759 1222 ser-

123 1257 273 1301 uaret,
312 1264 366 1291 ac
401 1264 454 1291 eo
490 1252 760 1303 inquinatus
794 1260 1141 1293 sacramentum
1178 1254 1504 1293 Eucharistiae
1539 1259 1760 1296 sumeret:

124 1322 208 1362 sed
229 1334 287 1362 ne
308 1324 400 1362 tale
428 1323 611 1362 facinus
633 1323 820 1374 impune
842 1330 908 1363 tot
931 1336 1078 1364 annos
1101 1331 1301 1375 tegeret,
1326 1325 1487 1365 incidit
1509 1325 1554 1364 in
1581 1325 1761 1375 grauis-

126 1393 244 1433 sima
273 1393 447 1433 diaboli
475 1400 729 1443 tormenta,
754 1395 817 1434 ita
847 1402 894 1435 ut
922 1396 995 1435 die
1023 1403 1258 1448 noctuque
1287 1396 1345 1436 ab
1377 1396 1454 1436 illo
1490 1403 1761 1445 uexaretur‚

125 1464 265 1505 modo
288 1465 549 1504 horrendas
571 1465 799 1516 imagines
821 1467 1140 1518 proponendo,
1163 1467 1301 1507 modo
1324 1473 1521 1507 mortem
1549 1467 1761 1507 minitan-

128 1536 203 1583 do,
233 1536 401 1588 quibus
436 1536 575 1576 rebus
609 1537 818 1588 grauiter
853 1537 1104 1578 deterritus
1139 1539 1293 1589 homo,
1332 1539 1611 1590 praesertim
1645 1539 1764 1579 tanti

128 1607 293 1658 flagitii
321 1607 559 1658 conscius,
584 1608 711 1648 venit
742 1608 800 1648 ad
826 1616 1038 1649 nostrum
1061 1609 1343 1661 Collegium,
1369 1611 1659 1661 benignitate
1675 1610 1765 1650 Dei

127 1678 283 1730 potius
318 1690 460 1730 quam
496 1690 580 1718 sua
619 1681 858 1720 uoluntate
893 1681 1081 1731 ductuS‚
1118 1683 1546 1734 grauissimumque
1586 1682 1763 1722 crimen

128 1749 375 1790 confessus
409 1755 499 1789 est:
537 1762 626 1801 quo
661 1750 785 1791 facto
819 1752 1077 1792 terroribus
1108 1753 1352 1804 liberatus,
1383 1753 1476 1793 iam
1514 1753 1763 1805 tranquille

130 1821 262 1862 uiuit.

210 1892 451 1943 Foemina,
477 1891 555 1932 diu
583 1895 871 1946 multumque
893 1894 1060 1946 spiritu
1081 1895 1402 1946 blasphemiae
1423 1895 1681 1946 exagitata,
1706 1895 1764 1935 ad

129 1970 311 2004 tantam
335 1964 542 2004 omnium
564 1976 721 2004 rerum
742 1965 1119 2017 desperationem
1140 1973 1355 2016 uenerat,
1381 1972 1429 2007 ut
1450 1978 1477 2006 a
1504 1968 1630 2007 nullo
1662 1977 1765 2018 pec-

131 2042 238 2076 cato
270 2035 561 2084 abhorreret,
593 2048 648 2076 ac
674 2037 882 2078 salutare
909 2037 1167 2078 remedium
1196 2038 1370 2079 Christi
1392 2038 1605 2089 corporis
1632 2030 1767 2078 relin-

130 2118 274 2158 quere
307 2106 607 2158 decreuerat,
638 2120 748 2148 nam
782 2120 836 2148 eo
871 2116 1065 2161 accepto
1099 2110 1325 2161 grauiora
1359 2121 1408 2149 se
1439 2110 1536 2161 pati
1566 2109 1768 2150 dicebat.

130 2179 261 2218 Haec
283 2190 390 2218 cum
411 2179 598 2218 cuidam
618 2178 745 2218 Patri
772 2180 976 2230 aperiret
998 2180 1297 2232 eiusdemque
1326 2181 1532 2221 consiliis
1561 2181 1607 2221 in
1636 2193 1691 2221 ea
1720 2192 1769 2221 re

132 2255 336 2300 pareret,
360 2261 454 2288 non
476 2249 613 2289 modo
634 2261 728 2290 non
749 2256 996 2301 peccatum
1017 2263 1119 2292 esse
1141 2252 1389 2301 intellexit,
1414 2252 1497 2292 sed
1516 2252 1658 2292 etiam
1679 2252 1770 2292 uir-

131 2321 244 2361 tutis
265 2320 651 2361 exercitationem
673 2332 776 2361 esse
798 2334 824 2362 a
845 2321 947 2362 Deo
968 2323 1127 2363 datam
1148 2323 1397 2363 manifesto
1419 2323 1548 2363 uidit.

214 2391 468 2443 Coepimus
491 2391 644 2432 iacere
661 2391 963 2434 fundamenta
987 2394 1174 2445 collegii
1189 2394 1383 2434 Arabici
1400 2406 1486 2446 ope
1508 2393 1639 2434 Illmi.
1657 2394 1766 2435 Pro-

131 2463 260 2514 rcgis
284 2461 308 2513 ¹,
334 2463 412 2514 qui
441 2463 577 2502 nobis
604 2463 841 2504 hominem
874 2465 1092 2506 arabicae
1118 2465 1307 2517 linguae
1337 2465 1537 2517 peritum
1565 2478 1621 2506 ac
1649 2466 1768 2506 bene

130 2535 369 2574 literatum
396 2532 541 2574 dedit:
579 2534 619 2574 is
647 2540 742 2574 tres
774 2546 946 2586 pueros
981 2535 1145 2587 Afros,
1176 2536 1254 2588 qui
1287 2536 1532 2577 nobiscum
1567 2544 1698 2586 sunt,
1723 2544 1767 2577 ct

132 2605 250 2646 duos
280 2604 454 2645 fratres
489 2605 644 2645 docet:
683 2606 801 2646 alter
827 2606 1046 2659 fratrum,
1069 2607 1247 2659 Tripoli
1274 2614 1432 2659 natus,
1458 2609 1536 2660 qui
1570 2609 1767 2660 septimo

131 2688 256 2717 anno
292 2676 460 2716 aetatis
496 2687 608 2716 suae
643 2676 702 2717 ad
736 2677 822 2718 has
850 2684 1002 2718 terras
1032 2678 1258 2719 aduectus
1285 2685 1375 2730 est,
1407 2680 1523 2720 alter
1554 2679 1710 2720 Meleti
1731 2678 1769 2730 ἢ

191 2864 196 2880 ’
238 2862 378 2895 Joanni<
395 2863 433 2888 dc
451 2862 564 2895 wega.

186 2911 201 2929 ²
239 2911 313 2943 §.scs
326 2910 476 2938 Melitae.
