2028 3328
888 96 972 133 AN.-
1004 96 1094 132 1554
1742 95 1808 131 147

162 194 247 233 tar’
274 194 473 245 collegii:
496 198 608 246 pero
638 197 748 234 sarii
778 199 900 233 stato
929 193 1199 232 necessario
1224 191 1308 232 che
1331 191 1375 232 S.
1409 191 1459 231 R.
1485 191 1547 231 iui
1571 191 1709 231 habbi
1743 192 1805 231 al-

163 270 338 315 quanto
360 265 606 305 dimorato:
625 266 726 316 pur’
751 264 797 304 di
817 264 985 314 giorno
1008 264 1053 303 in
1075 264 1242 314 giorno
1264 264 1300 302 s’
1325 268 1520 314 espetta.

244 335 380 376 Altro
402 348 485 388 per
504 337 535 376 il
556 342 771 388 presente
792 347 886 375 non
908 337 966 374 m'
994 346 1204 374 occorre.
1229 333 1288 374 V.
1314 333 1366 373 R.
1391 333 1440 373 P.
1465 333 1567 384 pell'
1592 335 1738 373 amor’
1765 333 1807 372 d‘

166 407 294 447 Iddio
316 407 500 458 prieghi
515 408 559 447 la
576 407 733 447 diuina
752 410 966 457 magesta
984 406 1070 446 che
1092 418 1141 445 se
1163 405 1303 456 degni
1324 405 1461 444 far’ci
1483 404 1608 444 serui
1633 404 1703 444 soi
1730 404 1809 454 piu

164 477 376 529 diligenti
396 478 482 518 che
498 478 560 518 fin
582 490 671 530 qua
692 489 786 518 non
806 477 955 517 siamo
980 477 1090 517 stati
1113 489 1139 516 a
1161 476 1314 527 gloria
1337 482 1381 516 et
1398 476 1576 516 honore
1599 487 1698 516 suo.

246 549 305 588 Di
328 548 548 598 Messina‚
574 549 622 589 13
639 549 683 589 di
700 548 959 590 Settembre
980 547 1096 587 1554.

488 619 546 659 D⁴
570 620 628 660 V.
655 619 705 659 R.
730 619 778 659 P.
803 618 949 660 Seruo
970 619 1131 659 inutile
1154 620 1200 659 in
1222 619 1413 659 Christo
1433 618 1561 672 Jesu,

1078 761 1326 801 ANNIBALE
1359 760 1593 801 CODRETO.

252 976 606 1028 Superscmptz'o
624 976 673 1016 in
695 978 869 1027 quarta
880 974 1088 1026 pagc'ncz:
1110 974 1170 1015 Al
1190 976 1332 1015 molto
1354 974 1456 1015 R.d0
1485 975 1531 1014 in
1554 974 1645 1015 C.t0
1663 974 1814 1015 Padre

171 1051 202 1089 il
220 1048 266 1088 P.
292 1048 498 1088 Maestro
521 1047 702 1098 Ignatio
724 1046 780 1087 de
802 1046 996 1097 Loyola,
1020 1046 1263 1098 Preposito
1285 1047 1506 1097 generale
1537 1046 1657 1086 della
1680 1045 1812 1087 Com-

172 1120 349 1172 pagnia
371 1119 417 1159 di
441 1119 600 1168 Giesu,
624 1119 671 1158 in
695 1117 856 1158 Roma.

255 1191 365 1231 Alsa
382 1202 541 1230 mcum.
563 1190 782 1230 Messina.
799 1189 977 1229 54.—13
994 1189 1039 1229 di
1059 1189 1162 1228 7.er

327 1546 611 1573 Praecedentium
627 1546 742 1573 Patris
760 1545 938 1573 Annibalis
954 1553 974 1573 a
989 1545 1162 1573 Coudreto
1175 1545 1372 1572 litterarum
1387 1544 1497 1572 latina
1512 1544 1627 1571 versio
1644 1544 1667 1571 ¹.

674 1599 877 1634 Exemplum
892 1600 1037 1634 primum
1052 1599 1318 1633 autographum.

950 1724 1049 1802 niis

261 1903 426 1944 Gratia
462 1903 653 1943 Domini
687 1904 837 1943 nostri
863 1904 973 1957 Jesu
1002 1903 1176 1944 Christi
1204 1904 1263 1944 sit
1298 1915 1404 1944 cum
1439 1904 1605 1955 spiritu
1640 1911 1815 1946 nostro.

180 1975 350 2015 Amen.

260 2045 505 2086 Profectus
526 2046 799 2097 spiritualis,
823 2044 961 2086 Pater
982 2046 1156 2098 optime
1187 2047 1234 2085 in
1262 2045 1449 2086 Christo
1469 2045 1596 2098 Jesu,
1620 2054 1822 2098 quatuor

180 2119 252 2157 his
273 2117 510 2158 mensibus
532 2116 621 2156 hac
645 2116 692 2156 in
712 2116 827 2156 urbe
849 2117 1104 2168 quaesitus,
1129 2117 1215 2157 etsi
1237 2129 1325 2157 non
1351 2123 1419 2157 est
1442 2118 1632 2158 omnino
1650 2119 1817 2166 nullus,

179 2196 337 2229 tamen
370 2200 464 2228 non
494 2194 653 2228 tantus
689 2193 775 2237 est,
811 2193 862 2228 ut
893 2199 1118 2239 magnum
1145 2187 1320 2240 aliquid
1347 2188 1558 2239 proferre
1579 2190 1742 2241 possit,
1776 2197 1822 2231 et

183 2271 289 2300 cum
311 2260 383 2309 iis,
407 2271 526 2311 quae
549 2259 652 2298 aliis
674 2258 719 2298 in
739 2259 856 2298 locis
878 2258 1092 2300 audimus
1114 2259 1229 2309 fieri,
1254 2259 1409 2311 aliqua
1431 2272 1490 2300 ex
1511 2267 1645 2311 parte
1667 2262 1822 2302 confe-

182 2331 394 2372 rendum.

264 2403 316 2443 In
337 2401 572 2442 consuetis
590 2411 850 2452 uersamur;
873 2413 1047 2442 nouum
1063 2401 1177 2441 nihil
1197 2402 1414 2453 aggressi
1434 2414 1610 2443 sumus.
1630 2402 1826 2444 Praeter

184 2474 467 2515 domesticas
495 2474 747 2514 conciones
774 2473 909 2525 (quae
940 2483 1115 2523 magna
1149 2472 1335 2524 quidem
1362 2472 1626 2525 frequentia
1653 2474 1823 2515 haben-

184 2545 291 2596 tur),
315 2545 405 2586 duo
423 2557 482 2586 ex
497 2545 715 2585 Patribus
732 2544 929 2596 singulis
946 2543 1317 2584 hebdomadibus
1334 2544 1381 2585 in
1397 2545 1699 2586 monasteriis
1715 2557 1825 2586 con-

185 2617 448 2657 cionantur.
472 2616 598 2656 Idem
619 2621 663 2656 et
684 2615 763 2655 alii
783 2627 841 2655 ex
862 2614 1034 2655 nostris
1062 2615 1255 2663 faciunt,
1280 2615 1362 2656 sed
1391 2627 1483 2655 non
1514 2621 1691 2657 statuto
1713 2622 1825 2657 tem-

241 2777 250 2797 ¹
290 2776 365 2804 Duo
379 2781 457 2804 sunt
472 2776 571 2811 hujus
587 2775 754 2803 versionis
766 2775 985 2810 autographa
1006 2776 1174 2809 exempla,
1200 2783 1301 2804 manu
1328 2776 1445 2804 Patris
1471 2777 1654 2806 Annibalis
1669 2784 1826 2810 exarata:

186 2832 289 2852 unum
303 2825 336 2852 in
351 2825 430 2852 folio
444 2824 583 2859 duplici,
607 2832 638 2852 n.
656 2823 718 2858 163,
740 2824 887 2850 alteru‘n
909 2823 942 2850 in
969 2824 1048 2850 folio
1075 2824 1156 2851 item
1179 2824 1316 2858 duplici,
1338 2833 1374 2851 n.
1393 2825 1545 2853 164.—Ea
1561 2826 1593 2853 in
1613 2827 1741 2860 paucis,
1760 2835 1826 2855 non

186 2873 302 2907 magni
316 2877 410 2900 certe
424 2872 598 2903 momenti,
619 2873 662 2898 ab
687 2872 770 2899 italo
795 2871 985 2907 archetypo
1009 2871 1168 2899 differunt
1184 2876 1217 2899 et
1239 2872 1328 2899 inter
1342 2880 1389 2907 se;
1405 2873 1465 2900 sed
1478 2874 1637 2908 quoniam
1661 2880 1825 2910 autogra-

185 2920 253 2954 pha
269 2924 358 2954 sunt,
373 2920 591 2955 ejusdemque
609 2919 747 2953 proinde
763 2919 994 2953 auctoritatis,
1011 2927 1112 2946 unum
1128 2924 1203 2954 post
1218 2920 1368 2948 alterum
1384 2920 1438 2948 hic
1454 2921 1620 2949 edendum
1634 2923 1744 2951 visum
1761 2929 1825 2952 est.
