2028 3328
856 66 939 104 AN.
970 66 1061 119 1555
1703 66 1774 103 295

137 166 318 216 inuitat,
343 172 500 206 tamen
521 166 584 205 ita
605 169 712 204 sunt
732 163 865 203 nobis
888 162 1055 211 affecti,
1076 169 1125 202 ut
1147 162 1270 213 quod
1286 163 1389 202 loco
1407 162 1551 211 deest,
1572 162 1617 202 id
1635 174 1768 202 amor

137 237 285 277 nostri
307 237 495 277 sarciat.
519 235 615 277 Nec
635 242 791 276 tamen
813 234 980 274 desunt
1002 234 1307 282 detractoreS,
1338 233 1416 283 qui
1437 244 1515 282 ea,
1551 244 1670 284 quac
1693 234 1772 273 alii

137 308 352 360 probant,
391 307 651 359 despiciunt
684 311 821 357 atque
851 310 1169 345 contemnunt.
1208 303 1386 354 Quibus
1422 304 1561 343 rebus
1596 304 1769 343 laetan-

138 380 248 420 dum
268 380 433 420 merito
454 379 588 419 nobis
617 383 706 419 est:
738 377 846 418 sinit
880 375 1110 427 siquidem
1140 375 1271 416 Deus
1291 386 1374 415 eos
1397 374 1608 414 aduersis
1630 375 1769 414 rebus

138 451 312 501 urgeri,
337 462 455 502 quos
476 450 616 490 habet
643 449 898 499 charioreS,
932 459 1038 487 cum
1055 458 1143 498 quo
1184 446 1191 465 ¹
1229 446 1498 497 experiatur
1530 445 1771 485 hominum

141 522 279 562 fidem
301 528 439 572 atque
461 521 790 571 constantiam,
814 526 912 560 tum
933 530 1047 559 uero
1069 529 1158 569 qno
1187 518 1243 557 iis
1263 517 1399 557 detur
1424 516 1577 556 ueluti
1587 521 1773 567 prome-

140 593 280 633 rendi
297 592 310 611 ²
332 593 529 633 materia
551 592 829 633 cumulatior
849 597 892 631 et
913 590 1150 630 illustrior.
1176 589 1307 629 Haec
1328 588 1384 629 de
1406 587 1603 640 spiritali
1627 587 1776 638 profe-

141 670 217 704 ctu
236 665 590 715 animarumque
607 664 756 703 salute
770 662 893 702 dicta
910 661 1156 701 sufficiant.
1170 659 1304 701 Nunc
1320 671 1391 710 ea,
1408 671 1526 711 quae
1544 658 1603 698 ad
1619 659 1774 699 litera—

139 735 210 775 ria
232 735 386 775 studia
408 736 654 786 pertinent,
677 734 840 786 paucis
862 734 1120 773 absoluam.

220 805 487 857 Antequam
508 806 729 846 lectiones
755 804 1086 856 inciperentur,
1124 802 1285 843 habita
1307 802 1392 842 fuit
1426 801 1576 842 oratio
1605 801 1652 841 in
1680 802 1777 842 lau·

142 876 247 917 dem
269 877 528 917 studiorum
552 888 606 916 eo
641 877 687 916 in
714 877 830 927 loco,
852 875 899 916 in
920 886 1010 927 quo
1033 873 1155 915 R.d¹1S
1181 873 1231 914 P.
1261 873 1435 914 Lainez
1463 872 1777 913 concionaba-

141 954 237 988 tur:
261 947 320 987 ad
341 960 444 988 eam
466 947 746 988 audiendam
766 947 985 999 frequens
1006 945 1251 986 multitudo
1274 944 1508 995 conuenit,
1533 955 1623 995 qua
1646 943 1779 983 abso-

138 1020 250 1069 luta,
273 1019 459 1069 fratres,
484 1019 561 1071 qui
583 1019 647 1059 illi
668 1019 940 1068 intererant,
977 1024 1110 1058 tanta
1143 1017 1365 1057 iuuenum
1396 1022 1605 1063 caterua,
1629 1014 1707 1066 qui
1729 1015 1777 1055 in

140 1090 436 1142 disciplinam
457 1098 669 1131 nostram
689 1090 874 1130 tradere
895 1101 944 1130 se
966 1089 1200 1139 uolebant,
1221 1087 1474 1138 constipati
1502 1086 1692 1127 domum
1709 1097 1776 1126 re-

140 1162 281 1213 diere,
306 1168 354 1202 ut
376 1163 455 1202 uix
476 1174 555 1202 eos
576 1161 824 1213 collegium
844 1171 1012 1212 capere
1033 1166 1207 1211 posset.
1230 1158 1387 1199 Primo
1409 1157 1483 1198 die
1505 1169 1596 1209 quo
1618 1158 1777 1208 legere

139 1232 447 1284 incoepimus,
462 1233 779 1284 unusquisque
791 1232 1128 1283 magistrorum
1140 1229 1389 1270 lectionem
1401 1229 1624 1279 auctoris,
1640 1239 1779 1280 quem

141 1305 469 1356 exponendum
491 1304 579 1344 hoc
601 1316 723 1344 anno
745 1309 1030 1355 susceperat,
1056 1302 1102 1342 in
1124 1301 1296 1353 templo
1318 1306 1480 1340 nostro
1502 1300 1777 1351 interpreta-

142 1381 216 1416 tus
246 1382 336 1426 est,
374 1376 543 1416 additis
571 1374 978 1427 praefatiunculis,
1011 1373 1070 1414 ad
1106 1373 1354 1413 materiam
1391 1370 1774 1419 accommodatis,

137 1447 308 1499 >quibus
328 1447 582 1487 interfuere
604 1446 825 1497 Episcopi
846 1445 952 1496 duo,
977 1444 1200 1496 multique
1231 1444 1410 1484 nobiles
1433 1443 1557 1483 ciues
1587 1448 1777 1494 praeter

142 1517 467 1569 scholasticos3
491 1529 688 1570 quorum
706 1528 927 1557 numerus
949 1516 997 1556 in
1013 1516 1113 1557 dies
1135 1516 1346 1567 singulos
1362 1515 1427 1555 ita
1446 1514 1616 1554 crescit
1638 1521 1779 1565 atque

142 1595 358 1640 augetur,
378 1595 426 1629 ut
444 1588 535 1628 nisi
550 1588 604 1629 R.
628 1587 676 1628 P.
702 1588 801 1628 Tua
819 1588 1000 1639 aliquos
1021 1587 1192 1628 fratres
1218 1587 1371 1627 mittat
1396 1585 1424 1637 ⁷¹,
1445 1585 1774 1626 satisfacturos

136 1672 229 1701 nos
249 1668 408 1701 tantae
429 1659 712 1700 multitudini
746 1660 882 1711 plane
904 1658 1181 1699 diffidamus.
1214 1657 1349 1707 Nam,
1383 1664 1433 1697 ut
1463 1657 1676 1697 omittam
1697 1668 1778 1697 eos

142 1731 513 1772 ducentesimum
533 1737 576 1770 et
599 1730 892 1781 trigesimum
912 1741 1160 1770 numerum
1181 1729 1426 1779 excedere,
1452 1728 1692 1769 confluunt
1713 1734 1782 1769 ta-

142 1813 251 1842 men
272 1808 339 1842 tot
362 1802 565 1853 quotidie
582 1802 642 1842 ad
658 1813 758 1852 nos,
781 1807 830 1841 ut
850 1812 944 1841 non
959 1806 1142 1840 tantum
1158 1800 1428 1851 magistros,
1446 1799 1528 1839 sed
1550 1799 1691 1839 etiam
1709 1800 1772 1839 lo-

145 1885 251 1913 cum
273 1873 538 1913 defuturum
554 1873 815 1923 credamus,
835 1872 959 1924 quod
981 1872 1074 1911 iam
1096 1871 1301 1923 experiri
1322 1870 1629 1922 incoepimus.
1648 1870 1773 1911 R.<¹1¹S

142 1945 268 1985 enim
289 1944 337 1984 P.
361 1944 532 1984 Rector
554 1942 582 1994 ⁴,
607 1944 665 1983 ob
686 1943 930 1994 angustias
953 1943 1058 1993 loci,
1082 1943 1130 1982 in
1151 1942 1366 1983 cubiculo
1388 1953 1472 1982 suo
1494 1942 1651 1993 legere
1673 1954 1780 1983 coa-

143 2022 247 2055 ctus
275 2024 358 2055 est.

224 2086 341 2127 Sunt
363 2086 501 2126 diuisi
522 2096 683 2125 omnes
700 2085 747 2125 in
769 2085 969 2137 quinque
989 2085 1182 2135 classes,
1202 2095 1399 2135 quarum
1418 2084 1599 2135 primae
1621 2084 1781 2125 Alfon-

143 2169 222 2198 sus
255 2156 284 2207 ⁵,
325 2157 559 2197 secundae
594 2157 755 2205 frater
787 2156 1007 2210 Jacobus,
1052 2155 1219 2196 tertiae
1250 2155 1420 2205 frater
1459 2155 1779 2207 Hieronimus,

142 2236 339 2280 quartae
357 2229 526 2278 frater
560 2227 844 2278 Aluaradus,
882 2227 1074 2267 ultimae
1109 2226 1397 2267 Valerianus
1433 2233 1477 2266 et
1511 2226 1782 2267 Bernardus

141 2305 379 2351 praesunt,
405 2299 542 2350 quiet
573 2302 769 2338 nostras
798 2297 1021 2338 lectiones
1043 2297 1262 2337 audiunt.
1289 2297 1428 2337 Pueri
1450 2308 1651 2348 magnos
1676 2310 1780 2349 pro-

142 2381 336 2421 gressus
370 2370 562 2420 faciunt,
601 2381 706 2410 cum
727 2370 773 2409 in
802 2369 1030 2420 doctrina,
1066 2374 1163 2409 tum
1198 2368 1246 2409 in
1275 2368 1463 2408 uirtute:
1496 2368 1779 2410 confitentur

140 2441 352 2492 libenter,
376 2454 460 2482 nec
483 2441 658 2492 regulis
678 2441 853 2480 nostris
874 2440 1087 2480 obstricti
1107 2445 1324 2491 spectant
1353 2439 1464 2479 dum
1490 2440 1667 2480 mensis
1689 2442 1781 2480 ela-

144 2513 299 2564 batur,
324 2513 406 2552 sed
426 2511 716 2564 frequentius
736 2511 867 2551 multi
888 2517 1085 2563 peccata
1098 2522 1182 2551 sua
1198 2510 1436 2562 detegunt,
1457 2517 1682 2563 tantoque
1705 2511 1779 2552 de-

197 2649 205 2668 ¹
248 2651 296 2676 ut.
314 2648 502 2675 POLANCUS.

195 2696 208 2716 2
247 2698 285 2722 ut
301 2696 341 2723 iis
357 2696 456 2722 detur
474 2696 698 2722 meritorum.
716 2694 764 2723 ld,

196 2743 210 2762 ⁵
248 2744 280 2770 si
295 2743 335 2770 R.
351 2743 386 2769 P.
404 2747 462 2770 tua
478 2743 610 2777 aliquos
624 2743 752 2770 fratres
768 2750 835 2769 non
850 2743 978 2771 mittat.
994 2743 1042 2770 Id.

197 2790 213 2809 ¹²
249 2791 286 2818 P.
306 2791 473 2818 Antonius
490 2790 688 2818 Soldevilla.
704 2790 791 2818 Vide
809 2790 1014 2824 Chronicon,
1029 2796 1052 2818 t.
1069 2798 1115 2825 ιν,
1131 2798 1209 2825 pag.
1225 2790 1271 2826 43,
1287 2798 1322 2817 n.
1339 2791 1385 2818 66.

200 2837 214 2858 ὅ
252 2839 450 2873 Alphonsus
463 2838 668 2872 Fernandez,
686 2839 808 2866 harum
820 2839 933 2866 littera
941 2847 1015 2866 rum
1027 2843 1158 2867 auctor.
1176 2839 1261 2866 Vide
1277 2839 1482 2873 Clzronicon,
1496 2840 1560 2868 loc.
1575 2840 1633 2867 cit.
1650 2847 1680 2867 n.
1696 2840 1782 2866 65.—

142 2886 380 2921 Caeterorum,
394 2890 535 2920 praeter
551 2887 697 2921 nomina,
711 2887 796 2914 nihil
810 2887 978 2915 novimus.
