2028 3328
822 169 900 205 AN.
933 168 1023 205 1555
1668 167 1739 206 593

104 281 190 320 que
212 270 255 307 in
278 268 496 308 cordibus
518 278 692 316 earum,
716 266 780 305 ita
801 271 850 304 ut
867 264 1026 304 libenti
1044 265 1200 304 animo
1218 264 1526 314 maximisque
1545 264 1728 314 gemiti-

107 341 190 380 bus
212 338 527 380 abominanda
555 344 599 378 et
624 338 885 377 inueterata
912 341 1130 386 peccata,
1163 346 1282 386 quae
1310 346 1421 385 prae
1450 334 1733 375 uerecundia

109 412 340 455 tacebant,
364 418 424 457 et,
448 409 573 461 quod
593 407 879 448 horrendum
900 412 970 446 est
990 406 1130 446 etiam
1152 404 1322 455 dicere,
1348 405 1414 445 sic
1438 405 1496 445 ad
1524 417 1733 445 mensam

110 481 296 521 Domini
319 480 620 529 accedebant,
645 477 931 530 reliquerint.

189 552 386 602 Quidam
411 558 660 601 uxoratus,
685 550 761 601 qui
782 560 863 600 per
893 555 1000 588 octo
1028 559 1178 587 annos
1206 555 1305 587 erat
1334 554 1583 599 separatus
1606 559 1631 586 a
1654 559 1735 587 sua

111 635 269 669 tixore,
295 634 352 662 ex
376 622 497 668 odiO,
522 621 643 673 quod
666 631 779 671 erga
800 620 950 671 ipsam
972 626 1253 670 conceperat
1275 618 1392 658 adeo
1415 618 1636 667 maxime),
1671 623 1735 667 ut,

110 706 165 733 ne
188 694 314 733 illam
336 692 614 743 offenderet,
639 693 903 732 nullatenus
933 690 1264 742 acquiescebat
1296 690 1426 729 adire
1454 691 1628 739 locum,
1663 689 1739 729 ubi

111 768 207 815 ipsa
229 764 492 813 habitabat,
518 764 644 803 venit
674 762 885 803 similiter
915 760 973 801 ad
995 772 1080 801 nos
1111 760 1412 801 confessurus
1443 766 1660 812 peccata,
1694 767 1738 800 et

111 844 288 875 tantam
317 835 494 886 recepit
517 847 542 874 a
564 834 766 874 Domino
801 833 1207 884 compunctionem
1236 831 1484 883 cordisque
1510 831 1735 881 dolorem,

110 915 157 947 ut
186 908 232 946 in
261 907 482 946 lacrimas
510 911 847 957 prorumperet,
871 903 971 944 Deo
999 904 1180 954 gratias
1202 914 1350 954 agens
1372 903 1481 955 quia
1503 914 1616 942 suae
1638 914 1737 942 coe·

111 979 264 1018 citatis
286 978 604 1028 cognitionem
627 977 867 1026 tribuerat3
900 975 1322 1026 reconciliatusque
1351 987 1457 1015 cum
1486 987 1632 1014 uxore
1662 974 1741 1014 ha-

112 1052 207 1089 buit
226 1049 566 1089 benedictionis
587 1047 804 1097 fructum,
829 1059 918 1099 quo
942 1053 1079 1086 antea
1100 1058 1183 1098 per
1212 1048 1382 1086 multos
1405 1058 1553 1086 annos
1583 1057 1743 1086 carue·

114 1129 199 1165 rat,
230 1128 273 1160 et
304 1120 466 1160 hilaris
494 1132 549 1159 ac
577 1119 623 1158 in
653 1118 854 1159 Domino
891 1119 1162 1158 consolatus
1197 1118 1325 1157 venit
1353 1117 1410 1157 ad
1442 1118 1737 1158 inuisendum

113 1194 235 1232 hunc
257 1191 457 1240 Patrem,
483 1190 763 1230 confidentia
785 1190 943 1230 habita
964 1190 1010 1229 in
1031 1201 1114 1229 suo
1132 1189 1242 1241 Jesu
1259 1188 1401 1229 filium
1419 1189 1519 1229 eius
1536 1189 1743 1229 futurum

114 1262 299 1302 Domini
322 1273 526 1310 seruum,
549 1260 927 1312 quandoquidem
951 1272 1003 1300 eo
1024 1267 1234 1312 tempore
1268 1260 1355 1300 sibi
1376 1271 1629 1300 concessus
1650 1259 1743 1300 fue-

116 1343 186 1374 rat
212 1333 398 1385 quando
422 1340 552 1372 tanta
575 1333 620 1372 in
643 1332 797 1372 anima
820 1333 966 1383 patris
986 1338 1206 1383 operatus
1228 1338 1297 1372 est
1319 1331 1561 1372 beneficia.

194 1405 315 1444 Inter
338 1416 433 1452 eos,
459 1404 536 1455 qui
558 1404 864 1454 insequuntur
885 1403 1073 1443 domum
1100 1403 1250 1454 regis,
1275 1410 1344 1443 est
1366 1403 1597 1454 quaedam
1619 1405 1743 1455 prin-

115 1475 277 1526 cipalis
298 1486 499 1526 persona
523 1474 639 1514 adeo
662 1463 932 1514 indifferens
960 1481 1005 1514 et
1027 1474 1074 1514 in
1103 1473 1191 1514 Dei
1220 1475 1458 1515 uoluntate
1486 1476 1741 1526 resignata,

116 1554 162 1586 ut
184 1547 378 1587 libenter
400 1546 604 1586 ostiatim
626 1545 938 1595 mendicaret,
963 1547 1003 1586 si
1030 1545 1153 1586 hanc
1185 1557 1286 1586 esse
1315 1545 1506 1586 Domini
1533 1548 1745 1587 uolunta-

115 1626 206 1658 tem
229 1618 544 1669 cognouisset,
570 1623 791 1668 optatque
812 1617 1210 1669 opportunitatem
1238 1623 1286 1658 ut
1314 1619 1464 1669 possit
1494 1609 1745 1659 humilibus

117 1695 159 1728 et
180 1689 349 1729 infimis
371 1688 663 1728 uestimentis
690 1688 834 1729 indui.

195 1761 299 1800 Alia
320 1759 367 1799 in
389 1760 596 1799 animum
617 1759 864 1800 induxerat
886 1760 1110 1800 offensam
1132 1772 1353 1812 magnam
1374 1761 1420 1801 in
1441 1761 1593 1802 Deum
1610 1773 1747 1802 suum

118 1831 423 1873 committere,
445 1843 503 1871 ex
525 1842 615 1882 qua
631 1831 746 1871 satis
764 1831 976 1871 scandali
990 1832 1219 1872 oriturum
1237 1832 1528 1883 credebatur,
1548 1845 1602 1873 eo
1621 1833 1747 1885 quod

116 1904 215 1953 ipsa
239 1909 339 1942 erat
361 1902 510 1941 bonae
531 1901 683 1941 famae
704 1908 748 1941 et
769 1902 983 1943 notabilis
1007 1914 1223 1954 persona,
1246 1915 1378 1955 quae,
1404 1903 1491 1944 Dei
1513 1903 1747 1944 adiutorio

117 1981 160 2013 et
181 1974 415 2013 mediante
445 1973 608 2013 eodem
638 1974 973 2023 instrumento,
999 1975 1170 2014 malum
1201 1975 1293 2014 iam
1321 1975 1368 2014 in
1398 1975 1553 2014 animo
1582 1986 1747 2015 conce-

118 2051 247 2095 ptum
268 2045 468 2096 reliquit.

200 2115 293 2156 Alii
314 2116 454 2155 etiam
477 2116 685 2156 eiusdem
706 2116 917 2156 similiter
939 2116 1098 2167 regiae
1120 2116 1299 2167 domus,
1324 2129 1409 2158 nec
1431 2118 1616 2158 infimae
1636 2120 1749 2159 clas-

120 2188 198 2231 sis,
223 2187 358 2236 vitia,
384 2198 502 2238 quae
523 2187 569 2226 in
591 2187 854 2227 huiusmodi
875 2188 991 2227 locis
1019 2189 1169 2228 solent
1190 2199 1292 2228 esse
1324 2189 1611 2239 communia,
1637 2196 1681 2229 et
1701 2190 1749 2230 in

122 2259 286 2309 quibus
308 2259 564 2309 permultos
586 2258 912 2298 detinebantur
933 2270 1096 2309 annos,
1124 2260 1344 2300 vitarunt.
1658 2247 1665 2253 ⁷

199 2330 249 2369 In
270 2329 643 2369 confessionibus
666 2329 907 2370 audiendis
928 2338 997 2370 est
1024 2336 1154 2370 tanta
1182 2331 1443 2382 frequentia
1475 2338 1519 2371 et
1550 2344 1743 2373 concur-

120 2412 213 2446 sus,
241 2407 291 2440 ut
312 2400 392 2440 uix
416 2399 630 2440 Patribus
652 2400 794 2451 quieti
814 2401 945 2441 locus
961 2402 1035 2441 uel
1058 2401 1274 2442 minimus
1290 2403 1509 2453 supersit,
1528 2404 1634 2443 licet
1656 2415 1750 2444 non

121 2471 272 2512 desint
293 2471 371 2522 qui
392 2478 488 2510 tam
508 2471 555 2510 in
577 2471 774 2522 publicis
794 2483 933 2523 quam
963 2473 1159 2524 priuatis
1187 2474 1488 2514 concionibus
1510 2474 1566 2514 de
1587 2481 1747 2515 nostro

122 2542 333 2582 instituto
356 2550 399 2581 et
421 2541 655 2582 Societate
678 2542 1071 2584 submurmurent.

200 2612 325 2652 Intra
360 2612 569 2663 uigiliam
598 2621 642 2652 et
669 2613 791 2653 diem
817 2613 1124 2655 Ascensionis
1150 2615 1200 2655 Β.
1232 2615 1408 2656 Mariae
1436 2617 1749 2657 communica-

119 2690 240 2734 runt,
264 2689 313 2723 ut
335 2683 446 2723 mihi
468 2683 525 2723 ab
544 2684 599 2723 iis
617 2685 695 2736 qui
710 2684 798 2725 hoc
815 2685 1026 2726 sciebant
1042 2686 1216 2727 dictum
1234 2687 1333 2736 fuit,
1353 2686 1557 2738 ducenti,
1577 2694 1622 2728 et
1639 2700 1749 2729 con-

120 2755 350 2794 sessiones
371 2755 515 2794 multo
537 2756 708 2806 plures.

199 2824 398 2866 Caetera
420 2826 645 2866 exercitia
667 2825 916 2868 Societatis
937 2835 1147 2878 nostrae,
1180 2838 1228 2870 ut
1258 2831 1451 2871 uisitare
1480 2831 1689 2872 infirmos
1711 2837 1755 2871 et

122 2897 169 2936 in
198 2896 466 2937 carceribus
494 2895 719 2947 detentos,
744 2905 788 2938 et
819 2899 924 2949 alia,
949 2907 1087 2951 prout
1117 2908 1299 2952 tempus
1327 2903 1554 2954 suppetit,
1578 2914 1671 2943 non
1693 2903 1756 2943 in-

123 2967 437 3009 termittimus:
461 2968 516 3008 de
536 2969 702 3020 quibus
724 2970 834 3022 quid
855 2971 902 3011 in
923 2972 1196 3023 particulari
1218 2974 1422 3014 scribam
1444 2975 1628 3025 ignoro.

267 3043 316 3080 T.
346 3055 404 3079 ιιι.
1498 3055 1541 3096 33
