2028 3328
857 93 941 129 AN.
974 92 1064 129 1:355
1703 91 1769 129 281

131 198 179 232 et
202 198 404 232 mentem
426 191 660 242 colligere,
684 201 824 242 quarn
844 189 990 229 ferme
1009 189 1101 228 iam
1117 187 1479 239 desponderant.
1504 187 1770 228 Restitutio-

132 275 219 303 nes
240 262 353 303 fiunt
374 274 467 302 non
488 273 655 314 parum
675 260 861 300 multae.
883 258 984 310 Qua
1006 259 1053 299 in
1073 270 1122 298 re
1144 257 1190 298 id
1213 270 1356 298 vnum
1378 258 1532 298 visum
1554 258 1638 298 fuit
1656 259 1771 298 rela-

136 340 185 374 tu
208 334 415 384 dignum,
440 332 564 384 quod
585 331 746 384 paucis
769 330 939 371 abhinc
964 329 1141 379 diebUS,
1166 327 1356 380 quidam
1377 339 1673 368 nummorum
1695 330 1771 369 tri-

130 404 264 455 ginta
287 404 429 444 millia
452 403 671 444 creditori
691 400 916 454 persoluit
937 400 1057 440 citra
1083 399 1474 449 controuersiam,
1501 411 1591 450 quo
1616 399 1770 440 debito

132 475 273 515 annis
299 475 496 526 amplius
523 475 684 514 decern
710 483 948 524 nunquam
977 483 1025 511 se
1054 470 1338 511 redemerat:
1368 482 1454 510 nec
1484 470 1772 511 absoluimus

137 546 370 586 hominem
392 546 539 586 donec
561 544 685 597 apud
706 542 986 585 creditorem
1008 541 1145 582 fidem
1161 553 1293 582 suam
1317 541 1547 582 liberauit.
1569 541 1611 582 Is
1632 541 1770 581 modo

134 629 229 656 vna
264 628 370 657 cum
403 616 585 656 duobus
616 615 774 656 liberis
805 613 946 665 (quod
974 614 1021 654 in
1057 613 1258 664 gloriam
1288 612 1377 653 Dei
1404 612 1556 663 cedat)
1589 612 1771 653 decimo

128 687 295 738 <quinto
314 699 496 739 quoque
513 687 585 727 die
603 686 662 727 ad
684 685 1028 726 confessionem
1045 683 1290 724 accedunt.
1316 683 1391 724 Ad
1413 684 1534 724 hanc
1552 689 1771 735 parentes

131 758 252 798 filios
273 757 598 807 adhortantur,
623 757 748 810 quod
769 768 876 797 curn
897 756 1020 796 bona
1040 755 1197 807 gratia
1219 755 1487 806 impetrant,
1511 762 1609 795 tum
1630 754 1771 795 etiam

132 828 214 869 filii
231 835 450 881 parentes
468 829 609 881 ipsos.
630 828 702 869 Ex
718 828 789 868 his
807 833 914 868 sunt
931 826 1154 877 nonnulli,
1181 826 1274 878 qui,
1295 832 1547 878 antequam
1565 826 1771 866 cubitum

134 906 257 951 eant,
278 907 328 941 vt
345 900 425 940 filii
442 900 639 952 genibus
655 899 789 940 flexis
806 905 914 939 ante
931 899 1104 938 lectum
1121 897 1323 938 orationi
1338 903 1526 948 vacent,
1550 897 1768 938 efficiunt.

131 971 387 1023 Coniugati
409 972 585 1023 aliquot
606 970 816 1011 nonnihil
837 969 1061 1021 temporis
1088 969 1358 1020 impertiunt
1386 968 1603 1009 orationi,
1628 968 1771 1009 Scho-

138 1042 292 1082 lastici
313 1042 474 1093 etiam,
504 1054 598 1082 vna
629 1053 736 1082 cum
763 1041 887 1091 aliis,
913 1051 1029 1092 quos
1056 1040 1104 1080 in
1131 1040 1308 1080 eisdem
1338 1039 1531 1081 aedibus
1559 1039 1772 1081 habitare

132 1112 387 1164 contingit,
424 1120 468 1153 et
504 1124 640 1153 mane
675 1119 720 1153 et
753 1111 940 1164 vesperi
976 1111 1187 1161 singulas
1222 1111 1364 1152 horas
1400 1110 1512 1151 dant
1547 1111 1766 1161 orationi,

132 1197 160 1225 e
182 1184 351 1237 quibus
372 1184 582 1224 nonnulli
602 1183 763 1235 flagris
797 1183 973 1235 aliquot
1007 1189 1077 1223 ter
1112 1194 1194 1234 per
1228 1182 1572 1223 hebdomadam
1601 1194 1774 1234 corpus

137 1256 390 1308 castigant,
414 1256 477 1295 ita
494 1262 651 1295 tamen
672 1261 722 1295 vt
743 1254 1002 1296 valetudini
1023 1254 1270 1295 consulant
1292 1260 1337 1294 et
1358 1254 1619 1294 studiorum
1645 1254 1768 1294 labo-

134 1328 266 1368 ribus
287 1327 467 1379 possint
488 1326 776 1367 satisfacere.
800 1326 979 1367 Rumor
1000 1327 1110 1366 item
1127 1325 1357 1366 increbuit
1372 1325 1581 1366 futurum
1598 1332 1647 1366 vt
1664 1338 1770 1366 con-

131 1399 364 1439 cubinarii
385 1411 476 1438 non
497 1404 593 1438 tam
614 1398 1014 1438 inueterascerent
1035 1397 1081 1437 in
1102 1396 1427 1438 sordidissimo
1449 1397 1580 1448 vitio,
1605 1398 1643 1438 si
1665 1409 1771 1449 poe-

130 1469 388 1510 nitentiarii
416 1469 655 1509 auditores
685 1469 764 1509 alii
792 1469 839 1509 in
860 1469 1128 1509 huiusmodi
1158 1469 1430 1509 resecandis
1458 1469 1585 1509 vitiis
1615 1468 1768 1509 Socie-

131 1541 243 1581 tatis
264 1552 478 1581 normam
498 1547 820 1592 sequerentur.
843 1540 949 1594 Jam
966 1540 1004 1580 si
1026 1540 1103 1592 qui
1124 1540 1399 1581 iuramentis
1421 1540 1596 1580 assueti
1632 1540 1772 1592 (quod

131 1612 298 1652 vitium
317 1618 444 1663 patet
467 1612 708 1662 latissime)
745 1612 937 1663 cupiunt
973 1611 1162 1652 abolere
1197 1618 1295 1652 tam
1324 1611 1638 1652 inueteratam
1665 1623 1769 1652 con-

131 1684 442 1731 suetudinem,
481 1689 530 1723 vt
565 1682 846 1724 Societatem
882 1683 1052 1723 adeant
1088 1682 1415 1734 admonentur,
1453 1682 1608 1735 fitque,
1641 1683 1770 1737 Jesu-

132 1755 295 1795 christi
316 1755 487 1806 gratia,
517 1762 566 1794 vt
590 1754 721 1794 breui
753 1761 1027 1794 assuescant
1049 1754 1159 1794 illud
1181 1755 1507 1805 euangelicum
1528 1754 1772 1795 addiscere

131 1826 179 1866 in
198 1826 414 1867 veritatis
437 1825 854 1866 confirmationem:
883 1825 987 1876 Est,
1019 1836 1127 1865 non.
1155 1825 1282 1876 Quos
1304 1838 1410 1866 curn
1446 1826 1523 1865 alii
1560 1826 1768 1875 audiunt,

131 1898 290 1939 statim
311 1897 427 1937 haec
449 1908 628 1937 secum:
653 1896 713 1937 Hi
733 1895 965 1937 Societate
986 1897 1124 1937 valde
1146 1897 1440 1937 familiariter
1469 1904 1675 1937 Vtuntur.

211 1968 327 2010 Illud
348 1969 489 2008 etiam
510 1979 602 2007 non
619 1968 1013 2019 praetereundum
1030 1975 1114 2019 est,
1135 1976 1335 2020 quantos
1357 1968 1534 2008 faciant
1553 1968 1599 2008 in
1617 1979 1770 2019 gram-

135 2040 307 2080 matica
343 2046 608 2092 quantoque
642 2039 845 2079 maiores
879 2050 1161 2091 progressus
1195 2040 1348 2091 pueri,
1388 2040 1465 2092 qui
1499 2039 1590 2079 huc
1621 2039 1773 2079 denuo

132 2111 472 2162 grammaticae
494 2110 758 2150 rudimenta
779 2110 981 2161 discunt,
1001 2122 1143 2162 quam
1159 2111 1237 2162 qui
1256 2111 1364 2151 alibi
1387 2110 1526 2162 (quod
1544 2111 1644 2150 sine
1663 2110 1771 2150 alio-

130 2193 236 2222 rum
257 2182 427 2222 iniuria
450 2181 626 2221 dictum
653 2181 726 2231 sit)
754 2181 914 2221 literas
942 2180 1312 2233 perdidicerunt;
1347 2188 1539 2221 curatur
1570 2181 1692 2221 enim
1722 2188 1773 2222 vt

131 2251 329 2293 fideliter
349 2252 653 2292 fundamenta
672 2251 922 2303 jaciantur,
946 2264 1036 2304 quo
1059 2252 1136 2292 fiet
1158 2259 1206 2292 vt
1228 2252 1361 2292 breui
1378 2253 1602 2304 temporis
1621 2252 1772 2303 spatio

134 2337 162 2363 a
179 2324 504 2375 grammaticis
521 2323 581 2363 ad
602 2322 864 2363 rhetoricos
886 2323 1245 2363 transferantur.

212 2394 289 2436 Ad
310 2393 596 2436 Societatem
617 2393 829 2445 aspirant
850 2394 995 2446 multi,
1021 2406 1136 2446 quos
1166 2406 1260 2434 non
1289 2394 1426 2434 unius
1463 2402 1541 2434 aut
1578 2394 1772 2434 alterius

133 2467 225 2507 diei
260 2466 427 2506 inuitat
461 2471 506 2505 et
527 2470 684 2505 mouet
702 2464 998 2516 desiderium,
1019 2464 1100 2505 sed
1112 2465 1249 2505 unius
1267 2465 1392 2515 anni,
1412 2465 1611 2505 duorum
1628 2464 1773 2505 etiarn

132 2544 177 2578 et
197 2537 352 2578 trium.
376 2536 559 2587 Viginti
579 2547 696 2587 pene
717 2541 797 2575 aut
817 2547 870 2576 eo
899 2536 1099 2587 amplius
1135 2536 1292 2576 exacti
1327 2541 1434 2576 sunt
1456 2535 1569 2585 dies,
1602 2536 1773 2588 quibus

131 2608 458 2649 adolescentes
497 2607 587 2647 duo
621 2607 772 2647 bonae
812 2607 983 2647 indolis
1023 2607 1214 2648 admissi
1254 2615 1381 2657 sunt,
1421 2619 1619 2659 quorum
1656 2608 1773 2647 alter

130 2679 396 2731 theologiae
417 2678 626 2718 nauabat
648 2689 840 2729 operam
861 2684 905 2718 et
926 2685 1228 2730 promouerat
1253 2690 1349 2718 non
1369 2690 1551 2730 parum,
1585 2679 1703 2718 alter
1725 2678 1773 2717 in

134 2750 297 2791 schola
314 2756 479 2790 nostra
500 2749 842 2800 grammaticae
860 2749 1172 2790 incumbebat.
1195 2749 1256 2789 Hi
1271 2749 1431 2790 statim
1448 2749 1646 2801 profecti
1665 2756 1772 2789 sunt

133 2819 511 2873 Hispalimjussu
531 2819 579 2860 P.
604 2820 842 2860 Doctoris.
866 2819 981 2861 Sunt
1003 2826 1047 2861 et
1070 2820 1148 2860 alii
1177 2822 1457 2872 complures,
1496 2820 1574 2872 qui
1611 2832 1705 2860 non
1727 2820 1774 2860 in

130 2898 399 2944 postremae
421 2891 658 2932 felicitatis
679 2892 782 2931 loco
806 2890 1029 2931 ducerent
1066 2891 1103 2931 si
1138 2891 1292 2932 aditus
1315 2898 1513 2943 pateret.
1545 2891 1668 2932 Inter
1689 2891 1774 2931 hos
