2028 3328
196 152 267 189 456
714 153 941 192 LITTERAE
958 167 1314 200 QUADRIMESTRES

199 249 451 301 uiuentem,
485 257 714 300 sanctam,
745 258 991 303 acceptam
1018 253 1133 302 Deo,
1168 252 1447 292 rationalem
1476 252 1649 291 cultum
1680 263 1828 301 suum3

200 331 349 371 neque
367 332 417 361 se
430 323 788 362 accommodant
806 322 863 363 ad
881 323 1018 363 huius
1035 322 1193 363 mundi
1209 322 1423 373 figuram,
1439 333 1556 372 quae
1574 322 1666 361 cito
1684 328 1831 361 trans-

202 390 249 430 it:
282 403 447 433 verum
475 393 681 444 quotidie
709 394 911 445 probant
938 405 1056 445 quae
1085 393 1144 432 sit
1170 393 1390 432 voluntas
1419 392 1507 432 Dei
1535 393 1672 443 bona,
1704 404 1832 433 acce-

201 470 297 515 pta,
321 463 542 515 perfecta,
567 475 761 516 eamque
783 476 965 516 semper
983 463 1206 516 perficere
1224 471 1467 504 conantur.
1482 464 1584 503 Hac
1601 464 1743 515 igitur
1765 475 1833 503 ra-

202 535 328 574 tione
359 547 451 575 non
479 535 616 575 modo
646 536 732 575 sibi
760 536 1021 585 consulunt,
1053 535 1134 574 sed
1164 540 1207 574 et
1230 535 1458 585 omnibus,
1489 535 1567 586 qui
1595 546 1700 574 cum
1720 535 1834 585 ipsis

203 605 375 645 habent
398 606 794 656 consuetudinem,
820 612 926 645 sunt
950 605 1222 656 disciplinae
1251 612 1293 645 et
1322 607 1532 657 exemplo
1555 612 1599 645 et
1621 617 1836 645 sermone

204 683 248 716 et
267 676 421 727 factis,
446 678 571 717 cultu
594 677 761 717 docent
782 677 1050 716 luxuriosas
1071 679 1226 716 uestes
1247 677 1541 727 reiiciendas,
1561 688 1673 728 opes
1693 677 1835 727 negli-

203 747 398 798 gendas,
429 747 664 788 Christum
693 747 959 787 amandum.
990 747 1225 787 Exercent
1252 754 1498 799 praeterea
1521 748 1702 787 animos
1727 759 1836 787 suos

204 818 471 870 virtutibus,
495 821 713 858 excolunt
734 818 922 869 ingenia
943 817 1104 868 literis,
1135 824 1185 858 ut
1215 830 1294 858 eas
1328 818 1387 858 ad
1415 829 1708 858 communem
1732 818 1834 858 affe-

204 896 310 929 rant
331 890 592 930 utilitatem.
622 889 682 929 Hi
704 889 825 929 enim
853 888 1111 939 disciplinis
1141 889 1373 940 humanis,
1407 895 1505 929 tum
1532 889 1718 940 graecis
1741 896 1837 929 tum

205 960 376 1011 latinis,
400 966 588 1011 vacant,
609 971 780 1011 easque
802 960 861 999 ad
878 958 1136 1010 juuentutis
1167 966 1345 1000 rectam
1375 960 1714 1001 institutionem
1735 972 1837 1011 pro-

206 1031 373 1071 ferunt.
398 1031 466 1071 Illi
487 1031 636 1071 sacris
657 1031 803 1071 literis
824 1031 1096 1071 incumbunt
1118 1037 1167 1071 ut
1189 1031 1428 1072 obtineant
1442 1043 1562 1082 eum,
1578 1032 1655 1082 qui
1675 1043 1835 1071 secun-

208 1102 315 1142 dum
345 1102 605 1142 doctrinam
626 1107 710 1152 est,
734 1101 916 1141 fidelem
938 1113 1216 1152 sermonem,
1245 1108 1296 1142 ut
1325 1103 1505 1154 possint
1531 1102 1771 1142 exhortari
1793 1103 1840 1142 in

208 1173 422 1213 doctrina
444 1185 558 1213 sana
581 1180 624 1213 et
647 1173 1024 1213 contradicentes
1044 1174 1304 1213 reuincere.

285 1244 496 1296 Fratres,
528 1245 695 1296 quibus
722 1245 1037 1285 instituendae
1068 1245 1324 1285 iuuentutis
1354 1257 1468 1285 cura
1505 1244 1720 1296 delegata
1752 1250 1836 1295 est,

208 1316 331 1356 omni
355 1328 440 1367 ope
460 1316 684 1366 nituntur,
708 1322 758 1355 ut
779 1316 907 1355 illam
928 1322 1026 1356 tum
1049 1328 1075 1356 a
1096 1316 1284 1356 libidine
1307 1316 1383 1367 (ad
1404 1328 1543 1368 quam
1564 1315 1683 1356 haec
1706 1322 1837 1356 aetas

206 1388 501 1438 potissimum
533 1393 603 1427 est
631 1387 880 1438 propensa)
911 1394 1150 1438 reuocent,
1185 1387 1243 1428 ad
1273 1388 1547 1440 pudicitiam
1576 1393 1763 1437 vocent,
1792 1387 1840 1426 in

206 1465 394 1510 pectore
416 1458 504 1499 Dei
525 1459 741 1498 timorem
760 1459 1043 1510 insculpant,
1065 1459 1177 1512 Jesv
1205 1471 1414 1499 amorem
1445 1459 1718 1508 inscribant,
1742 1464 1839 1498 tum

208 1530 350 1569 castis
372 1529 604 1569 instruant
634 1529 795 1580 literis,
819 1536 917 1569 tum
938 1541 1051 1570 uero
1076 1530 1135 1570 ad
1156 1536 1379 1581 veterem,
1412 1536 1839 1581 quantumcumque

207 1606 416 1652 possunt,
442 1600 737 1652 disciplinam
766 1606 810 1640 et
841 1601 1125 1641 christianos
1157 1612 1312 1641 mores
1343 1601 1607 1641 informent.
1639 1600 1840 1641 Proinde

208 1672 560 1722 diligentissime
582 1684 637 1711 ac
659 1672 1019 1722 vigilantissime
1040 1672 1229 1712 lectioni
1249 1672 1450 1722 student,
1472 1673 1614 1712 libros
1632 1679 1676 1712 et
1693 1672 1839 1712 maxi-

208 1754 279 1782 me
302 1748 471 1793 castos‚
496 1748 539 1782 et
561 1742 619 1782 ad
639 1742 824 1783 illorum
846 1749 1048 1783 aetatem
1069 1750 1113 1783 et
1131 1743 1439 1784 eruditionem
1458 1743 1841 1784 accommodatos

207 1825 262 1854 ac
284 1820 435 1865 aptos,
459 1814 709 1865 exquirunt
732 1820 776 1854 et
798 1815 1092 1866 praelegunt,
1118 1815 1196 1866 qui
1218 1822 1261 1855 et
1289 1815 1349 1855 ad
1369 1815 1558 1866 linguae
1581 1816 1771 1865 cultum,
1796 1822 1840 1855 et

208 1885 267 1925 ad
287 1886 413 1925 vitae
435 1885 719 1925 christianae
753 1885 960 1925 rationes
989 1886 1276 1936 formandas,
1307 1887 1478 1926 ualent.
1511 1886 1613 1937 Quo
1644 1886 1841 1926 consilio

207 1956 478 1996 moderator
510 1957 711 2007 collegii,
742 1956 882 1997 Pater
910 1956 1195 1997 Franciscus
1224 1957 1446 2008 Palmius‚
1471 1957 1685 1997 omnibus
1713 1957 1842 1998 feriis

209 2039 233 2066 a
270 2027 467 2079 prandio
502 2027 649 2067 uoluit
682 2027 892 2079 praelegi
921 2028 1165 2079 discipulis
1192 2029 1564 2080 prouectioribus
1594 2034 1841 2068 testamen-

209 2105 306 2138 tum
339 2110 515 2138 nouum
548 2107 798 2150 graecum;
842 2099 1108 2139 rudioribus
1143 2111 1257 2139 Vero
1292 2101 1489 2140 alterum
1526 2099 1731 2139 libellum
1766 2100 1842 2140 ad-

209 2169 396 2209 modum
413 2170 556 2221 pium,
575 2169 621 2209 id
639 2176 721 2220 est,
743 2169 941 2209 disticha
958 2169 1201 2210 Michaelis
1218 2170 1409 2210 Verrini
1429 2170 1454 2220 ¹,
1478 2177 1528 2211 ut
1549 2171 1638 2210 hac
1659 2182 1843 2222 quoque

210 2241 288 2280 via
309 2241 527 2280 iuuentus
547 2239 732 2280 facilius
753 2253 780 2280 a
801 2240 930 2280 vitiis
951 2246 1200 2281 reuocetur
1223 2247 1267 2281 et
1290 2241 1447 2282 acrius
1470 2241 1529 2281 ad
1553 2241 1737 2282 honesti
1753 2247 1845 2282 stu-

212 2312 336 2351 dium
358 2311 687 2351 inflammetur.
713 2311 842 2362 Quas
864 2318 990 2351 certe
1011 2312 1235 2351 lectiones
1257 2323 1437 2352 summa
1456 2312 1697 2363 diligentia
1714 2324 1843 2364 prae-

223 2388 436 2433 ceptores
457 2388 820 2434 persequuntur,
846 2387 890 2422 et
910 2382 1000 2422 hoc
1018 2383 1263 2423 consilium
1283 2384 1416 2424 multi
1438 2384 1528 2424 viri
1555 2384 1678 2434 boni,
1703 2390 1748 2424 et
1767 2395 1847 2436 po-

213 2452 444 2492 tissimum
466 2459 700 2504 parentes,
720 2453 1149 2493 salutisliberorum
1169 2454 1341 2505 cupidi,
1359 2454 1497 2494 valde
1515 2455 1846 2495 commendant

213 2523 500 2574 mirificeque
521 2524 737 2575 probant.
762 2523 917 2575 Quum
938 2524 1306 2576 interpretantur
1328 2525 1530 2577 aliquem
1552 2525 1845 2576 antiquitatis

218 2594 484 2645 authorem,
509 2600 554 2633 et
573 2595 704 2634 locus
726 2594 903 2645 incidit,
927 2595 1006 2647 qui
1039 2595 1258 2636 conducit
1280 2595 1339 2635 ad
1367 2607 1619 2647 puerorum
1647 2596 1846 2648 discipli-

216 2676 339 2713 nam,
364 2664 572 2715 pleniore
594 2665 855 2716 explicatur
877 2678 971 2716 ore,
997 2677 1223 2718 acresque
1240 2667 1414 2706 stimuli
1431 2667 1664 2707 adduntur
1681 2667 1740 2707 ad
1756 2667 1849 2708 vir—

217 2740 377 2774 tutem.
403 2734 621 2785 “Habete,
645 2735 876 2787 inquiunt,
895 2736 1033 2777 fidem
1053 2737 1265 2788 gentium
1281 2738 1501 2789 tenebris,
1526 2738 1565 2779 si
1580 2738 1672 2778 luci
1695 2739 1847 2778 Evan-

275 2914 282 2934 ¹
323 2914 475 2942 Verbum
505 2915 646 2942 Verrinz'
669 2916 799 2944 addidit
823 2918 893 2945 alia
921 2925 1041 2946 manus
1065 2919 1157 2946 intra
1181 2919 1290 2947 lineas
1312 2927 1333 2947 a
1358 2920 1514 2955 Scipione
1538 2921 1697 2956 scriptas.
1730 2920 1850 2949 Eritne

219 2969 332 2989 sermo
348 2962 387 2988 de
404 2961 543 2989 Catonis
561 2962 733 2990 Distz·cl.⁷.z·s
747 2965 790 2991 ab
807 2965 918 2999 aliquo
935 2965 1073 2993 Verrini
1088 2966 1287 2994 illustratis?
1302 2968 1390 2996 Vide
1403 2975 1517 3003 supra,
1530 2975 1608 3002 pag.
1623 2968 1683 3000 1611,
1696 2971 1810 2996 annot.
1821 2968 1850 2995 6.
