2028 3328
865 104 948 141 AN.
982 105 1071 141 1555
1712 106 1784 145 639

229 201 471 251 Vigesimo
495 208 663 242 octauo
686 200 892 241 eiusdem
915 194 1086 240 mensis
1109 201 1153 240 in
1176 201 1345 251 oppido
1368 200 1532 242 Sor-iac
1559 201 1566 221 ¹
1586 234 1594 253 ‚
1618 204 1694 243 vbi
1718 205 1777 243 fe-

147 272 247 312 riae
268 271 440 324 Juliani
463 273 686 324 martyris
709 271 1080 319 celebrabantur,
1112 284 1138 311 a
1160 271 1362 311 Curione
1394 272 1639 323 inuitatus,
1674 286 1778 315 con-

150 343 331 383 cionem
360 344 515 384 habui.
545 343 684 383 Festo
720 342 1040 383 decollationis
1069 341 1125 381 D.
1159 341 1353 393 Joannis
1388 342 1642 394 Baptistae,
1676 354 1782 397 post

149 413 410 465 prandium,
441 414 487 454 in
522 426 703 454 summo
737 414 909 464 templo
937 413 1120 453 Biliomi
1148 413 1280 452 verbi
1310 413 1569 454 ministerio
1598 415 1784 456 functus

147 496 266 524 sum.
290 485 361 525 Ex
383 485 569 536 oppido,
596 485 711 525 Pont
733 485 789 525 de
810 484 1047 525 Chasteau
1071 486 1326 536 appellato,
1352 497 1515 536 preces
1538 486 1598 526 ad
1618 498 1691 527 me
1711 488 1782 528 de·

147 555 347 595 stinatae
370 563 412 595 et
435 568 493 596 ex
518 556 675 597 Monte
695 555 892 605 Morino,
917 555 1083 607 quibus
1104 555 1358 606 suffragari
1386 556 1637 607 impeditus
1673 570 1782 598 non-

148 625 255 666 dum
277 633 455 677 potero.
480 626 754 667 Praefectus
774 627 884 678 pagi
906 626 1052 666 Rauel
1073 625 1086 644 ²
1109 627 1326 677 precibus
1349 638 1422 666 me
1444 627 1503 667 ad
1524 639 1575 667 se
1597 628 1778 669 inuitat.

146 696 242 737 Nec
270 697 522 738 admodum
553 698 693 738 refert
724 698 798 738 hic
827 708 1196 737 commemorare
1225 704 1399 749 quanto
1431 698 1609 739 honore
1646 706 1785 752 atque

148 768 386 819 obsequio,
411 769 541 820 equis
562 769 796 821 sociisque
817 769 986 816 missis,
1012 769 1070 808 ab
1098 769 1403 809 inuitantibus
1427 770 1650 821 excipiar,
1677 783 1785 811 nam

148 839 400 890 patientiae
422 841 607 880 occasio
631 840 828 880 forsitan
849 851 922 879 me
943 840 1095 890 magis
1117 839 1394 889 delectaret,
1418 852 1560 892 quam
1580 853 1781 882 commo-

148 910 345 951 ditatum
368 912 668 962 vniuersitas;
692 911 875 963 gaudeo
897 917 1053 950 tamen
1080 911 1238 962 populi
1268 910 1488 952 affectum
1518 924 1624 952 cum
1655 914 1784 953 lucro

148 982 422 1033 euangelico
436 994 620 1034 semper
634 994 920 1023 accrescere.
940 981 1076 1022 Certe
1090 982 1370 1033 obstupesco
1389 983 1487 1034 ipse
1502 990 1545 1023 et
1558 984 1784 1024 erubesco

150 1064 294 1104 prope
318 1059 385 1093 tot
406 1054 664 1093 honoribus
685 1053 919 1105 tantisque
940 1053 1189 1104 obsequiis.

229 1123 446 1164 Calendis
469 1123 757 1176 Septembris
779 1136 915 1164 mane
936 1123 1121 1164 Biliomi
1144 1124 1189 1163 in
1211 1134 1394 1164 summo
1412 1125 1585 1176 templo
1603 1126 1783 1166 concio-

149 1200 286 1235 natus
309 1207 425 1245 sum,
451 1207 601 1247 eoque
619 1196 691 1235 die
709 1196 783 1235 hic
801 1195 987 1235 habitae
1005 1202 1112 1235 sunt
1129 1194 1470 1245 disputationes
1489 1196 1717 1247 publicae,
1737 1197 1784 1237 in

150 1266 317 1316 quibus
338 1268 518 1318 primus
534 1267 648 1306 mihi
667 1268 796 1306 locus
815 1267 1098 1316 assignatus.
1120 1265 1277 1317 Atqui,
1299 1278 1481 1306 summo
1500 1267 1785 1309 moderatori

150 1337 338 1377 scholae
361 1337 725 1377 Clarmontanae
745 1337 922 1377 honore
943 1349 1049 1377 cum
1071 1337 1197 1377 omni
1218 1337 1443 1378 instantia
1466 1338 1636 1390 delato,
1660 1346 1705 1380 et
1727 1341 1785 1380 ab

149 1408 248 1458 ipso
265 1409 455 1448 tandem
472 1417 705 1460 suscepto,
727 1408 981 1449 secundum
998 1409 1153 1448 locum
1168 1410 1244 1448 vel
1262 1408 1436 1448 inuitus
1455 1410 1647 1450 sortitus
1664 1422 1782 1461 sum,

150 1479 286 1530 idque
307 1492 399 1520 non
420 1480 519 1520 sine
544 1481 706 1520 fauore
727 1479 1008 1520 auditorum.
1031 1479 1206 1519 Eodem
1229 1479 1302 1519 die
1325 1479 1508 1532 Ryomo
1531 1493 1557 1520 a
1585 1480 1785 1533 Praepo-

146 1551 235 1590 sito
256 1549 314 1591 D.
339 1551 552 1602 Virginis
574 1552 738 1592 literae
761 1551 818 1591 ad
839 1562 912 1591 me
933 1551 1104 1591 missae
1125 1557 1246 1600 sunt,
1271 1552 1440 1602 quibus
1469 1565 1527 1592 ex
1549 1554 1785 1594 communi

146 1621 371 1673 suffragio
394 1629 437 1662 et
459 1630 571 1662 voto
595 1622 931 1662 canonicorum
952 1622 999 1662 in
1018 1622 1160 1662 ferias
1177 1621 1450 1680 Natiuitatis
1465 1623 1707 1664 Marianae
1724 1624 1784 1665 ad

146 1693 402 1733 solemnem
422 1694 550 1733 illum
573 1705 840 1734 sermonem
860 1705 933 1734 me
954 1693 1137 1744 inuitat,
1157 1695 1394 1744 repulsam
1412 1705 1525 1745 prae
1543 1707 1615 1735 me
1632 1696 1784 1747 passis

146 1764 440 1814 grauissimis
457 1765 588 1815 Viris,
609 1764 771 1805 Priore
786 1764 1205 1805 Dominicanorum
1228 1764 1668 1816 Clarmontensium,
1693 1767 1782 1807 Do-

150 1843 279 1875 ctore
299 1835 534 1887 theologo,
554 1835 717 1876 Priore
734 1835 1093 1876 Carmelitarum
1111 1835 1316 1876 eiusdem
1337 1837 1488 1883 Vrbis,
1509 1836 1668 1877 Priore
1690 1837 1783 1878 Au*

148 1906 491 1956 gustinensium
512 1907 670 1958 oppidi
692 1905 909 1958 Saignat‚
933 1907 1037 1947 viro
1067 1907 1471 1958 eloquentissimo,
1504 1920 1558 1947 ac
1587 1907 1784 1960 denique

148 1976 390 2017 Gardiano
413 1977 673 2029 Ryomensi
693 1977 941 2028 Minoi-um,
960 1978 1039 2030 qui
1055 1979 1228 2029 singuli
1245 1979 1366 2018 hanc
1385 1979 1664 2019 concionem
1679 1992 1780 2031 per-

145 2059 286 2099 quam
323 2049 554 2089 celebrem
589 2049 880 2100 expetierant
900 2060 908 2099 ;
950 2058 996 2089 at
1040 2061 1318 2101 responsum
1353 2056 1422 2089 est
1465 2050 1606 2090 alium
1649 2063 1782 2102 expe-

145 2120 279 2169 ctari,
309 2131 596 2172 quamquam
622 2120 828 2161 nondum
856 2120 915 2160 ad
942 2132 1014 2161 me
1043 2121 1311 2172 scripsisset
1341 2121 1586 2172 quispiam.
1623 2121 1784 2174 Itaque

145 2188 289 2230 literis
311 2190 670 2241 suffragatoriis,
691 2191 885 2243 ignarus
901 2192 1118 2243 repulsae
1139 2198 1378 2231 tantorum
1398 2192 1625 2242 virorum,
1645 2192 1782 2233 fidem

144 2260 386 2302 habendae
403 2262 647 2302 concionis
665 2262 783 2302 dedi.
802 2261 1017 2303 Secundo
1034 2262 1226 2302 huiusce
1246 2262 1421 2302 mensis
1440 2262 1534 2302 iam
1553 2264 1691 2303 tertio
1704 2276 1782 2305 vo-

146 2339 280 2372 catus
302 2344 405 2373 sum
426 2332 721 2383 Ambertum,
745 2344 864 2385 equo
881 2333 1113 2384 sociisque
1131 2333 1316 2372 oblatis.
1337 2332 1511 2373 Abbati
1528 2340 1572 2373 et
1590 2333 1783 2375 Curioni

146 2403 477 2455 obtemperabo
499 2404 702 2444 fortasse
721 2403 850 2444 feriis
870 2403 927 2444 D.
949 2403 1148 2444 Cosmae
1166 2410 1210 2443 et
1228 2403 1450 2443 Damiani
1468 2403 1718 2446 admodum
1735 2406 1783 2447 in

144 2486 200 2514 ea
221 2475 352 2525 vrbe,
375 2481 555 2526 septem
578 2474 852 2515 milliaribus
875 2486 901 2515 a
921 2474 1054 2514 nobis
1075 2474 1241 2515 dissita
1260 2506 1267 2524 ,
1291 2474 1591 2515 solemnibus.

222 2545 398 2586 Eodem
416 2545 489 2586 die
506 2558 532 2585 a
551 2545 751 2586 Consule
767 2545 962 2586 Vicensi
978 2544 1007 2596 ³,
1027 2556 1085 2585 ex
1102 2545 1275 2585 ciuium
1290 2545 1641 2596 potissimorum
1659 2558 1781 2588 com-

141 2616 376 2667 missione,
401 2623 595 2668 rogatus
616 2627 734 2667 sum;
758 2616 831 2656 his
853 2616 1026 2668 parebo
1056 2616 1208 2667 prima
1230 2616 1494 2667 occasione;
1518 2617 1650 2658 locus
1671 2617 1781 2658 hinc

195 2776 206 2797 ¹
246 2776 312 2810 Sie;
338 2776 510 2804 Sauriacf'
532 2776 577 2803 At
600 2777 633 2804 in
655 2776 782 2803 vicinia
803 2776 897 2803 urbis
922 2775 1043 2803 Billom
1069 2776 1197 2803 nullum
1219 2776 1408 2810 reperimus
1432 2775 1532 2810 huJus
1557 2778 1702 2805 nominis
1725 2785 1781 2812 op-

141 2824 268 2859 pidum.

197 2872 210 2892 ‘2
248 2872 614 2906 Ravei-Salmerange.

196 2919 211 2939 ⁵
248 2919 370 2955 Oppidi
392 2920 499 2948 Vic-le
515 2918 650 2946 comte?
