2028 3328
844 117 877 153 A
889 128 928 153 Ν.
965 116 1057 154 1554
1724 110 1772 155 00

133 217 183 258 Ρ.
226 216 536 257 Prouincialis
574 221 733 255 noster
772 214 897 264 Mag.
934 205 1054 253 Miro
1085 215 1312 264 peruenit.
1352 213 1440 264 Qui
1478 226 1562 254 suo
1597 215 1771 254 fratres

134 299 297 328 omnes
327 288 532 328 aduentu
565 296 737 336 magna
777 284 824 324 in
858 283 1062 324 Domino
1097 285 1420 324 consolatione
1455 284 1629 335 affecit,
1671 292 1769 326 tum

133 359 357 410 priuatim
378 358 604 409 singulos,
628 362 726 396 tum
747 367 909 396 omnes
930 355 1066 395 simul
1088 355 1347 407 alloquenS,
1368 362 1412 395 et
1434 367 1526 395 uno
1545 362 1683 408 atque
1704 369 1769 397 xx

135 430 298 470 diebus
325 430 464 481 (quos
492 428 614 480 apud
633 439 719 468 nos
740 433 1057 467 commoratus
1079 426 1185 477 est),
1209 427 1413 478 quotidie
1434 426 1531 467 fere
1553 427 1608 467 de
1631 428 1770 468 rebus

134 501 422 552 spiritalibus
447 501 507 541 ad
533 500 717 547 fratres,
745 509 919 549 magna
941 510 1048 538 cum
1069 498 1278 549 ipsorum
1299 499 1619 539 consolatione
1646 511 1701 539 ac
1723 500 1770 539 in

134 571 338 612 Domino
360 572 699 621 aedificatione,
721 570 1000 610 familiarem
1018 581 1281 610 sermonem
1299 570 1492 610 habens.
1512 570 1637 610 Intra
1659 582 1768 622 quo-

133 654 236 683 rum
259 643 400 683 etiam
426 643 607 683 dierum
625 648 721 682 tarn
754 641 897 682 breue
919 641 1123 692 spatium
1157 641 1259 691 illa,
1284 641 1331 681 in
1352 641 1519 692 quibus
1543 641 1669 681 dubii
1691 642 1771 681 ali-

133 714 245 765 quid
271 714 423 754 inesse
449 714 711 764 videbatur,
749 712 808 753 ad
835 712 1130 763 singulorum
1170 712 1428 752 ministeria
1464 712 1509 752 in
1545 712 1771 764 maj0rem

135 785 298 825 Diuini
322 784 535 826 Nominis
561 785 761 836 gloriam
781 782 1070 835 exequenda,
1099 783 1271 823 Diuino
1300 782 1458 824 fautus
1480 783 1670 834 auxilio,
1694 796 1772 824 ex—

134 856 325 908 pediuit.
360 855 515 908 Atque
535 857 599 897 ita
633 862 789 896 actum
818 861 887 895 est
924 861 991 906 vt,
1025 854 1151 895 omni
1180 854 1502 906 ambiguitatis
1533 855 1772 895 anxietate

134 934 337 978 remota,
371 939 553 968 summa
581 938 764 979 semper
788 938 894 967 cum
915 926 1057 966 animi
1091 937 1229 978 pace,
1262 932 1357 966 tarn
1389 926 1609 966 literariis
1630 938 1770 978 quam

135 999 422 1050 spiritalibus
458 999 695 1040 exercitiis
715 1004 760 1039 et
787 997 1064 1039 vacauerint
1099 1004 1144 1038 et
1179 1003 1351 1038 vacent
1377 997 1562 1038 fratres
1593 998 1773 1038 Diebus

136 1071 325 1111 veneris
346 1070 395 1111 P.
420 1070 515 1111 Leo
537 1076 634 1111 tam
655 1070 714 1111 ad
733 1081 834 1120 nos,
854 1069 932 1121 qui
953 1069 1001 1109 in
1023 1069 1249 1120 Collegio,
1287 1081 1428 1121 quam
1450 1069 1510 1110 ad
1539 1069 1666 1120 illos,
1693 1070 1772 1121 qui

135 1142 183 1182 in
204 1141 342 1182 domo
363 1142 654 1193 probationis
674 1147 938 1192 versantur,
964 1141 1271 1181 domesticam
1293 1153 1348 1181 ac
1370 1141 1650 1181 familiarem
1665 1152 1774 1181 con-

136 1214 317 1254 cionem
352 1214 505 1255 habet„
544 1214 700 1254 Aliam
734 1213 845 1254 item
865 1212 1093 1263 ejusmodi
1114 1213 1232 1253 alius
1258 1212 1398 1253 Pater
1426 1212 1626 1263 singulis
1647 1223 1773 1252 men-

136 1285 265 1325 sibus
286 1285 342 1325 de
370 1285 647 1325 obedientia.

216 1356 394 1396 Diebus
415 1367 528 1396 uero
548 1355 729 1396 festiuis
750 1368 776 1396 a
799 1367 960 1404 coena,
985 1355 1153 1406 quietis
1171 1354 1268 1406 jam
1289 1361 1482 1407 peracta
1504 1355 1637 1404 hora,
1662 1360 1773 1395 tem-

135 1438 222 1479 pus
257 1427 445 1479 aliquod
480 1427 806 1467 collationibus
839 1427 1126 1479 spiritalibus
1157 1426 1483 1478 impendimus.
1522 1426 1680 1479 Atque
1700 1427 1775 1467 his

136 1498 323 1550 quidem
354 1498 617 1538 deuotionis
643 1503 833 1539 nostrae
867 1497 1163 1538 adminiculis
1190 1498 1386 1549 vtimur,
1424 1497 1478 1538 R.
1516 1498 1563 1538 in
1584 1498 1775 1539 Christo

136 1569 240 1618 P.¹‘,
264 1575 451 1620 praeter
474 1569 660 1609 solitum
681 1569 908 1609 orationis
928 1574 1113 1620 tempus
1135 1575 1179 1609 et
1201 1569 1468 1619 conciones,
1494 1581 1614 1621 quae
1636 1570 1683 1610 in
1705 1582 1773 1610 re—

134 1640 328 1681 fectorio
347 1640 592 1690 habentur,
613 1651 668 1680 ac
681 1640 787 1690 alia,
807 1651 927 1692 quae
944 1652 1003 1680 ex
1019 1640 1316 1691 superiorum
1331 1646 1429 1681 tum
1445 1641 1771 1692 permissione.

135 1718 234 1752 tum
256 1712 468 1761 consilio,
493 1717 655 1751 sancte
676 1711 844 1762 pieque
864 1711 1037 1751 fratres
1058 1717 1296 1751 exercent.

213 1782 286 1823 P.r
307 1783 542 1834 Georgius
563 1781 811 1831 Serranus,
834 1794 1059 1834 percursa
1081 1783 1175 1823 iam
1196 1783 1323 1823 circa
1339 1783 1450 1836 Julii
1467 1783 1606 1825 finem
1624 1784 1773 1825 Trini-

133 1855 244 1895 tatis
265 1854 478 1905 materia,
498 1854 843 1894 Incarnationis
859 1854 1137 1906 mysterium
1151 1853 1213 1894 3.0
1237 1853 1341 1895 Kal.
1359 1854 1563 1906 Augusti
1580 1867 1774 1907 aggres-

133 1937 214 1967 sus
234 1932 318 1966 est.
356 1925 442 1966 Cui
474 1925 663 1965 lectioni
703 1930 752 1965 ut
794 1936 1051 1976 prosperus
1086 1937 1335 1966 successus
1380 1926 1775 1968 clementissimus

133 1997 363 2038 Dominus
385 1997 534 2047 daret,
553 1996 631 2048 qui
653 1996 797 2048 ipsius
817 2002 951 2037 erant
969 1996 1200 2048 discipuli,
1220 1996 1398 2047 Patres,
1418 1997 1465 2037 in
1482 1997 1580 2049 ejus
1602 2004 1774 2050 myste-

132 2068 189 2108 rii
223 2067 720 2109 commemorationem
750 2078 937 2108 sacrum
972 2067 1147 2118 fecere;
1184 2067 1355 2108 fratres
1385 2079 1520 2119 uero,
1562 2067 1773 2120 ersdem

128 2139 363 2191 discipuli,
386 2139 639 2179 Dominum
661 2138 832 2189 singuli
853 2150 908 2179 ea
929 2137 985 2179 de
1019 2150 1070 2179 re
1092 2139 1417 2189 obsecrantes,
1445 2139 1674 2192 nouisque
1696 2152 1773 2181 ac-

131 2211 261 2251 censi
276 2209 520 2251 desideriis
537 2209 596 2249 ad
612 2209 672 2259 id,
688 2209 810 2261 quod
822 2208 1054 2250 Dominus
1065 2209 1231 2261 largiri
1246 2210 1536 2262 dignaretur,
1553 2218 1772 2263 prompto

132 2282 289 2322 animo
311 2281 683 2333 suscipiendum,
708 2280 871 2321 iisdem
891 2281 1046 2321 missis
1074 2280 1401 2322 interfuerunt.
1433 2282 1592 2334 Neque
1621 2283 1772 2324 solum

130 2354 177 2394 in
199 2353 288 2394 hac
322 2353 537 2402 lectione,
574 2362 739 2392 verum
773 2357 818 2391 et
846 2352 950 2392 aliis
985 2352 1200 2393 omnibus
1231 2353 1619 2394 constitutionum
1654 2354 1772 2395 ordo

125 2435 315 2476 semper
337 2430 571 2465 seruatur.

209 2495 401 2536 Praeter
423 2506 617 2535 casuum
638 2505 750 2534 uero
785 2494 1100 2535 conscientiae
1135 2494 1275 2547 (quae
1296 2495 1343 2536 in
1378 2495 1589 2548 Collegio
1610 2504 1774 2538 nostro

131 2566 350 2617 habetur)
372 2565 751 2618 praelectionem,
774 2566 985 2607 nonnulli
1005 2566 1147 2607 etiam
1168 2579 1227 2608 ex
1256 2568 1432 2609 nostris
1465 2568 1512 2609 in
1541 2569 1771 2610 vniuersi-

129 2644 226 2679 tate
238 2650 266 2679 a
277 2637 485 2679 Doctore
502 2635 792 2689 MorgouejO,
808 2648 1041 2678 canonum
1057 2637 1105 2678 in
1121 2637 1286 2680 eadem
1301 2638 1612 2681 Vniuersitate
1626 2641 1769 2681 lecto-

129 2720 201 2759 re,
225 2715 380 2761 caput,
404 2708 536 2761 cujus
558 2708 741 2748 initium
762 2713 852 2759 est,
883 2706 1033 2749 OMN1s
1059 2721 1319 2756 VTRIUSQUE
1350 2722 1509 2758 saxos,
1538 2712 1594 2751 de
1608 2712 1774 2763 poeni-

128 2779 296 2831 tentia,
328 2781 541 2822 audiunt.
579 2779 662 2821 Est
688 2779 764 2819 ille
791 2778 980 2831 quidem
1013 2779 1087 2820 vir
1110 2786 1236 2821 certe
1259 2781 1470 2822 eruditus
1498 2790 1542 2823 et
1577 2783 1670 2835 qui,
1694 2796 1781 2824 va-

128 2851 369 2892 cationum
395 2857 638 2892 transacto
666 2857 890 2902 tempore,
925 2850 1105 2902 primae
1139 2852 1411 2894 cathedram
1447 2855 1775 2906 praelecturus

125 2922 206 2962 sit.
231 2921 375 2974 Cujus
395 2934 454 2964 ex
474 2923 673 2964 lectione
695 2934 790 2963 non
811 2920 1092 2963 mediocrem
1112 2923 1285 2964 fratres
1306 2924 1508 2966 fructum
1526 2928 1770 2979 colligunt.
