2028 3328
188 121 261 158 270
707 122 934 160 LITTERAE
954 134 1312 167 QUADRIMESTRES

887 574 1113 627 OGGLI

260 801 524 839 Theodorus
545 802 754 838 Peltanus

310 866 432 903 Patri
452 866 620 913 Ignatio
644 867 697 902 de
719 865 900 912 Loyola.

354 931 554 979 Neapoli,
575 931 621 968 26
640 931 840 978 Januarii
864 932 955 968 1555
975 931 1000 968 ².

954 1124 1054 1201 ΠΪΪΞ

266 1356 366 1398 R.de
388 1358 434 1397 in
456 1358 643 1398 Christo
664 1357 805 1398 Pater
823 1387 831 1395 .

269 1428 403 1480 Quod
422 1430 524 1470 aliis
542 1430 830 1481 temporibus
842 1429 990 1470 fusius
1011 1429 1174 1469 forsan
1191 1439 1331 1480 quam
1348 1434 1427 1469 aut
1437 1440 1569 1480 opus,
1589 1434 1669 1469 aut
1686 1428 1827 1468 etiam

187 1508 495 1552 praeceptum
529 1507 644 1552 erat,
675 1501 902 1553 scriptum
922 1501 1021 1553 fuit,
1057 1502 1259 1555 idipsum
1281 1514 1462 1543 summa
1483 1502 1577 1542 iam
1596 1500 1828 1541 breuitate

188 1573 577 1624 perstringemus.

271 1643 445 1684 Omnes
466 1645 694 1695 ualemus,
728 1657 815 1685 nec
837 1645 1083 1697 quisquam
1118 1646 1326 1686 omnium
1361 1644 1503 1697 (quod
1534 1643 1696 1692 sciam)
1729 1650 1826 1683 toto

187 1714 278 1754 hoc
300 1715 525 1755 trimestri
542 1715 775 1756 decubuit.
801 1715 1001 1767 Quidam
1019 1717 1243 1757 oriundus
1260 1716 1505 1768 Hispania,
1525 1722 1569 1756 et
1592 1715 1829 1767 quondam

188 1785 456 1826 Cardinalis
474 1786 557 1827 Coi
579 1787 680 1838 (sic)
700 1787 918 1838 famulus,
942 1787 1177 1828 Atriensis
1199 1786 1226 1838 ²,
1249 1788 1450 1828 fratrum
1472 1787 1577 1827 albo
1607 1786 1824 1827 accessit.

189 1857 311 1897 Huic
334 1858 373 1898 si
394 1858 571 1909 literae,
594 1864 645 1898 ut
666 1858 758 1899 alia
780 1859 936 1899 omnia
971 1860 1106 1899 bonis
1137 1859 1357 1911 optanda,
1383 1859 1694 1909 abundarent,
1718 1858 1829 1897 insi-

188 1940 281 1979 gne
303 1929 492 1969 diuinae
512 1929 736 1970 bonitatis
771 1930 1133 1971 instrumentum
1167 1930 1349 1971 futurus
1379 1935 1494 1978 erat,
1533 1929 1750 1981 quamuis
1785 1934 1830 1968 et

189 2000 276 2040 has
301 2001 489 2052 assequi
517 2012 657 2052 posse
678 2013 786 2052 spes
807 2007 893 2041 est.
929 2001 1066 2041 Hunc
1088 2013 1171 2042 sex
1206 2002 1284 2042 alii
1311 2001 1495 2053 sequuti
1516 2006 1638 2050 sunt,
1663 2011 1830 2040 uerum

190 2072 253 2121 hi,
275 2073 354 2124 qui
372 2072 479 2123 sint,
503 2071 635 2112 iuxta
654 2072 898 2112 nobiscum
921 2073 1104 2123 tenetis;
1129 2084 1291 2113 omnes
1314 2073 1436 2112 enim
1458 2072 1715 2112 incolumes
1737 2070 1827 2110 Ro-

190 2155 317 2183 mam
340 2143 575 2195 appulisse
611 2144 880 2195 accepimus
913 2142 943 2183 ⁵:
972 2144 1119 2194 multi,
1144 2156 1260 2195 quos
1294 2144 1494 2184 necdum
1527 2142 1829 2194 recipiendos

191 2215 425 2264 duximus,
449 2226 747 2266 nequaquam
769 2214 983 2266 impigre,
1014 2227 1104 2266 quo
1125 2215 1171 2266 ii,
1206 2214 1262 2254 de
1290 2215 1457 2266 quibus
1478 2214 1572 2254 iam
1593 2214 1823 2263 dicebam,

190 2292 522 2336 peruenerunt,
546 2285 849 2326 contendunt.
873 2285 1159 2326 Confitentes
1185 2297 1304 2338 pene
1326 2291 1516 2325 manent
1536 2285 1825 2336 aequabiles,

189 2357 281 2397 nisi
302 2357 426 2408 quod
447 2358 663 2408 proximo
681 2357 881 2397 iubilaeo
903 2357 1270 2409 frequentissimi
1287 2357 1475 2398 fuerint.

271 2427 393 2468 R.d¹1S
421 2428 470 2468 Ρ.
497 2427 743 2469 Salmeron
765 2435 808 2468 et
829 2428 953 2468 domi
971 2435 1015 2468 et
1036 2429 1150 2468 foris
1172 2429 1349 2480 aliquot
1370 2428 1551 2468 uicibus
1574 2428 1824 2467 conciona-

190 2505 267 2539 tus
288 2505 373 2550 est;
395 2511 561 2539 verum
579 2510 670 2551 quo
692 2498 864 2549 fructu,
889 2511 1039 2551 quoue
1062 2499 1309 2550 auditorio,
1329 2510 1387 2539 ne
1405 2498 1677 2548 obtundam,
1696 2509 1827 2549 prae-

189 2576 335 2611 tereo.
361 2570 735 2621 Quadragesima
756 2571 991 2622 proxima,
1028 2571 1075 2610 in
1101 2570 1327 2622 parochia
1355 2569 1570 2621 Virginis
1589 2568 1756 2608 Matris
1777 2580 1828 2608 se

249 2756 254 2770 ¹
296 2754 559 2789 Apographum‚
574 2755 672 2782 unico
688 2754 780 2789 solio,
795 2763 825 2782 n.
840 2755 904 2783 143.

243 2802 257 2821 2
295 2801 405 2834 Huius
420 2809 485 2828 non
500 2801 653 2829 meminit
669 2802 839 2830 Polancus
854 2810 915 2830 nec
931 2802 1100 2831 Schinosi.
1115 2802 1292 2831 Orlandini
1307 2805 1424 2830 autem
1437 2801 1523 2829 nihil
1542 2801 1606 2828 hoc
1618 2808 1706 2828 anno
1717 2801 1822 2828 habet

191 2850 304 2878 dicere
320 2849 360 2876 de
377 2848 529 2883 Collegio
545 2849 783 2884 Neapolitano.

244 2898 258 2917 ⁵
296 2896 449 2924 Duorum
465 2900 597 2924 tantum
613 2897 749 2924 nomina
769 2899 881 2932 aperit
897 2897 1074 2925 POLANcus
1096 2898 1130 2925 in
1152 2897 1330 2932 Chronico,
1345 2901 1367 2926 t.
1380 2905 1414 2926 v.
1436 2896 1602 2930 “Ioannes
1624 2896 1825 2924 Dominicus

191 2944 402 2973 Fasciardus
417 2948 450 2971 et
465 2943 574 2977 Julius
589 2943 740 2978 Fatius.„
