<?xml version="1.0" encoding="UTF-8"?>
<!DOCTYPE html PUBLIC "-//W3C//DTD XHTML 1.0 Transitional//EN"
    "http://www.w3.org/TR/xhtml1/DTD/xhtml1-transitional.dtd">
<html xmlns="http://www.w3.org/1999/xhtml" xml:lang="en" lang="en">
 <head>
  <title>
</title>
<meta http-equiv="Content-Type" content="text/html;charset=utf-8" />
  <meta name='ocr-system' content='tesseract 3.04.00' />
  <meta name='ocr-capabilities' content='ocr_page ocr_carea ocr_par ocr_line ocrx_word'/>
</head>
<body>
  <div class='ocr_page' id='page_1' title='image "./litteraequadrime1503lain_0232.png"; bbox 0 0 2028 3328; ppageno 0'>
   <div class='ocr_carea' id='block_1_1' title="bbox 219 147 1347 190">
    <p class='ocr_par' dir='ltr' id='par_1_1' title="bbox 219 147 1347 190">
     <span class='ocr_line' id='line_1_1' title="bbox 219 147 1347 190; baseline -0.001 -4"><span class='ocrx_word' id='word_1_1' title='bbox 219 148 291 186; x_wconf 75' lang='grc'>226</span> <span class='ocrx_word' id='word_1_2' title='bbox 737 147 963 183; x_wconf 76' lang='lat' dir='ltr'>L1TTERAE</span> <span class='ocrx_word' id='word_1_3' title='bbox 991 158 1347 190; x_wconf 70' lang='lat' dir='ltr'>QUADRIMESTRES</span> 
     </span>
    </p>
   </div>
   <div class='ocr_carea' id='block_1_2' title="bbox 198 244 1858 3000">
    <p class='ocr_par' dir='ltr' id='par_1_2' title="bbox 198 244 1858 3000">
     <span class='ocr_line' id='line_1_2' title="bbox 222 244 1858 297; baseline 0 -11"><span class='ocrx_word' id='word_1_4' title='bbox 222 246 604 297; x_wconf 66' lang='lat' dir='ltr'>quotiescumque</span> <span class='ocrx_word' id='word_1_5' title='bbox 635 256 719 284; x_wconf 90' lang='lat' dir='ltr'>sua</span> <span class='ocrx_word' id='word_1_6' title='bbox 742 255 884 294; x_wconf 87' lang='lat' dir='ltr'>opera</span> <span class='ocrx_word' id='word_1_7' title='bbox 906 244 1151 294; x_wconf 74' lang='lat' dir='ltr'>indigeret.</span> <span class='ocrx_word' id='word_1_8' title='bbox 1181 244 1316 285; x_wconf 85' lang='lat' dir='ltr'>Alius</span> <span class='ocrx_word' id='word_1_9' title='bbox 1345 245 1486 285; x_wconf 85' lang='lat' dir='ltr'>etiam</span> <span class='ocrx_word' id='word_1_10' title='bbox 1517 258 1541 285; x_wconf 92' lang='lat' dir='ltr'>e</span> <span class='ocrx_word' id='word_1_11' title='bbox 1571 247 1745 286; x_wconf 86' lang='lat' dir='ltr'>nostris</span> <span class='ocrx_word' id='word_1_12' title='bbox 1773 247 1858 287; x_wconf 83' lang='lat' dir='ltr'>fuit</span> 
     </span>
     <span class='ocr_line' id='line_1_3' title="bbox 220 314 1854 368; baseline -0.001 -10"><span class='ocrx_word' id='word_1_13' title='bbox 220 319 269 359; x_wconf 91' lang='lat' dir='ltr'>in</span> <span class='ocrx_word' id='word_1_14' title='bbox 308 318 396 357; x_wconf 90' lang='lat' dir='ltr'>hoc</span> <span class='ocrx_word' id='word_1_15' title='bbox 431 316 617 358; x_wconf 89' lang='lat' dir='ltr'>Domini</span> <span class='ocrx_word' id='word_1_16' title='bbox 653 314 858 355; x_wconf 87' lang='lat' dir='ltr'>aduentu</span> <span class='ocrx_word' id='word_1_17' title='bbox 892 315 939 354; x_wconf 90' lang='lat' dir='ltr'>in</span> <span class='ocrx_word' id='word_1_18' title='bbox 973 316 1063 355; x_wconf 93' lang='lat' dir='ltr'>alio</span> <span class='ocrx_word' id='word_1_19' title='bbox 1094 315 1293 367; x_wconf 89' lang='lat' dir='ltr'>quodam</span> <span class='ocrx_word' id='word_1_20' title='bbox 1326 315 1496 367; x_wconf 89' lang='lat' dir='ltr'>oppido</span> <span class='ocrx_word' id='word_1_21' title='bbox 1532 318 1854 368; x_wconf 87' lang='lat' dir='ltr'>concionatus;</span> 
     </span>
     <span class='ocr_line' id='line_1_4' title="bbox 220 386 1858 444; baseline -0.001 -13"><span class='ocrx_word' id='word_1_22' title='bbox 220 402 359 444; x_wconf 89' lang='lat' dir='ltr'>quem</span> <span class='ocrx_word' id='word_1_23' title='bbox 380 390 574 430; x_wconf 88' lang='lat' dir='ltr'>multum</span> <span class='ocrx_word' id='word_1_24' title='bbox 597 386 887 427; x_wconf 76' lang='lat' dir='ltr'>auditoribus</span> <span class='ocrx_word' id='word_1_25' title='bbox 914 387 1147 438; x_wconf 72' lang='lat' dir='ltr'>placuisse</span> <span class='ocrx_word' id='word_1_26' title='bbox 1169 400 1225 427; x_wconf 75' lang='lat' dir='ltr'>cx</span> <span class='ocrx_word' id='word_1_27' title='bbox 1247 399 1301 426; x_wconf 93' lang='lat' dir='ltr'>eo</span> <span class='ocrx_word' id='word_1_28' title='bbox 1338 388 1689 439; x_wconf 82' lang='lat' dir='ltr'>cognoscimus,</span> <span class='ocrx_word' id='word_1_29' title='bbox 1733 389 1858 440; x_wconf 90' lang='lat' dir='ltr'>quod</span> 
     </span>
     <span class='ocr_line' id='line_1_5' title="bbox 220 458 1854 512; baseline -0.002 -9"><span class='ocrx_word' id='word_1_30' title='bbox 220 462 392 503; x_wconf 80' lang='lat' dir='ltr'>obnixe</span> <span class='ocrx_word' id='word_1_31' title='bbox 414 460 633 512; x_wconf 87' lang='lat' dir='ltr'>petierint</span> <span class='ocrx_word' id='word_1_32' title='bbox 654 459 793 498; x_wconf 92' lang='lat' dir='ltr'>uellet</span> <span class='ocrx_word' id='word_1_33' title='bbox 814 458 901 498; x_wconf 88' lang='lat' dir='ltr'>sibi</span> <span class='ocrx_word' id='word_1_34' title='bbox 918 459 1133 510; x_wconf 82' lang='lat' dir='ltr'>proxima</span> <span class='ocrx_word' id='word_1_35' title='bbox 1151 464 1350 498; x_wconf 91' lang='lat' dir='ltr'>uentura</span> <span class='ocrx_word' id='word_1_36' title='bbox 1369 459 1733 510; x_wconf 90' lang='lat' dir='ltr'>quadragesima</span> <span class='ocrx_word' id='word_1_37' title='bbox 1751 472 1854 500; x_wconf 90' lang='lat' dir='ltr'>con-</span> 
     </span>
     <span class='ocr_line' id='line_1_6' title="bbox 219 530 1857 581; baseline -0.002 -6"><span class='ocrx_word' id='word_1_38' title='bbox 219 533 414 575; x_wconf 90' lang='lat' dir='ltr'>cionari.</span> <span class='ocrx_word' id='word_1_39' title='bbox 439 531 532 572; x_wconf 85' lang='lat' dir='ltr'>Alii</span> <span class='ocrx_word' id='word_1_40' title='bbox 554 530 717 570; x_wconf 84' lang='lat' dir='ltr'>Patres</span> <span class='ocrx_word' id='word_1_41' title='bbox 740 530 1002 569; x_wconf 77' lang='lat' dir='ltr'>doctrinam</span> <span class='ocrx_word' id='word_1_42' title='bbox 1023 530 1327 569; x_wconf 76' lang='lat' dir='ltr'>christianam</span> <span class='ocrx_word' id='word_1_43' title='bbox 1349 542 1521 581; x_wconf 90' lang='lat' dir='ltr'>pueros</span> <span class='ocrx_word' id='word_1_44' title='bbox 1539 531 1736 571; x_wconf 88' lang='lat' dir='ltr'>edocere</span> <span class='ocrx_word' id='word_1_45' title='bbox 1756 543 1857 572; x_wconf 89' lang='lat' dir='ltr'>coe-</span> 
     </span>
     <span class='ocr_line' id='line_1_7' title="bbox 219 601 1856 658; baseline -0.002 -13"><span class='ocrx_word' id='word_1_46' title='bbox 219 610 404 658; x_wconf 77' lang='lat' dir='ltr'>perurit,</span> <span class='ocrx_word' id='word_1_47' title='bbox 430 615 548 654; x_wconf 87' lang='lat' dir='ltr'>quae</span> <span class='ocrx_word' id='word_1_48' title='bbox 569 613 665 642; x_wconf 90' lang='lat' dir='ltr'>non</span> <span class='ocrx_word' id='word_1_49' title='bbox 687 602 837 641; x_wconf 88' lang='lat' dir='ltr'>solum</span> <span class='ocrx_word' id='word_1_50' title='bbox 859 601 905 640; x_wconf 92' lang='lat' dir='ltr'>in</span> <span class='ocrx_word' id='word_1_51' title='bbox 926 613 1019 640; x_wconf 93' lang='lat' dir='ltr'>uno</span> <span class='ocrx_word' id='word_1_52' title='bbox 1043 602 1163 651; x_wconf 90' lang='lat' dir='ltr'>loco,</span> <span class='ocrx_word' id='word_1_53' title='bbox 1187 607 1236 640; x_wconf 87' lang='lat' dir='ltr'>ut</span> <span class='ocrx_word' id='word_1_54' title='bbox 1258 607 1411 649; x_wconf 85' lang='lat' dir='ltr'>antea,</span> <span class='ocrx_word' id='word_1_55' title='bbox 1446 602 1528 641; x_wconf 92' lang='lat' dir='ltr'>sed</span> <span class='ocrx_word' id='word_1_56' title='bbox 1552 602 1599 641; x_wconf 92' lang='lat' dir='ltr'>in</span> <span class='ocrx_word' id='word_1_57' title='bbox 1621 602 1724 642; x_wconf 89' lang='lat' dir='ltr'>aliis</span> <span class='ocrx_word' id='word_1_58' title='bbox 1746 603 1856 643; x_wconf 90' lang='lat' dir='ltr'>duo—</span> 
     </span>
     <span class='ocr_line' id='line_1_8' title="bbox 219 672 1855 728; baseline -0.002 -11"><span class='ocrx_word' id='word_1_59' title='bbox 219 677 308 717; x_wconf 85' lang='lat' dir='ltr'>bus</span> <span class='ocrx_word' id='word_1_60' title='bbox 329 674 606 728; x_wconf 79' lang='lat' dir='ltr'>proponitur</span> <span class='ocrx_word' id='word_1_61' title='bbox 629 672 936 712; x_wconf 88' lang='lat' dir='ltr'>addiscenda:</span> <span class='ocrx_word' id='word_1_62' title='bbox 961 678 1118 711; x_wconf 89' lang='lat' dir='ltr'>tantus</span> <span class='ocrx_word' id='word_1_63' title='bbox 1150 672 1273 711; x_wconf 88' lang='lat' dir='ltr'>enim</span> <span class='ocrx_word' id='word_1_64' title='bbox 1300 678 1370 711; x_wconf 90' lang='lat' dir='ltr'>est</span> <span class='ocrx_word' id='word_1_65' title='bbox 1407 672 1752 713; x_wconf 88' lang='lat' dir='ltr'>addiscentium</span> <span class='ocrx_word' id='word_1_66' title='bbox 1777 686 1855 714; x_wconf 91' lang='lat' dir='ltr'>nu-</span> 
     </span>
     <span class='ocr_line' id='line_1_9' title="bbox 220 743 1857 798; baseline -0.002 -10"><span class='ocrx_word' id='word_1_67' title='bbox 220 759 394 798; x_wconf 85' lang='lat' dir='ltr'>merus,</span> <span class='ocrx_word' id='word_1_68' title='bbox 418 751 468 786; x_wconf 93' lang='lat' dir='ltr'>ut</span> <span class='ocrx_word' id='word_1_69' title='bbox 489 745 617 785; x_wconf 86' lang='lat' dir='ltr'>Patri</span> <span class='ocrx_word' id='word_1_70' title='bbox 638 751 800 784; x_wconf 89' lang='lat' dir='ltr'>nostro</span> <span class='ocrx_word' id='word_1_71' title='bbox 822 743 973 783; x_wconf 90' lang='lat' dir='ltr'>uisum</span> <span class='ocrx_word' id='word_1_72' title='bbox 992 743 1132 782; x_wconf 84' lang='lat' dir='ltr'>fuerit</span> <span class='ocrx_word' id='word_1_73' title='bbox 1154 743 1374 794; x_wconf 89' lang='lat' dir='ltr'>neutique</span> <span class='ocrx_word' id='word_1_74' title='bbox 1398 744 1611 784; x_wconf 88' lang='lat' dir='ltr'>omnibus</span> <span class='ocrx_word' id='word_1_75' title='bbox 1632 756 1770 796; x_wconf 91' lang='lat' dir='ltr'>posse</span> <span class='ocrx_word' id='word_1_76' title='bbox 1788 757 1857 785; x_wconf 88' lang='lat' dir='ltr'>sa-</span> 
     </span>
     <span class='ocr_line' id='line_1_10' title="bbox 219 814 1858 868; baseline -0.002 -9"><span class='ocrx_word' id='word_1_77' title='bbox 219 818 399 868; x_wconf 79' lang='lat' dir='ltr'>tisfieri,</span> <span class='ocrx_word' id='word_1_78' title='bbox 432 816 522 857; x_wconf 92' lang='lat' dir='ltr'>nisi</span> <span class='ocrx_word' id='word_1_79' title='bbox 542 815 751 867; x_wconf 87' lang='lat' dir='ltr'>pluribus</span> <span class='ocrx_word' id='word_1_80' title='bbox 774 815 820 854; x_wconf 93' lang='lat' dir='ltr'>in</span> <span class='ocrx_word' id='word_1_81' title='bbox 852 814 969 854; x_wconf 96' lang='grc'>10015</span> <span class='ocrx_word' id='word_1_82' title='bbox 1000 814 1215 853; x_wconf 90' lang='lat' dir='ltr'>doctrina</span> <span class='ocrx_word' id='word_1_83' title='bbox 1243 814 1536 864; x_wconf 87' lang='lat' dir='ltr'>1·ecitaretur;</span> <span class='ocrx_word' id='word_1_84' title='bbox 1567 815 1689 866; x_wconf 92' lang='lat' dir='ltr'>quod</span> <span class='ocrx_word' id='word_1_85' title='bbox 1717 828 1858 867; x_wconf 91' lang='lat' dir='ltr'>quam</span> 
     </span>
     <span class='ocr_line' id='line_1_11' title="bbox 221 885 1856 938; baseline -0.002 -8"><span class='ocrx_word' id='word_1_86' title='bbox 221 901 383 930; x_wconf 85' lang='lat' dir='ltr'>verum</span> <span class='ocrx_word' id='word_1_87' title='bbox 421 887 560 928; x_wconf 86' lang='lat' dir='ltr'>fuerit</span> <span class='ocrx_word' id='word_1_88' title='bbox 597 886 917 937; x_wconf 84' lang='lat' dir='ltr'>experimento</span> <span class='ocrx_word' id='word_1_89' title='bbox 947 885 1271 936; x_wconf 79' lang='lat' dir='ltr'>cognoscitur,</span> <span class='ocrx_word' id='word_1_90' title='bbox 1306 896 1412 925; x_wconf 92' lang='lat' dir='ltr'>cum</span> <span class='ocrx_word' id='word_1_91' title='bbox 1447 886 1531 926; x_wconf 84' lang='lat' dir='ltr'>vix</span> <span class='ocrx_word' id='word_1_92' title='bbox 1558 886 1649 926; x_wconf 86' lang='lat' dir='ltr'>tria</span> <span class='ocrx_word' id='word_1_93' title='bbox 1683 888 1856 938; x_wconf 89' lang='lat' dir='ltr'>templa</span> 
     </span>
     <span class='ocr_line' id='line_1_12' title="bbox 219 956 1857 1013; baseline -0.002 -12"><span class='ocrx_word' id='word_1_94' title='bbox 219 960 399 1013; x_wconf 77' lang='lat' dir='ltr'>possint</span> <span class='ocrx_word' id='word_1_95' title='bbox 422 970 583 999; x_wconf 89' lang='lat' dir='ltr'>omnes</span> <span class='ocrx_word' id='word_1_96' title='bbox 605 957 843 997; x_wconf 80' lang='lat' dir='ltr'>auditores</span> <span class='ocrx_word' id='word_1_97' title='bbox 864 967 1048 1007; x_wconf 89' lang='lat' dir='ltr'>capere.</span> <span class='ocrx_word' id='word_1_98' title='bbox 1074 956 1282 1007; x_wconf 92' lang='lat' dir='ltr'>Cumque</span> <span class='ocrx_word' id='word_1_99' title='bbox 1300 956 1390 996; x_wconf 94' lang='lat' dir='ltr'>hoc</span> <span class='ocrx_word' id='word_1_100' title='bbox 1412 957 1661 998; x_wconf 90' lang='lat' dir='ltr'>honestum</span> <span class='ocrx_word' id='word_1_101' title='bbox 1678 959 1857 998; x_wconf 81' lang='lat' dir='ltr'>exerci-</span> 
     </span>
     <span class='ocr_line' id='line_1_13' title="bbox 217 1027 1855 1081; baseline -0.001 -9"><span class='ocrx_word' id='word_1_102' title='bbox 217 1034 333 1073; x_wconf 86' lang='lat' dir='ltr'>tium</span> <span class='ocrx_word' id='word_1_103' title='bbox 355 1029 673 1081; x_wconf 83' lang='lat' dir='ltr'>multipliciter</span> <span class='ocrx_word' id='word_1_104' title='bbox 694 1028 984 1068; x_wconf 87' lang='lat' dir='ltr'>fructuosum</span> <span class='ocrx_word' id='word_1_105' title='bbox 1006 1027 1150 1067; x_wconf 87' lang='lat' dir='ltr'>fuisse</span> <span class='ocrx_word' id='word_1_106' title='bbox 1175 1038 1538 1078; x_wconf 86' lang='lat' dir='ltr'>cognoscamus,</span> <span class='ocrx_word' id='word_1_107' title='bbox 1557 1028 1646 1068; x_wconf 89' lang='lat' dir='ltr'>hoc</span> <span class='ocrx_word' id='word_1_108' title='bbox 1663 1041 1747 1070; x_wconf 91' lang='lat' dir='ltr'>nos</span> <span class='ocrx_word' id='word_1_109' title='bbox 1760 1030 1855 1081; x_wconf 90' lang='lat' dir='ltr'>plu-</span> 
     </span>
     <span class='ocr_line' id='line_1_14' title="bbox 216 1097 1856 1152; baseline -0.002 -8"><span class='ocrx_word' id='word_1_110' title='bbox 216 1105 384 1144; x_wconf 90' lang='lat' dir='ltr'>rimum</span> <span class='ocrx_word' id='word_1_111' title='bbox 409 1102 600 1151; x_wconf 87' lang='lat' dir='ltr'>solatur,</span> <span class='ocrx_word' id='word_1_112' title='bbox 640 1099 761 1152; x_wconf 90' lang='lat' dir='ltr'>quod</span> <span class='ocrx_word' id='word_1_113' title='bbox 784 1100 936 1139; x_wconf 90' lang='lat' dir='ltr'>nullus</span> <span class='ocrx_word' id='word_1_114' title='bbox 957 1099 1050 1138; x_wconf 91' lang='lat' dir='ltr'>iam</span> <span class='ocrx_word' id='word_1_115' title='bbox 1073 1097 1233 1138; x_wconf 85' lang='lat' dir='ltr'>audiat</span> <span class='ocrx_word' id='word_1_116' title='bbox 1256 1110 1441 1149; x_wconf 90' lang='lat' dir='ltr'>pueros,</span> <span class='ocrx_word' id='word_1_117' title='bbox 1476 1110 1562 1139; x_wconf 91' lang='lat' dir='ltr'>nec</span> <span class='ocrx_word' id='word_1_118' title='bbox 1593 1099 1710 1140; x_wconf 91' lang='lat' dir='ltr'>alios</span> <span class='ocrx_word' id='word_1_119' title='bbox 1742 1107 1856 1141; x_wconf 90' lang='lat' dir='ltr'>natu</span> 
     </span>
     <span class='ocr_line' id='line_1_15' title="bbox 217 1169 1854 1226; baseline -0.001 -12"><span class='ocrx_word' id='word_1_120' title='bbox 217 1173 499 1226; x_wconf 79' lang='lat' dir='ltr'>grandiores</span> <span class='ocrx_word' id='word_1_121' title='bbox 521 1172 617 1212; x_wconf 89' lang='lat' dir='ltr'>suis</span> <span class='ocrx_word' id='word_1_122' title='bbox 640 1177 896 1222; x_wconf 89' lang='lat' dir='ltr'>occupatos</span> <span class='ocrx_word' id='word_1_123' title='bbox 918 1169 1098 1220; x_wconf 89' lang='lat' dir='ltr'>studiis,</span> <span class='ocrx_word' id='word_1_124' title='bbox 1119 1169 1273 1220; x_wconf 88' lang='lat' dir='ltr'>turpia</span> <span class='ocrx_word' id='word_1_125' title='bbox 1306 1181 1500 1221; x_wconf 90' lang='lat' dir='ltr'>canere,</span> <span class='ocrx_word' id='word_1_126' title='bbox 1532 1171 1599 1210; x_wconf 92' lang='lat' dir='ltr'>uti</span> <span class='ocrx_word' id='word_1_127' title='bbox 1626 1172 1854 1222; x_wconf 80' lang='lat' dir='ltr'>solebant3</span> 
     </span>
     <span class='ocr_line' id='line_1_16' title="bbox 198 1240 1857 1297; baseline -0.001 -12"><span class='ocrx_word' id='word_1_128' title='bbox 198 1246 330 1297; x_wconf 65' lang='grc' dir='ltr'>ι011111</span> <span class='ocrx_word' id='word_1_129' title='bbox 350 1244 506 1297; x_wconf 89' lang='lat' dir='ltr'>potius</span> <span class='ocrx_word' id='word_1_130' title='bbox 528 1253 689 1283; x_wconf 90' lang='lat' dir='ltr'>omnes</span> <span class='ocrx_word' id='word_1_131' title='bbox 718 1241 921 1281; x_wconf 87' lang='lat' dir='ltr'>sentiant</span> <span class='ocrx_word' id='word_1_132' title='bbox 956 1241 1072 1280; x_wconf 87' lang='grc'>31105</span> <span class='ocrx_word' id='word_1_133' title='bbox 1101 1240 1385 1280; x_wconf 85' lang='lat' dir='ltr'>dominicam</span> <span class='ocrx_word' id='word_1_134' title='bbox 1421 1241 1704 1293; x_wconf 86' lang='lat' dir='ltr'>orationem,</span> <span class='ocrx_word' id='word_1_135' title='bbox 1739 1243 1857 1283; x_wconf 85' lang='lat' dir='ltr'>alios</span> 
     </span>
     <span class='ocr_line' id='line_1_17' title="bbox 217 1311 1854 1365; baseline -0.002 -8"><span class='ocrx_word' id='word_1_136' title='bbox 217 1316 549 1357; x_wconf 87' lang='lat' dir='ltr'>salutationem</span> <span class='ocrx_word' id='word_1_137' title='bbox 584 1312 862 1364; x_wconf 87' lang='lat' dir='ltr'>angelicam,</span> <span class='ocrx_word' id='word_1_138' title='bbox 888 1312 1004 1351; x_wconf 89' lang='lat' dir='ltr'>alios</span> <span class='ocrx_word' id='word_1_139' title='bbox 1033 1311 1311 1363; x_wconf 87' lang='lat' dir='ltr'>symbolum,</span> <span class='ocrx_word' id='word_1_140' title='bbox 1342 1312 1460 1352; x_wconf 92' lang='lat' dir='ltr'>alios</span> <span class='ocrx_word' id='word_1_141' title='bbox 1482 1312 1696 1364; x_wconf 86' lang='lat' dir='ltr'>decalogi</span> <span class='ocrx_word' id='word_1_142' title='bbox 1725 1326 1854 1365; x_wconf 89' lang='lat' dir='ltr'>prae-</span> 
     </span>
     <span class='ocr_line' id='line_1_18' title="bbox 216 1381 1851 1439; baseline -0.002 -11"><span class='ocrx_word' id='word_1_143' title='bbox 216 1394 369 1439; x_wconf 89' lang='lat' dir='ltr'>cepta,</span> <span class='ocrx_word' id='word_1_144' title='bbox 394 1398 449 1426; x_wconf 89' lang='lat' dir='ltr'>ac</span> <span class='ocrx_word' id='word_1_145' title='bbox 472 1386 588 1425; x_wconf 87' lang='lat' dir='ltr'>alios</span> <span class='ocrx_word' id='word_1_146' title='bbox 610 1385 726 1425; x_wconf 88' lang='lat' dir='ltr'>alias</span> <span class='ocrx_word' id='word_1_147' title='bbox 749 1383 988 1423; x_wconf 89' lang='lat' dir='ltr'>orationes</span> <span class='ocrx_word' id='word_1_148' title='bbox 1009 1383 1226 1423; x_wconf 85' lang='lat' dir='ltr'>recitare.</span> <span class='ocrx_word' id='word_1_149' title='bbox 1261 1381 1363 1433; x_wconf 86' lang='lat' dir='ltr'>Quo</span> <span class='ocrx_word' id='word_1_150' title='bbox 1385 1383 1436 1424; x_wconf 89' lang='lat' dir='ltr'>fit</span> <span class='ocrx_word' id='word_1_151' title='bbox 1462 1389 1511 1423; x_wconf 87' lang='lat' dir='ltr'>ut</span> <span class='ocrx_word' id='word_1_152' title='bbox 1532 1385 1606 1424; x_wconf 91' lang='lat' dir='ltr'>uel</span> <span class='ocrx_word' id='word_1_153' title='bbox 1627 1386 1851 1435; x_wconf 80' lang='lat' dir='ltr'>nolentes,</span> 
     </span>
     <span class='ocr_line' id='line_1_19' title="bbox 216 1454 1854 1510; baseline -0.002 -11"><span class='ocrx_word' id='word_1_154' title='bbox 216 1465 298 1499; x_wconf 89' lang='lat' dir='ltr'>aut</span> <span class='ocrx_word' id='word_1_155' title='bbox 320 1459 454 1510; x_wconf 87' lang='lat' dir='ltr'>quasi</span> <span class='ocrx_word' id='word_1_156' title='bbox 471 1457 597 1496; x_wconf 89' lang='lat' dir='ltr'>aliud</span> <span class='ocrx_word' id='word_1_157' title='bbox 614 1461 823 1506; x_wconf 90' lang='lat' dir='ltr'>agentes,</span> <span class='ocrx_word' id='word_1_158' title='bbox 844 1454 1020 1495; x_wconf 84' lang='lat' dir='ltr'>Christi</span> <span class='ocrx_word' id='word_1_159' title='bbox 1038 1454 1303 1494; x_wconf 89' lang='lat' dir='ltr'>doctrinam</span> <span class='ocrx_word' id='word_1_160' title='bbox 1325 1454 1586 1495; x_wconf 87' lang='lat' dir='ltr'>addiscant.</span> <span class='ocrx_word' id='word_1_161' title='bbox 1607 1456 1757 1506; x_wconf 84' lang='lat' dir='ltr'>Quam</span> <span class='ocrx_word' id='word_1_162' title='bbox 1776 1468 1854 1508; x_wconf 91' lang='lat' dir='ltr'>pu-</span> 
     </span>
     <span class='ocr_line' id='line_1_20' title="bbox 216 1525 1852 1582; baseline -0.002 -11"><span class='ocrx_word' id='word_1_163' title='bbox 216 1537 306 1582; x_wconf 92' lang='lat' dir='ltr'>tas,</span> <span class='ocrx_word' id='word_1_164' title='bbox 330 1529 431 1570; x_wconf 77' lang='lat' dir='ltr'>R.de</span> <span class='ocrx_word' id='word_1_165' title='bbox 452 1528 518 1579; x_wconf 71' lang='lat' dir='ltr'>R,</span> <span class='ocrx_word' id='word_1_166' title='bbox 543 1528 754 1579; x_wconf 87' lang='lat' dir='ltr'>patribus</span> <span class='ocrx_word' id='word_1_167' title='bbox 777 1538 878 1566; x_wconf 91' lang='lat' dir='ltr'>esse</span> <span class='ocrx_word' id='word_1_168' title='bbox 902 1525 1156 1565; x_wconf 89' lang='lat' dir='ltr'>iocundum</span> <span class='ocrx_word' id='word_1_169' title='bbox 1176 1525 1295 1566; x_wconf 87' lang='lat' dir='ltr'>filios</span> <span class='ocrx_word' id='word_1_170' title='bbox 1318 1526 1365 1565; x_wconf 92' lang='lat' dir='ltr'>in</span> <span class='ocrx_word' id='word_1_171' title='bbox 1386 1527 1475 1566; x_wconf 90' lang='lat' dir='ltr'>hac</span> <span class='ocrx_word' id='word_1_172' title='bbox 1499 1538 1548 1566; x_wconf 90' lang='lat' dir='ltr'>re</span> <span class='ocrx_word' id='word_1_173' title='bbox 1570 1527 1745 1578; x_wconf 91' lang='lat' dir='ltr'>peritos</span> <span class='ocrx_word' id='word_1_174' title='bbox 1776 1528 1852 1568; x_wconf 90' lang='lat' dir='ltr'>ha-</span> 
     </span>
     <span class='ocr_line' id='line_1_21' title="bbox 214 1597 1852 1652; baseline -0.001 -10"><span class='ocrx_word' id='word_1_175' title='bbox 214 1603 341 1652; x_wconf 88' lang='lat' dir='ltr'>bere,</span> <span class='ocrx_word' id='word_1_176' title='bbox 362 1612 500 1652; x_wconf 89' lang='lat' dir='ltr'>quam</span> <span class='ocrx_word' id='word_1_177' title='bbox 519 1599 728 1650; x_wconf 85' lang='lat' dir='ltr'>(honeste</span> <span class='ocrx_word' id='word_1_178' title='bbox 746 1597 946 1650; x_wconf 86' lang='lat' dir='ltr'>quidem)</span> <span class='ocrx_word' id='word_1_179' title='bbox 963 1597 1176 1648; x_wconf 80' lang='lat' dir='ltr'>gloriari!</span> <span class='ocrx_word' id='word_1_180' title='bbox 1194 1597 1354 1648; x_wconf 90' lang='lat' dir='ltr'>Neque</span> <span class='ocrx_word' id='word_1_181' title='bbox 1372 1604 1442 1637; x_wconf 85' lang='lat' dir='ltr'>est</span> <span class='ocrx_word' id='word_1_182' title='bbox 1460 1598 1584 1649; x_wconf 91' lang='lat' dir='ltr'>quod</span> <span class='ocrx_word' id='word_1_183' title='bbox 1598 1598 1852 1650; x_wconf 91' lang='lat' dir='ltr'>adiungam</span> 
     </span>
     <span class='ocr_line' id='line_1_22' title="bbox 217 1668 1848 1722; baseline -0.002 -9"><span class='ocrx_word' id='word_1_184' title='bbox 217 1678 407 1713; x_wconf 88' lang='lat' dir='ltr'>nostrae</span> <span class='ocrx_word' id='word_1_185' title='bbox 435 1671 655 1711; x_wconf 83' lang='lat' dir='ltr'>minimae</span> <span class='ocrx_word' id='word_1_186' title='bbox 682 1668 931 1710; x_wconf 83' lang='lat' dir='ltr'>Societatis</span> <span class='ocrx_word' id='word_1_187' title='bbox 961 1680 1131 1708; x_wconf 92' lang='lat' dir='ltr'>nomen</span> <span class='ocrx_word' id='word_1_188' title='bbox 1160 1679 1243 1718; x_wconf 92' lang='lat' dir='ltr'>per</span> <span class='ocrx_word' id='word_1_189' title='bbox 1271 1668 1513 1709; x_wconf 89' lang='lat' dir='ltr'>ciuitatem</span> <span class='ocrx_word' id='word_1_190' title='bbox 1540 1670 1634 1710; x_wconf 88' lang='lat' dir='ltr'>late</span> <span class='ocrx_word' id='word_1_191' title='bbox 1665 1672 1848 1722; x_wconf 87' lang='lat' dir='ltr'>uagari,</span> 
     </span>
     <span class='ocr_line' id='line_1_23' title="bbox 214 1739 1852 1792; baseline -0.001 -8"><span class='ocrx_word' id='word_1_192' title='bbox 214 1755 324 1784; x_wconf 90' lang='lat' dir='ltr'>cum</span> <span class='ocrx_word' id='word_1_193' title='bbox 345 1743 705 1783; x_wconf 88' lang='lat' dir='ltr'>concionatores</span> <span class='ocrx_word' id='word_1_194' title='bbox 726 1752 830 1780; x_wconf 86' lang='lat' dir='ltr'>eam</span> <span class='ocrx_word' id='word_1_195' title='bbox 851 1740 1033 1791; x_wconf 90' lang='lat' dir='ltr'>publice</span> <span class='ocrx_word' id='word_1_196' title='bbox 1055 1739 1265 1790; x_wconf 89' lang='lat' dir='ltr'>pluribus</span> <span class='ocrx_word' id='word_1_197' title='bbox 1285 1740 1459 1789; x_wconf 85' lang='lat' dir='ltr'>verbis,</span> <span class='ocrx_word' id='word_1_198' title='bbox 1484 1752 1625 1792; x_wconf 88' lang='lat' dir='ltr'>quam</span> <span class='ocrx_word' id='word_1_199' title='bbox 1641 1741 1756 1781; x_wconf 86' lang='lat' dir='ltr'>mihi</span> <span class='ocrx_word' id='word_1_200' title='bbox 1778 1742 1852 1782; x_wconf 82' lang='lat' dir='ltr'>fas</span> 
     </span>
     <span class='ocr_line' id='line_1_24' title="bbox 214 1810 1852 1861; baseline -0.001 -6"><span class='ocrx_word' id='word_1_201' title='bbox 214 1815 275 1855; x_wconf 91' lang='lat' dir='ltr'>sit</span> <span class='ocrx_word' id='word_1_202' title='bbox 295 1815 369 1855; x_wconf 92' lang='lat' dir='ltr'>uel</span> <span class='ocrx_word' id='word_1_203' title='bbox 390 1814 588 1854; x_wconf 89' lang='lat' dir='ltr'>liberum</span> <span class='ocrx_word' id='word_1_204' title='bbox 607 1823 869 1861; x_wconf 91' lang='lat' dir='ltr'>recensere,</span> <span class='ocrx_word' id='word_1_205' title='bbox 894 1811 1099 1851; x_wconf 87' lang='lat' dir='ltr'>laudent.</span> <span class='ocrx_word' id='word_1_206' title='bbox 1124 1810 1288 1851; x_wconf 85' lang='lat' dir='ltr'>Patres</span> <span class='ocrx_word' id='word_1_207' title='bbox 1308 1811 1406 1851; x_wconf 86' lang='lat' dir='ltr'>fere</span> <span class='ocrx_word' id='word_1_208' title='bbox 1429 1823 1591 1851; x_wconf 89' lang='lat' dir='ltr'>omnes</span> <span class='ocrx_word' id='word_1_209' title='bbox 1612 1813 1686 1852; x_wconf 92' lang='lat' dir='ltr'>uel</span> <span class='ocrx_word' id='word_1_210' title='bbox 1706 1813 1753 1853; x_wconf 93' lang='lat' dir='ltr'>in</span> <span class='ocrx_word' id='word_1_211' title='bbox 1776 1825 1852 1854; x_wconf 90' lang='lat' dir='ltr'>au-</span> 
     </span>
     <span class='ocr_line' id='line_1_25' title="bbox 215 1881 1850 1932; baseline -0.001 -6"><span class='ocrx_word' id='word_1_212' title='bbox 215 1885 398 1926; x_wconf 90' lang='lat' dir='ltr'>diendis</span> <span class='ocrx_word' id='word_1_213' title='bbox 415 1883 804 1932; x_wconf 85' lang='lat' dir='ltr'>confessionibus,</span> <span class='ocrx_word' id='word_1_214' title='bbox 825 1883 899 1922; x_wconf 91' lang='lat' dir='ltr'>uel</span> <span class='ocrx_word' id='word_1_215' title='bbox 915 1882 961 1921; x_wconf 89' lang='lat' dir='ltr'>in</span> <span class='ocrx_word' id='word_1_216' title='bbox 979 1881 1238 1922; x_wconf 89' lang='lat' dir='ltr'>inuisendis</span> <span class='ocrx_word' id='word_1_217' title='bbox 1260 1888 1304 1922; x_wconf 90' lang='lat' dir='ltr'>et</span> <span class='ocrx_word' id='word_1_218' title='bbox 1327 1883 1612 1923; x_wconf 84' lang='lat' dir='ltr'>xenodochii</span> <span class='ocrx_word' id='word_1_219' title='bbox 1634 1890 1678 1924; x_wconf 89' lang='lat' dir='ltr'>et</span> <span class='ocrx_word' id='word_1_220' title='bbox 1695 1896 1850 1925; x_wconf 91' lang='lat' dir='ltr'>carce-</span> 
     </span>
     <span class='ocr_line' id='line_1_26' title="bbox 213 1953 1703 2009; baseline -0.002 -11"><span class='ocrx_word' id='word_1_221' title='bbox 213 1958 279 1998; x_wconf 87' lang='lat' dir='ltr'>ris</span> <span class='ocrx_word' id='word_1_222' title='bbox 299 1956 601 2009; x_wconf 87' lang='lat' dir='ltr'>pauperibus,</span> <span class='ocrx_word' id='word_1_223' title='bbox 625 1955 699 1994; x_wconf 88' lang='lat' dir='ltr'>uel</span> <span class='ocrx_word' id='word_1_224' title='bbox 721 1955 768 1994; x_wconf 91' lang='lat' dir='ltr'>in</span> <span class='ocrx_word' id='word_1_225' title='bbox 791 1954 892 1994; x_wconf 89' lang='lat' dir='ltr'>aliis</span> <span class='ocrx_word' id='word_1_226' title='bbox 914 1953 960 1993; x_wconf 91' lang='lat' dir='ltr'>id</span> <span class='ocrx_word' id='word_1_227' title='bbox 982 1964 1131 2004; x_wconf 90' lang='lat' dir='ltr'>genus</span> <span class='ocrx_word' id='word_1_228' title='bbox 1154 1953 1375 2004; x_wconf 90' lang='lat' dir='ltr'>operibus</span> <span class='ocrx_word' id='word_1_229' title='bbox 1397 1960 1703 2005; x_wconf 87' lang='lat' dir='ltr'>occupantur.</span> 
     </span>
     <span class='ocr_line' id='line_1_27' title="bbox 293 2024 1852 2078; baseline -0.001 -10"><span class='ocrx_word' id='word_1_230' title='bbox 293 2027 461 2068; x_wconf 90' lang='lat' dir='ltr'>Mulier</span> <span class='ocrx_word' id='word_1_231' title='bbox 481 2026 713 2078; x_wconf 86' lang='lat' dir='ltr'>quaedam</span> <span class='ocrx_word' id='word_1_232' title='bbox 734 2025 887 2065; x_wconf 83' lang='lat' dir='ltr'>fuerat</span> <span class='ocrx_word' id='word_1_233' title='bbox 905 2037 930 2065; x_wconf 91' lang='lat' dir='ltr'>a</span> <span class='ocrx_word' id='word_1_234' title='bbox 953 2024 1108 2064; x_wconf 88' lang='lat' dir='ltr'>mariti</span> <span class='ocrx_word' id='word_1_235' title='bbox 1130 2025 1412 2065; x_wconf 88' lang='lat' dir='ltr'>commercio</span> <span class='ocrx_word' id='word_1_236' title='bbox 1434 2037 1516 2076; x_wconf 87' lang='lat' dir='ltr'>per</span> <span class='ocrx_word' id='word_1_237' title='bbox 1535 2032 1661 2066; x_wconf 87' lang='lat' dir='ltr'>totos</span> <span class='ocrx_word' id='word_1_238' title='bbox 1683 2027 1852 2078; x_wconf 90' lang='lat' dir='ltr'>uiginti</span> 
     </span>
     <span class='ocr_line' id='line_1_28' title="bbox 212 2095 1851 2149; baseline -0.001 -9"><span class='ocrx_word' id='word_1_239' title='bbox 212 2111 362 2140; x_wconf 89' lang='lat' dir='ltr'>annos</span> <span class='ocrx_word' id='word_1_240' title='bbox 390 2099 638 2146; x_wconf 88' lang='lat' dir='ltr'>disiuncta,</span> <span class='ocrx_word' id='word_1_241' title='bbox 663 2109 783 2149; x_wconf 91' lang='lat' dir='ltr'>quae</span> <span class='ocrx_word' id='word_1_242' title='bbox 803 2096 931 2136; x_wconf 88' lang='lat' dir='ltr'>nulla</span> <span class='ocrx_word' id='word_1_243' title='bbox 960 2095 1141 2135; x_wconf 90' lang='lat' dir='ltr'>ratione</span> <span class='ocrx_word' id='word_1_244' title='bbox 1170 2101 1355 2147; x_wconf 90' lang='lat' dir='ltr'>poterat</span> <span class='ocrx_word' id='word_1_245' title='bbox 1386 2096 1443 2135; x_wconf 89' lang='lat' dir='ltr'>ab</span> <span class='ocrx_word' id='word_1_246' title='bbox 1473 2097 1629 2148; x_wconf 89' lang='lat' dir='ltr'>aliquo</span> <span class='ocrx_word' id='word_1_247' title='bbox 1661 2097 1851 2138; x_wconf 88' lang='lat' dir='ltr'>suaderi</span> 
     </span>
     <span class='ocr_line' id='line_1_29' title="bbox 211 2166 1848 2217; baseline -0.001 -6"><span class='ocrx_word' id='word_1_248' title='bbox 211 2177 261 2212; x_wconf 89' lang='lat' dir='ltr'>ut</span> <span class='ocrx_word' id='word_1_249' title='bbox 283 2171 342 2211; x_wconf 89' lang='lat' dir='ltr'>ad</span> <span class='ocrx_word' id='word_1_250' title='bbox 363 2170 520 2210; x_wconf 90' lang='lat' dir='ltr'>mariti</span> <span class='ocrx_word' id='word_1_251' title='bbox 541 2168 830 2209; x_wconf 87' lang='lat' dir='ltr'>consortium</span> <span class='ocrx_word' id='word_1_252' title='bbox 851 2166 1004 2207; x_wconf 90' lang='lat' dir='ltr'>redire</span> <span class='ocrx_word' id='word_1_253' title='bbox 1025 2167 1166 2207; x_wconf 87' lang='lat' dir='ltr'>uellet</span> <span class='ocrx_word' id='word_1_254' title='bbox 1194 2167 1300 2217; x_wconf 89' lang='lat' dir='ltr'>(hoc</span> <span class='ocrx_word' id='word_1_255' title='bbox 1332 2167 1502 2207; x_wconf 86' lang='lat' dir='ltr'>marito</span> <span class='ocrx_word' id='word_1_256' title='bbox 1538 2167 1693 2208; x_wconf 88' lang='lat' dir='ltr'>fuerat</span> <span class='ocrx_word' id='word_1_257' title='bbox 1715 2180 1848 2209; x_wconf 84' lang='grc'>0003-</span> 
     </span>
     <span class='ocr_line' id='line_1_30' title="bbox 210 2240 1849 2290; baseline -0.001 -8"><span class='ocrx_word' id='word_1_258' title='bbox 210 2242 333 2282; x_wconf 88' lang='lat' dir='ltr'>sioni</span> <span class='ocrx_word' id='word_1_259' title='bbox 359 2247 409 2281; x_wconf 90' lang='lat' dir='ltr'>ut</span> <span class='ocrx_word' id='word_1_260' title='bbox 439 2241 581 2281; x_wconf 89' lang='lat' dir='ltr'>aliam</span> <span class='ocrx_word' id='word_1_261' title='bbox 608 2240 850 2280; x_wconf 88' lang='lat' dir='ltr'>mulierem</span> <span class='ocrx_word' id='word_1_262' title='bbox 880 2243 1151 2290; x_wconf 87' lang='lat' dir='ltr'>quaereret,</span> <span class='ocrx_word' id='word_1_263' title='bbox 1185 2249 1291 2278; x_wconf 92' lang='lat' dir='ltr'>cum</span> <span class='ocrx_word' id='word_1_264' title='bbox 1321 2249 1412 2289; x_wconf 91' lang='lat' dir='ltr'>qua</span> <span class='ocrx_word' id='word_1_265' title='bbox 1444 2250 1528 2290; x_wconf 89' lang='lat' dir='ltr'>per</span> <span class='ocrx_word' id='word_1_266' title='bbox 1554 2245 1677 2280; x_wconf 90' lang='lat' dir='ltr'>totos</span> <span class='ocrx_word' id='word_1_267' title='bbox 1707 2241 1849 2281; x_wconf 87' lang='lat' dir='ltr'>hosce</span> 
     </span>
     <span class='ocr_line' id='line_1_31' title="bbox 210 2308 1848 2362; baseline 0 -10"><span class='ocrx_word' id='word_1_268' title='bbox 210 2324 360 2352; x_wconf 93' lang='lat' dir='ltr'>annos</span> <span class='ocrx_word' id='word_1_269' title='bbox 381 2312 628 2352; x_wconf 86' lang='lat' dir='ltr'>inhoneste</span> <span class='ocrx_word' id='word_1_270' title='bbox 649 2311 844 2359; x_wconf 88' lang='lat' dir='ltr'>uiueret,</span> <span class='ocrx_word' id='word_1_271' title='bbox 869 2321 928 2349; x_wconf 83' lang='lat' dir='ltr'>ex</span> <span class='ocrx_word' id='word_1_272' title='bbox 949 2320 1042 2361; x_wconf 88' lang='lat' dir='ltr'>qua</span> <span class='ocrx_word' id='word_1_273' title='bbox 1063 2309 1157 2348; x_wconf 89' lang='lat' dir='ltr'>iam</span> <span class='ocrx_word' id='word_1_274' title='bbox 1186 2308 1305 2348; x_wconf 92' lang='lat' dir='ltr'>filios</span> <span class='ocrx_word' id='word_1_275' title='bbox 1333 2310 1701 2362; x_wconf 84' lang='lat' dir='ltr'>procreauerat&gt;;</span> <span class='ocrx_word' id='word_1_276' title='bbox 1727 2311 1848 2352; x_wconf 89' lang='lat' dir='ltr'>hanc</span> 
     </span>
     <span class='ocr_line' id='line_1_32' title="bbox 208 2379 1846 2435; baseline -0.001 -12"><span class='ocrx_word' id='word_1_277' title='bbox 208 2383 366 2435; x_wconf 88' lang='lat' dir='ltr'>itaque</span> <span class='ocrx_word' id='word_1_278' title='bbox 383 2383 626 2423; x_wconf 88' lang='lat' dir='ltr'>mulierem</span> <span class='ocrx_word' id='word_1_279' title='bbox 641 2392 762 2422; x_wconf 90' lang='lat' dir='ltr'>unus</span> <span class='ocrx_word' id='word_1_280' title='bbox 779 2393 803 2421; x_wconf 90' lang='lat' dir='ltr'>e</span> <span class='ocrx_word' id='word_1_281' title='bbox 820 2380 994 2420; x_wconf 89' lang='lat' dir='ltr'>nostris</span> <span class='ocrx_word' id='word_1_282' title='bbox 1008 2379 1306 2420; x_wconf 89' lang='lat' dir='ltr'>confitentem</span> <span class='ocrx_word' id='word_1_283' title='bbox 1319 2379 1529 2429; x_wconf 87' lang='lat' dir='ltr'>audiens,</span> <span class='ocrx_word' id='word_1_284' title='bbox 1545 2388 1642 2421; x_wconf 90' lang='lat' dir='ltr'>tam</span> <span class='ocrx_word' id='word_1_285' title='bbox 1655 2382 1846 2433; x_wconf 91' lang='lat' dir='ltr'>diligen-</span> 
     </span>
     <span class='ocr_line' id='line_1_33' title="bbox 209 2450 1845 2505; baseline -0.001 -11"><span class='ocrx_word' id='word_1_286' title='bbox 209 2460 303 2494; x_wconf 89' lang='lat' dir='ltr'>tem</span> <span class='ocrx_word' id='word_1_287' title='bbox 325 2454 451 2494; x_wconf 91' lang='lat' dir='ltr'>dedit</span> <span class='ocrx_word' id='word_1_288' title='bbox 473 2464 666 2505; x_wconf 86' lang='lat' dir='ltr'>operam</span> <span class='ocrx_word' id='word_1_289' title='bbox 686 2452 733 2492; x_wconf 91' lang='lat' dir='ltr'>in</span> <span class='ocrx_word' id='word_1_290' title='bbox 755 2463 808 2492; x_wconf 92' lang='lat' dir='ltr'>ea</span> <span class='ocrx_word' id='word_1_291' title='bbox 832 2450 890 2491; x_wconf 90' lang='lat' dir='ltr'>ad</span> <span class='ocrx_word' id='word_1_292' title='bbox 912 2451 1222 2491; x_wconf 88' lang='lat' dir='ltr'>salubriorem</span> <span class='ocrx_word' id='word_1_293' title='bbox 1239 2451 1365 2490; x_wconf 88' lang='lat' dir='ltr'>uitae</span> <span class='ocrx_word' id='word_1_294' title='bbox 1382 2456 1557 2491; x_wconf 83' lang='lat' dir='ltr'>statum</span> <span class='ocrx_word' id='word_1_295' title='bbox 1572 2458 1845 2492; x_wconf 88' lang='lat' dir='ltr'>conuerten-</span> 
     </span>
     <span class='ocr_line' id='line_1_34' title="bbox 209 2520 1848 2575; baseline -0.001 -11"><span class='ocrx_word' id='word_1_296' title='bbox 209 2524 285 2575; x_wconf 90' lang='lat' dir='ltr'>da,</span> <span class='ocrx_word' id='word_1_297' title='bbox 310 2530 359 2564; x_wconf 87' lang='lat' dir='ltr'>ut</span> <span class='ocrx_word' id='word_1_298' title='bbox 379 2524 444 2564; x_wconf 90' lang='lat' dir='ltr'>illi</span> <span class='ocrx_word' id='word_1_299' title='bbox 467 2524 576 2574; x_wconf 90' lang='lat' dir='ltr'>(non</span> <span class='ocrx_word' id='word_1_300' title='bbox 597 2524 696 2563; x_wconf 90' lang='lat' dir='ltr'>sine</span> <span class='ocrx_word' id='word_1_301' title='bbox 718 2533 891 2573; x_wconf 91' lang='lat' dir='ltr'>magno</span> <span class='ocrx_word' id='word_1_302' title='bbox 912 2520 1089 2572; x_wconf 89' lang='lat' dir='ltr'>labore)</span> <span class='ocrx_word' id='word_1_303' title='bbox 1119 2521 1407 2572; x_wconf 85' lang='lat' dir='ltr'>persuaserit</span> <span class='ocrx_word' id='word_1_304' title='bbox 1435 2521 1574 2561; x_wconf 87' lang='lat' dir='ltr'>uellet</span> <span class='ocrx_word' id='word_1_305' title='bbox 1603 2522 1663 2562; x_wconf 91' lang='lat' dir='ltr'>ad</span> <span class='ocrx_word' id='word_1_306' title='bbox 1690 2523 1848 2563; x_wconf 88' lang='lat' dir='ltr'>mariti</span> 
     </span>
     <span class='ocr_line' id='line_1_35' title="bbox 207 2591 1848 2646; baseline -0.001 -11"><span class='ocrx_word' id='word_1_307' title='bbox 207 2595 414 2646; x_wconf 79' lang='lat' dir='ltr'>gratiam</span> <span class='ocrx_word' id='word_1_308' title='bbox 435 2595 603 2635; x_wconf 88' lang='lat' dir='ltr'>redire:</span> <span class='ocrx_word' id='word_1_309' title='bbox 627 2605 746 2645; x_wconf 90' lang='lat' dir='ltr'>quae</span> <span class='ocrx_word' id='word_1_310' title='bbox 766 2594 876 2643; x_wconf 89' lang='lat' dir='ltr'>iam,</span> <span class='ocrx_word' id='word_1_311' title='bbox 900 2604 993 2633; x_wconf 90' lang='lat' dir='ltr'>non</span> <span class='ocrx_word' id='word_1_312' title='bbox 1015 2592 1103 2632; x_wconf 91' lang='lat' dir='ltr'>hoc</span> <span class='ocrx_word' id='word_1_313' title='bbox 1129 2593 1279 2632; x_wconf 88' lang='lat' dir='ltr'>solum</span> <span class='ocrx_word' id='word_1_314' title='bbox 1308 2596 1543 2643; x_wconf 85' lang='lat' dir='ltr'>contenta,</span> <span class='ocrx_word' id='word_1_315' title='bbox 1565 2591 1684 2632; x_wconf 90' lang='lat' dir='ltr'>filios</span> <span class='ocrx_word' id='word_1_316' title='bbox 1706 2593 1848 2634; x_wconf 91' lang='lat' dir='ltr'>etiam</span> 
     </span>
     <span class='ocr_line' id='line_1_36' title="bbox 208 2661 1846 2714; baseline 0 -9"><span class='ocrx_word' id='word_1_317' title='bbox 208 2665 498 2705; x_wconf 86' lang='lat' dir='ltr'>adulterinos</span> <span class='ocrx_word' id='word_1_318' title='bbox 520 2665 728 2705; x_wconf 90' lang='lat' dir='ltr'>decreuit</span> <span class='ocrx_word' id='word_1_319' title='bbox 749 2664 808 2704; x_wconf 91' lang='lat' dir='ltr'>ad</span> <span class='ocrx_word' id='word_1_320' title='bbox 829 2669 1033 2704; x_wconf 88' lang='lat' dir='ltr'>aetatem</span> <span class='ocrx_word' id='word_1_321' title='bbox 1049 2674 1196 2714; x_wconf 91' lang='lat' dir='ltr'>usque</span> <span class='ocrx_word' id='word_1_322' title='bbox 1213 2661 1473 2713; x_wconf 85' lang='lat' dir='ltr'>perfectam</span> <span class='ocrx_word' id='word_1_323' title='bbox 1490 2662 1536 2702; x_wconf 92' lang='lat' dir='ltr'>in</span> <span class='ocrx_word' id='word_1_324' title='bbox 1557 2663 1751 2714; x_wconf 87' lang='lat' dir='ltr'>propria</span> <span class='ocrx_word' id='word_1_325' title='bbox 1770 2664 1846 2705; x_wconf 92' lang='lat' dir='ltr'>do-</span> 
     </span>
     <span class='ocr_line' id='line_1_37' title="bbox 207 2732 1847 2787; baseline -0.001 -11"><span class='ocrx_word' id='word_1_326' title='bbox 207 2747 285 2776; x_wconf 90' lang='lat' dir='ltr'>mo</span> <span class='ocrx_word' id='word_1_327' title='bbox 308 2747 484 2787; x_wconf 89' lang='lat' dir='ltr'>suoque</span> <span class='ocrx_word' id='word_1_328' title='bbox 513 2736 682 2775; x_wconf 89' lang='lat' dir='ltr'>sudore</span> <span class='ocrx_word' id='word_1_329' title='bbox 709 2735 904 2774; x_wconf 89' lang='lat' dir='ltr'>nutrire.</span> <span class='ocrx_word' id='word_1_330' title='bbox 940 2733 1049 2773; x_wconf 88' lang='lat' dir='ltr'>Alia</span> <span class='ocrx_word' id='word_1_331' title='bbox 1076 2733 1257 2783; x_wconf 88' lang='lat' dir='ltr'>mulier,</span> <span class='ocrx_word' id='word_1_332' title='bbox 1289 2744 1315 2772; x_wconf 90' lang='lat' dir='ltr'>a</span> <span class='ocrx_word' id='word_1_333' title='bbox 1344 2732 1512 2772; x_wconf 90' lang='lat' dir='ltr'>marito</span> <span class='ocrx_word' id='word_1_334' title='bbox 1541 2733 1589 2773; x_wconf 92' lang='lat' dir='ltr'>in</span> <span class='ocrx_word' id='word_1_335' title='bbox 1616 2733 1847 2775; x_wconf 88' lang='lat' dir='ltr'>adulterio</span> 
     </span>
     <span class='ocr_line' id='line_1_38' title="bbox 207 2802 1843 2858; baseline -0.001 -11"><span class='ocrx_word' id='word_1_336' title='bbox 207 2806 514 2858; x_wconf 88' lang='lat' dir='ltr'>deprehensa,</span> <span class='ocrx_word' id='word_1_337' title='bbox 538 2806 723 2857; x_wconf 90' lang='lat' dir='ltr'>fugiens</span> <span class='ocrx_word' id='word_1_338' title='bbox 743 2806 910 2856; x_wconf 89' lang='lat' dir='ltr'>ipsum,</span> <span class='ocrx_word' id='word_1_339' title='bbox 931 2805 978 2843; x_wconf 94' lang='lat' dir='ltr'>in</span> <span class='ocrx_word' id='word_1_340' title='bbox 999 2803 1163 2843; x_wconf 88' lang='lat' dir='ltr'>matris</span> <span class='ocrx_word' id='word_1_341' title='bbox 1178 2814 1290 2842; x_wconf 85' lang='lat' dir='ltr'>suae</span> <span class='ocrx_word' id='word_1_342' title='bbox 1309 2802 1496 2843; x_wconf 91' lang='lat' dir='ltr'>domum</span> <span class='ocrx_word' id='word_1_343' title='bbox 1514 2815 1564 2844; x_wconf 88' lang='lat' dir='ltr'>se</span> <span class='ocrx_word' id='word_1_344' title='bbox 1580 2811 1843 2857; x_wconf 86' lang='lat' dir='ltr'>receperat:</span> 
     </span>
     <span class='ocr_line' id='line_1_39' title="bbox 212 2874 1845 2929; baseline -0.001 -11"><span class='ocrx_word' id='word_1_345' title='bbox 212 2889 354 2929; x_wconf 90' lang='lat' dir='ltr'>quam</span> <span class='ocrx_word' id='word_1_346' title='bbox 375 2883 524 2918; x_wconf 89' lang='lat' dir='ltr'>mater</span> <span class='ocrx_word' id='word_1_347' title='bbox 546 2877 812 2928; x_wconf 86' lang='lat' dir='ltr'>admittens,</span> <span class='ocrx_word' id='word_1_348' title='bbox 842 2875 1103 2915; x_wconf 87' lang='lat' dir='ltr'>incredibili</span> <span class='ocrx_word' id='word_1_349' title='bbox 1130 2885 1357 2925; x_wconf 88' lang='lat' dir='ltr'>generum</span> <span class='ocrx_word' id='word_1_350' title='bbox 1385 2884 1522 2914; x_wconf 92' lang='lat' dir='ltr'>suum</span> <span class='ocrx_word' id='word_1_351' title='bbox 1552 2874 1658 2916; x_wconf 91' lang='lat' dir='ltr'>odio</span> <span class='ocrx_word' id='word_1_352' title='bbox 1687 2888 1845 2927; x_wconf 89' lang='lat' dir='ltr'>prose-</span> 
     </span>
     <span class='ocr_line' id='line_1_40' title="bbox 206 2944 1845 3000; baseline 0 -12"><span class='ocrx_word' id='word_1_353' title='bbox 206 2948 451 3000; x_wconf 88' lang='lat' dir='ltr'>quebatur:</span> <span class='ocrx_word' id='word_1_354' title='bbox 470 2948 593 2987; x_wconf 90' lang='lat' dir='ltr'>hanc</span> <span class='ocrx_word' id='word_1_355' title='bbox 610 2948 851 2987; x_wconf 88' lang='lat' dir='ltr'>mulierem</span> <span class='ocrx_word' id='word_1_356' title='bbox 869 2946 1046 2986; x_wconf 87' lang='lat' dir='ltr'>audiuit</span> <span class='ocrx_word' id='word_1_357' title='bbox 1065 2945 1184 2984; x_wconf 84' lang='lat' dir='ltr'>alius</span> <span class='ocrx_word' id='word_1_358' title='bbox 1201 2944 1355 2995; x_wconf 88' lang='lat' dir='ltr'>Pater,</span> <span class='ocrx_word' id='word_1_359' title='bbox 1374 2945 1467 2996; x_wconf 90' lang='lat' dir='ltr'>qui,</span> <span class='ocrx_word' id='word_1_360' title='bbox 1487 2946 1642 2986; x_wconf 89' lang='lat' dir='ltr'>virum</span> <span class='ocrx_word' id='word_1_361' title='bbox 1659 2947 1758 2988; x_wconf 82' lang='lat' dir='ltr'>elus</span> <span class='ocrx_word' id='word_1_362' title='bbox 1781 2948 1845 2988; x_wconf 89' lang='lat' dir='ltr'>al-</span> 
     </span>
    </p>
   </div>
  </div>
 </body>
</html>
