2028 3328
215 123 256 132 7--

220 122 285 158 200
714 121 939 157 LITTERAE
965 129 1324 163 QUADmMESTREs

214 224 297 257 ret.
322 217 488 257 Euenit
508 224 752 268 praeterea
774 223 884 256 tunc
917 223 963 256 vt
991 217 1129 255 homo
1161 215 1349 266 quidam
1371 215 1448 265 qui
1479 214 1595 254 duos
1617 225 1766 254 annos
1799 215 1847 254 in

213 295 408 340 peccato
443 289 728 340 perstiterat,
765 289 933 339 quique
970 287 1155 326 Patrem
1187 285 1452 325 huiusmodi
1487 285 1846 325 concionantem

214 360 441 409 illuserat,
480 366 731 410 antequam
765 361 987 410 templum
1023 357 1325 408 egrederetur
1362 355 1419 395 ad
1456 355 1709 395 Dominum
1741 367 1846 395 con-

216 442 381 471 uersus
412 430 549 470 fuerit
581 438 846 482 statumque
878 429 1058 480 peccati
1089 428 1339 479 reliquerit.
1374 427 1439 466 Re.
1472 434 1625 466 autern
1662 427 1751 466 hac
1779 426 1845 466 sic

214 501 442 551 confecta,
479 501 616 541 Pater
649 501 706 541 ad
738 503 934 552 lupanar
965 510 1184 539 reuersus
1215 498 1409 538 adduxit
1441 509 1601 537 secum
1633 497 1848 537 homines

213 574 309 613 fere
332 573 700 625 quadringentos
723 574 780 612 ab
803 584 856 611 eo
878 573 981 611 loco
1004 582 1151 621 Vsque
1173 570 1219 609 in
1236 571 1459 621 templum
1475 569 1746 617 maximum,
1767 568 1845 608 do-

215 645 414 684 ctrinam
436 644 741 684 christianam
763 644 1081 682 decantantes.
1108 640 1182 681 Ad
1203 641 1320 680 haec
1343 652 1506 680 seruus
1529 640 1718 691 quidam
1739 639 1846 689 Dei,

213 715 272 756 ad
294 727 374 755 eas
396 727 515 766 quae
537 720 858 754 remanserant
877 724 1108 762 reuersuS,
1130 712 1327 762 singulis
1345 723 1506 751 earum
1523 711 1656 750 binos
1678 721 1843 761 argen-

213 793 313 827 teos
334 787 525 826 donauit
546 799 602 826 ne
624 786 835 825 homines
856 785 974 824 ullos
995 790 1131 823 nocte
1149 784 1226 823 illa
1245 784 1303 823 ad
1321 795 1369 823 se
1388 782 1699 832 admitterent3
1720 781 1846 833 quod

214 859 278 898 ita
298 858 474 898 factum
496 869 597 897 esse
618 856 928 908 percepimus.
951 855 1036 894 His
1058 862 1213 894 autem
1235 855 1397 894 diebus
1419 854 1634 894 omnibus
1653 854 1847 893 eleemo—

213 941 356 980 synas
386 930 556 968 multas
586 927 743 978 largiti
780 932 886 966 sunt
914 931 964 965 vt
990 937 1071 966 aes
1101 926 1327 973 alienum,
1359 926 1481 977 quod
1512 925 1599 964 hae
1627 923 1846 963 mulieres

213 1006 570 1049 contraxerant,
594 999 938 1050 persoluerent‚
970 1003 1013 1037 et
1039 997 1309 1037 earumdem
1338 996 1476 1036 saluti
1504 997 1842 1036 consuleretur.

213 1071 318 1111 Fuit
338 1070 533 1120 iuuenis,
558 1070 635 1120 qui
657 1069 853 1120 largitus
875 1075 944 1108 est
962 1069 1226 1119 complures
1249 1068 1444 1107 ducatos
1465 1078 1656 1117 aureos,
1677 1066 1847 1118 quique

212 1153 298 1182 vas
321 1148 596 1191 argenteum
618 1142 720 1180 loco
742 1140 967 1191 pecuniae
988 1139 1252 1190 porrigeret
1270 1139 1329 1178 ad
1346 1150 1426 1178 eas
1443 1149 1551 1178 aere
1570 1138 1721 1177 alieno
1738 1136 1843 1177 libc-

213 1212 401 1252 randaS.
448 1212 647 1262 Quidam
692 1217 853 1250 noster
907 1210 1083 1250 audiuit
1134 1209 1452 1250 confessiones
1493 1208 1845 1260 quatuordecim

213 1295 401 1334 earum3
438 1294 635 1334 quarum
668 1282 900 1333 quaedam
929 1287 1214 1333 nupserunt,
1253 1281 1371 1321 aliae
1406 1286 1634 1331 parantur
1669 1279 1727 1319 ad
1766 1290 1846 1319 nu—

214 1355 349 1406 ptias,
387 1354 504 1394 aliae
539 1364 814 1405 permanere
849 1353 1040 1404 cupiunt
1075 1352 1199 1404 apud
1233 1363 1328 1402 eos,
1367 1363 1393 1391 a
1429 1351 1595 1402 quibus
1630 1356 1848 1402 receptae

213 1432 333 1465 sunt:
357 1425 571 1465 omnibus
593 1424 790 1476 denique
811 1424 900 1463 illis
922 1423 1018 1464 sere
1043 1424 1118 1464 via
1148 1423 1313 1463 salutis
1341 1423 1504 1474 peruia
1539 1422 1845 1473 conspicitur.

214 1496 304 1536 Sed
324 1508 470 1548 Vsque
492 1495 608 1536 adeo
628 1495 861 1535 Dominus
882 1495 1120 1534 hominum
1141 1494 1324 1534 animos
1347 1494 1406 1533 ad
1432 1494 1521 1533 hoc
1544 1504 1660 1544 opus
1691 1503 1846 1544 prose—

214 1567 445 1618 quendum
474 1567 750 1617 commouit,
785 1573 835 1606 vt
861 1577 1107 1606 numerum
1133 1565 1318 1605 illarum
1345 1564 1594 1604 excederet
1624 1574 1847 1604 numerus

214 1649 374 1677 eorum
396 1638 474 1689 qui
495 1649 576 1677 eas
598 1644 808 1689 peterent
828 1638 889 1678 ad
916 1636 1215 1677 collocandas
1237 1636 1440 1676 easdem.

294 1708 518 1749 Omnibus
536 1721 677 1760 supra
699 1709 971 1749 memoratis
993 1708 1155 1748 diebus
1177 1707 1349 1758 singuli
1370 1706 1534 1747 Patres
1556 1718 1661 1746 cum
1691 1705 1845 1746 fratri—

213 1781 296 1819 bus
324 1780 522 1831 singulis
551 1792 600 1820 se
628 1781 674 1820 in
706 1791 850 1831 agros
879 1779 1145 1819 hominibus
1171 1779 1335 1830 plenos
1366 1778 1542 1818 chartis
1573 1783 1711 1828 atque
1740 1777 1845 1817 aliis

213 1851 362 1891 modis
383 1851 648 1891 ludentibus
670 1850 989 1899 conferebant,
1014 1861 1186 1902 eosque
1209 1855 1527 1900 congregatos
1548 1859 1707 1888 secum
1738 1847 1846 1888 inde

213 1923 443 1962 ducebant
473 1922 533 1962 ad
559 1923 782 1974 templum
809 1921 998 1973 aliquod
1027 1921 1291 1961 doctrinam
1320 1920 1626 1960 christianam
1655 1924 1846 1959 cantan-

213 1999 303 2043 tes,
340 2004 430 2044 quo
459 2005 562 2033 cun}
593 1990 938 2045 peruenissent,
968 1992 1189 2032 nonnulla
1221 1992 1484 2043 spiritualia
1513 2003 1592 2031 eos
1624 1991 1847 2030 docentes

213 2064 376 2104 domos
397 2076 507 2104 suas
527 2064 884 2104 remittebantur
901 2063 1010 2114 (sic)
1027 2063 1272 2102 laudantes
1288 2062 1557 2113 Dominum,
1576 2062 1623 2101 in
1640 2073 1730 2113 qua
1749 2062 1845 2113 qui·

213 2135 316 2175 dem
338 2135 673 2175 exercitatione
696 2141 880 2186 tempus
907 2134 1228 2186 uespertinum
1260 2134 1523 2185 impensum
1546 2139 1629 2173 est.
1653 2133 1724 2173 Ex
1754 2144 1845 2184 qua

213 2218 263 2245 re
284 2212 382 2245 tota
399 2206 566 2246 ciuitas
583 2212 818 2246 commota
837 2206 936 2256 fuit,
956 2211 1001 2245 et
1023 2205 1217 2257 proinde
1234 2204 1341 2245 festi
1359 2204 1457 2244 dies
1473 2205 1589 2245 bene
1607 2203 1722 2244 satis
1739 2215 1846 2244 con-

214 2276 402 2327 sumpti.

293 2347 381 2387 Die
412 2353 658 2398 praeterea
688 2347 1071 2388 Circumcisionis
1100 2346 1292 2387 Domini
1327 2345 1417 2386 duo
1447 2345 1612 2386 Patres
1638 2347 1844 2397 plateam

215 2418 480 2469 quamdam,
504 2418 583 2458 ubi
603 2419 850 2470 plusquam
871 2418 994 2458 mille
1017 2418 1257 2458 hominum
1281 2423 1434 2467 erant,
1458 2417 1730 2468 inuiserunt;
1762 2418 1845 2457 sed

214 2489 425 2529 homines
447 2489 512 2529 illi
540 2501 589 2529 se
620 2501 673 2529 eo
704 2490 1000 2530 contulerant
1029 2496 1080 2529 vt
1106 2489 1534 2540 contemplarentur
1562 2489 1842 2540 neophytos,

216 2560 294 2611 qui
314 2571 368 2599 eo
392 2560 464 2600 die
486 2561 727 2611 coquendo
748 2561 872 2600 melli
892 2560 1049 2600 coctili
1069 2571 1260 2611 operam
1282 2560 1471 2600 dabant:
1492 2561 1610 2599 alter
1630 2559 1720 2599 illis
1736 2571 1845 2599 con-

217 2631 430 2670 cionatus
452 2638 535 2681 est,
569 2631 685 2670 alter
706 2631 969 2671 doctrinam
1000 2642 1106 2671 curn
1127 2631 1256 2670 socio
1284 2630 1580 2680 decantabat,
1605 2636 1648 2670 et
1669 2630 1844 2681 praeci-

217 2712 304 2751 pue
322 2701 470 2740 seruis
488 2701 794 2753 aethiopibus.
811 2702 897 2741 His
910 2701 1098 2742 tandem
1114 2702 1251 2742 rebus
1268 2701 1576 2741 daemonibus
1592 2701 1711 2741 festa
1728 2701 1846 2741 haec

217 2772 336 2810 male
368 2771 651 2811 ceciderunt.
685 2771 908 2822 Populum
940 2780 1095 2812 autem
1117 2772 1253 2812 valde
1283 2773 1572 2824 multumque
1603 2772 1846 2812 consolata

216 2848 323 2880 sunt
363 2848 499 2893 atque
546 2841 866 2882 aedificarunt.
915 2842 1076 2883 Gloria
1122 2844 1264 2894 igitur
1303 2843 1361 2883 sit
1407 2843 1536 2883 Patri
1582 2843 1841 2883 misericor-

218 2911 415 2953 diarum.
