2028 3328
185 140 230 173 :Uo
680 124 899 161 LirrERAE
918 118 1266 158 QUADRIMESTRES

189 233 272 270 bus
294 226 573 268 scholaribus
596 219 772 261 habitus
793 218 1030 256 honestate
1058 214 1234 248 certare
1265 209 1429 251 eosque
1457 203 1678 245 superare
1706 192 1779 230 vi«

193 304 397 343 deantur,
430 298 540 335 inter
574 302 684 343 quos
715 286 914 339 reperias
941 294 1030 322 non
1059 287 1230 331 paucos
1264 269 1486 313 nobilibus
1514 268 1781 317 prognatos

196 369 467 421 parentibus.
495 362 665 404 Crescit
700 368 854 399 ciffum
889 351 1086 405 quotidie
1115 354 1328 388 numerus
1356 346 1491 389 atque
1520 334 1770 387 profectus.

198 441 458 489 Loquuntur
487 436 572 474 iam
600 432 733 471 latine
761 422 1047 475 grammatici
1075 427 1116 460 ct
1144 431 1168 457 a
1198 407 1570 467 praeceptoribus
1598 404 1774 481 dictata

196 519 236 549 et
259 509 471 559 epistolas
493 519 517 544 a
539 516 585 542 se
608 502 713 552 ipsis
734 497 1018 547 excogitatas
1039 491 1326 539 componunt.
1350 478 1480 531 Quod
1502 488 1614 517 sane
1631 484 1778 515 nimis

198 580 428 618 desuetum
449 583 544 615 erat
566 573 696 612 huius
717 566 915 619 regionis
936 558 1234 603 scholasticis.
1253 555 1474 595 Rhetores
1496 553 1650 588 autem
1667 555 1784 585 suas

203 649 362 688 liabent
386 644 695 685 conclusiones
717 647 757 679 et
775 634 1142 679 declamationes
1163 638 1272 680 quas
1288 622 1467 675 quidem
1487 615 1783 670 frequentius.

204 719 366 757 habere
401 715 674 759 desiderant;
714 718 870 748 verum
904 706 968 745 eis
996 714 1083 743 non
1112 701 1213 740 licet
1242 707 1319 748 per
1354 693 1539 733 Patrem
1567 694 1782 729 nostrum

204 796 383 838 propter
401 785 643 825 maximum
660 787 846 826 aestum,
866 776 940 827 qui
958 786 1040 813 nos
1056 772 1127 812 hic
1144 769 1336 810 infestat.
1352 761 1520 804 Graeci
1536 771 1670 801 suam
1686 758 1784 798 iam

204 857 383 896 audiere
404 863 559 897 artem,
581 862 713 902 quam
735 847 933 889 nonnulli
954 845 1089 884 etiam
1111 837 1306 892 profiteri
1326 838 1526 886 possent.
1550 831 1611 871 Hi
1640 829 1781 870 etiam

205 937 416 973 graecum
455 929 663 963 exercent
702 916 1092 969 compositionem,
1132 910 1204 962 qui
1236 906 1416 959 quidem
1450 909 1494 944 et
1527 901 1703 942 assidui
1737 906 1788 940 et

209 997 331 1035 multi
353 995 538 1034 extitere
560 1003 665 1043 prae
687 991 784 1037 illis,
808 988 882 1039 qui
903 982 1202 1026 Salmanticae
1223 986 1356 1029 atque
1379 973 1611 1026 Compluti
1632 972 1783 1013 solent

209 1077 326 1112 essex
355 1065 477 1104 multi
498 1064 657 1114 quippe
688 1061 775 1100 illic
796 1067 988 1108 graecas
1009 1055 1162 1094 literas
1183 1048 1335 1090 audire
1356 1046 1592 1095 inchoant;
1626 1043 1787 1084 admo-

209 1137 312 1176 dum
348 1147 454 1174 vero
485 1145 586 1173 raro
619 1130 775 1182 viginti
806 1130 1111 1180 perseuerant.
1142 1122 1225 1162 Hic
1259 1124 1411 1159 autem
1443 1115 1789 1167 quinquaginta

214 1216 313 1246 sunt
335 1205 551 1256 auspicati
577 1235 583 1251 ,
607 1212 761 1241 verum
784 1200 932 1250 plures
952 1195 1137 1247 triginta
1157 1200 1462 1243 permansere.

289 1276 405 1316 Inter
426 1276 505 1313 hos
527 1274 675 1323 itaque
696 1269 991 1310 scholasticos
1017 1263 1195 1317 plurimi
1216 1267 1334 1301 certe
1354 1263 1460 1299 sunt
1478 1289 1486 1309 ,
1510 1257 1589 1309 qui
1615 1261 1790 1297 octauo>

213 1357 385 1397 quoque
424 1345 492 1384 die
529 1342 795 1382 confitentur
826 1347 957 1389 atque
983 1333 1313 1376 communicant
1352 1340 1575 1380 suamque
1610 1327 1786 1368 habent

212 1416 460 1455 orationem
479 1413 730 1452 mentalem.
753 1409 863 1449 Sunt
884 1407 1024 1456 multi,
1047 1405 1120 1456 qui
1141 1401 1350 1444 monachi
1370 1412 1471 1440 esse
1491 1399 1680 1449 vellent,
1706 1398 1786 1438 alii

212 1484 488 1535 Hieronymi,
510 1481 731 1522 Dominici
752 1479 845 1528 alii,
869 1478 944 1518 alii
964 1475 1215 1523 Francisci,
1239 1473 1313 1513 alii
1334 1472 1472 1512 etiam
1498 1470 1672 1521 nostri,
1707 1469 1792 1521 qui

211 1555 386 1606 quidem
420 1553 671 1593 detinentur
698 1557 743 1590 vt
769 1548 1080 1599 experiantur,
1117 1545 1261 1585 media
1286 1550 1419 1584 nocte
1449 1541 1705 1593 surgendo,
1735 1552 1786 1580 se

214 1627 332 1675 ipsos
353 1622 633 1673 flagellandO,
655 1628 701 1660 vt
718 1620 817 1660 inde
833 1618 1129 1670 perspiciatur
1145 1615 1291 1656 idonei
1306 1626 1449 1654 necne
1472 1613 1530 1654 ad
1547 1613 1675 1653 illum
1692 1617 1787 1652 sta-

212 1705 302 1734 tum
323 1694 634 1740 exhibeantur;
664 1689 782 1742 quod
809 1689 845 1729 si
871 1689 1006 1728 etiam
1026 1687 1167 1727 nostri
1191 1686 1328 1726 futuri
1349 1685 1460 1736 sint,
1483 1684 1577 1724 iam
1605 1683 1661 1724 de
1684 1695 1789 1724 cae—⁷

210 1772 306 1803 tero
330 1764 395 1803 his
417 1762 581 1802 assueti
602 1761 899 1800 inueniantur.
929 1758 1013 1798 Tot
1032 1758 1212 1798 venient
1231 1756 1288 1796 ad
1307 1768 1391 1796 nos
1412 1756 1471 1796 ad
1491 1755 1666 1795 Diuum
1697 1754 1786 1794 Lu-

211 1845 324 1880 cam,
348 1841 394 1872 vt
415 1844 489 1872 eos
509 1840 660 1871 nostra
681 1830 918 1881 gymnasia
940 1840 1100 1879 capere
1119 1840 1208 1868 non
1231 1827 1421 1879 possint.
1444 1826 1663 1867 Peruenit
1694 1825 1790 1865 huc

216 1903 259 1942 l'.
284 1902 451 1942 Doctor
478 1902 640 1941 'l'orres
670 1900 810 1951 pridie
837 1898 1028 1951 Spiritus
1055 1898 1203 1939 Sancti
1231 1899 1471 1949 attulitque
1498 1896 1791 1938 Salmantica

213 1984 362 2012 secum
382 1972 493 2011 alios
505 1978 694 2022 quatuor
711 1981 734 2019 ¹,
755 1981 943 2020 quorum
955 1970 1132 2021 quidem
1145 1969 1340 2009 aduentu
1353 1969 1518 2009 mirum
1536 1969 1583 2009 in
1596 1967 1789 2008 modum

214 2043 254 2081 in
275 2042 464 2081 Domino
480 2041 686 2080 delectati
703 2051 868 2080 sumus
888 2040 1162 2080 Videbamus
1178 2040 1341 2091 quippe
1357 2040 1644 2091 geminatum
1661 2050 1794 2080 rece*

217 2111 332 2162 pisse
349 2111 566 2162 spiritum.
588 2110 754 2150 Fecere
774 2110 818 2150 id
837 2110 983 2161 ipsum
1002 2109 1219 2150 Dominus
1238 2111 1440 2164 Joannes
1457 2110 1690 2161 Corduba,
1710 2110 1793 2162 qui

217 2181 449 2220 videbatur
467 2192 573 2232 prae
589 2180 755 2229 gaudio
772 2180 889 2231 apud
905 2192 952 2220 se
967 2192 1056 2220 non
1071 2180 1221 2232 fuisse3
1241 2181 1399 2222 aderat
1420 2181 1541 2222 enim
1564 2182 1688 2233 apud
1703 2193 1796 2222 nos

216 2262 315 2290 eum
338 2250 467 2290 Pater
488 2251 673 2290 veniret.
697 2250 780 2290 Die
796 2262 904 2291 vero
920 2252 1134 2302 sequenti,
1157 2252 1201 2292 id
1216 2258 1283 2293 est
1300 2252 1558 2304 Paschatis‚
1583 2252 1791 2293 secundo

217 2331 316 2359 cum
334 2320 503 2359 duobus
519 2320 748 2360 canonicis
764 2320 819 2360 ad
835 2332 918 2361 nos
934 2333 1141 2362 reuersus
1157 2329 1237 2363 est,
1255 2322 1516 2375 Fecereque
1535 2323 1668 2364 nobis
1688 2335 1790 2375 per—

218 2400 351 2439 quam
372 2391 568 2429 solemne
593 2402 771 2430 sacrum
790 2402 891 2431 cum
919 2402 1083 2442 magna
1113 2393 1314 2444 profecto
1342 2406 1626 2446 organorum
1648 2400 1788 2447 atque

218 2466 460 2498 concentus
477 2461 691 2510 armonia,
710 2460 878 2512 fuitque
894 2463 1085 2503 conuiua
1101 2471 1267 2516 noster,
1286 2466 1359 2505 vel
1375 2478 1460 2506 nos
1481 2466 1634 2518 potius
1649 2466 1793 2506 illius„

222 2528 436 2568 Dominus
458 2530 560 2569 item
580 2529 816 2581 Inquisitor
836 2531 995 2581 Villar,
1017 2533 1090 2585 qui
1111 2534 1198 2574 iam
1219 2536 1327 2576 olim
1346 2548 1518 2588 magna
1539 2536 1667 2578 Patri
1682 2536 1795 2578 Pro-

274 2755 282 2773 ·
324 2755 362 2782 Hi
377 2761 517 2789 quatuor
534 2757 649 2785 Patres
663 2759 762 2786 sucre:
777 2760 917 2792 Joannes
931 2761 1052 2791 Suarez
1067 2766 1118 2792 vel
1134 2765 1275 2801 Xuarez,
1290 2768 1522 2798 Gundisalvus
1535 2770 1704 2799 Gonzalez
1733 2770 1798 2798 Al-

225 2802 367 2834 phonsus
381 2803 417 2829 de
433 2803 549 2837 Avila,
564 2806 616 2838 qui
631 2811 744 2839 postea
765 2807 799 2835 P.
814 2807 923 2836 Basilii
945 2811 1069 2839 nomine
1085 2817 1211 2842 tantum
1226 2819 1277 2842 est
1292 2817 1486 2851 appellatus
1520 2821 1553 2845 et
1568 2818 1696 2846 Paulus
1710 2791 1795 2846 ’Her-

224 2848 355 2875 nnndcz:
372 2849 429 2875 hos
445 2849 559 2877 Patres
574 2852 634 2878 duo
657 2853 776 2881 fratres
797 2855 1055 2893 comitabantur,
1070 2867 1201 2895 nempe:
1217 2861 1362 2895 Joannes
1384 2839 1564 2893 Gutierrez
1586 2869 1620 2893 et
1640 2865 1799 2893 Didacus

225 2893 346 2928 Lopcz.
362 2895 441 2922 Vide
458 2896 632 2929 Vnum-iit,
647 2899 790 2934 Colegtos
806 2902 845 2929 de
860 2902 1010 2938 castula,
1024 2905 1283 2938 Salmanticense
1298 2909 1496 2946 Collegium.
1818 2900 1819 2903 Ἰ
