2028 3328
201 140 270 177 766
717 139 942 177 LITTERAE
962 149 1320 183 QUADRIMESTRES

199 237 365 285 nullaS,
391 247 509 287 quas
536 236 670 276 nobis
697 236 757 276 ad
785 247 922 276 sacra
953 236 1167 276 facienda
1199 235 1416 286 princeps
1452 236 1717 276 cardinalis
1751 238 1830 277 tri-

198 308 377 356 buerat,
404 319 512 347 aras
533 313 578 347 et
597 307 680 346 4.οΓ
709 308 1020 348 tintinnabula
1043 308 1180 347 huius
1202 306 1400 356 Collegii
1421 308 1643 347 sacrauit.

278 379 363 419 His
384 379 605 430 peractis,
628 378 774 419 fratre
795 379 998 430 quodam
1021 378 1199 418 itineris
1221 378 1390 417 comite
1407 378 1493 417 sibi
1511 379 1746 428 adiuncto,
1765 380 1831 420 6.⁰

199 451 420 492 calendas
456 449 672 491 Octobris
703 451 762 490 ad
797 450 1065 490 chrismatis
1095 460 1263 488 munus
1294 449 1557 489 obeundum
1593 451 1828 500 profectus

197 529 289 573 est;
313 522 605 562 vehebantur
627 529 780 561 autem
803 521 939 561 mulis
961 520 1231 568 clitellariis,
1252 527 1296 559 et
1314 532 1596 571 quamquam
1619 524 1828 562 nonnulli

197 607 223 634 a
246 593 461 644 Principe
484 593 720 633 Cardinali
743 593 878 632 valde
901 591 1239 631 contenderunt
1261 603 1317 630 ne
1336 592 1381 631 id
1398 598 1650 643 pateretur,
1671 600 1826 633 tamen

196 666 303 717 quia
327 665 531 716 Principi
555 665 793 704 Cardinali
817 664 967 702 Patris
988 663 1212 713 Episcopi
1244 663 1490 702 consilium
1522 664 1824 714 probabatur,

194 737 309 777 nihil
332 737 513 776 efficere
537 743 801 786 potuerunt,
826 747 911 774 nec
934 733 1062 774 Deus
1084 740 1177 785 opt.
1203 745 1346 783 max„
1378 735 1509 774 cuius
1540 740 1653 774 nutu
1681 742 1725 775 et
1758 748 1827 776 ar-

193 808 333 848 bitrio
358 808 515 848 omnia
538 814 781 858 reguntur,
807 806 850 845 id
872 806 973 845 fieri
995 805 1217 856 permisit.
1243 805 1309 844 Eo
1332 806 1430 856 ipso
1460 806 1533 845 die
1562 817 1652 856 quo
1680 807 1826 857 profe-

193 886 296 920 ctus
331 886 401 919 est
435 879 574 919 Pater
609 878 884 928 Episcopus,
922 877 1137 926 fratrem,
1177 888 1314 928 quem
1350 877 1567 916 comitem
1607 878 1823 925 habebat,

190 952 378 1002 rogauit
400 957 450 991 vt
472 951 627 990 omnia
650 960 971 1000 quaecumque
995 961 1021 988 a
1043 960 1092 988 se
1114 949 1267 988 minus
1288 954 1414 987 recte
1437 948 1514 999 agi
1535 949 1823 998 viderentur,

190 1023 438 1073 diligenter
459 1027 659 1070 notaret,
684 1032 825 1072 seque
848 1021 904 1060 de
926 1020 998 1060 his
1028 1020 1315 1060 admoneret.
1350 1018 1653 1059 Sacerdotem
1683 1020 1823 1060 etiam

190 1094 453 1145 quemdam,
478 1104 615 1144 quem
636 1092 861 1143 Princeps
882 1091 1148 1132 Cardinalis
1170 1102 1278 1131 cum
1298 1102 1353 1130 eo
1375 1090 1582 1141 miserat,
1608 1091 1825 1131 obsecra-

190 1166 257 1206 uit
285 1178 342 1205 ne
371 1177 418 1205 se
454 1165 575 1204 inter
610 1163 893 1215 loquendum
928 1168 978 1202 vt
1012 1163 1296 1214 Episcopum
1331 1162 1412 1201 sed
1446 1168 1496 1201 vt
1531 1162 1824 1203 sacerdotem

189 1243 371 1277 tantum
394 1236 712 1286 compellaret.
735 1233 968 1275 Sacerdos
989 1246 1103 1274 vero
1139 1234 1237 1283 ille,
1268 1232 1421 1273 Patris
1447 1233 1667 1285 Episcopi
1695 1234 1824 1274 obse—

190 1308 399 1348 cratione
428 1306 771 1358 quodammodo
805 1306 1119 1357 perturbatus,
1154 1304 1292 1344 modo
1329 1304 1590 1344 sacerdotis
1624 1310 1821 1354 tantum,

189 1379 327 1418 modo
349 1377 570 1428 Episcopi
592 1377 818 1416 honorem
835 1377 875 1416 ei
894 1378 1015 1416 inter
1032 1374 1391 1427 colloquendum
1410 1375 1657 1426 tribuebat;
1677 1376 1823 1415 altera

189 1450 312 1490 enim
335 1462 391 1489 ex
414 1454 547 1500 parte
569 1448 870 1488 obseruantia
893 1447 1167 1498 debitusque
1185 1446 1249 1486 illi
1267 1446 1486 1496 dignitati
1503 1447 1666 1497 honos,
1687 1458 1745 1486 ex
1763 1448 1822 1486 al-

189 1526 289 1561 tera
310 1532 425 1560 vero
447 1520 585 1559 timor
617 1532 674 1559 ne
709 1519 897 1559 Patrem
931 1518 1217 1570 Episcopum
1253 1517 1522 1567 offenderet,
1561 1517 1823 1558 sacerdotis

188 1592 393 1632 animum
428 1591 475 1631 in
502 1591 662 1631 uarias
697 1590 1020 1630 distrahebant
1049 1595 1223 1641 partes,
1254 1595 1451 1640 eumque
1481 1589 1544 1628 ita
1581 1589 1822 1640 perturba—

186 1663 313 1712 bant,
336 1669 385 1702 vt
407 1674 548 1714 saepe
569 1662 614 1701 in
637 1662 738 1713 ipso
760 1661 912 1701 medio
935 1672 1152 1701 sermone
1170 1671 1218 1699 se
1240 1665 1501 1700 reuocaret.
1527 1659 1643 1700 Cum
1666 1666 1821 1700 autem

187 1734 228 1773 ei
250 1733 434 1785 oppido,
459 1733 581 1785 quod
604 1734 804 1784 primum
826 1733 872 1772 in
893 1732 1058 1772 itinere
1080 1738 1164 1781 est,
1196 1731 1641 1782 appropinquarent,
1673 1732 1822 1771 voluit

186 1804 408 1845 sacerdos
432 1804 725 1854 antecedere,
749 1810 799 1844 vt
821 1803 1082 1855 oppidanos
1104 1803 1160 1843 de
1180 1802 1402 1854 Episcopi
1432 1801 1635 1841 aduentu
1666 1801 1821 1842 admo-

184 1882 330 1923 neret,
354 1882 404 1916 vt
426 1876 467 1915 ei
489 1875 677 1915 obuiam
698 1875 962 1927 prodirent:
987 1880 1033 1914 at
1053 1885 1169 1914 vero
1190 1873 1329 1913 Pater
1358 1873 1622 1924 Episcopus
1653 1873 1669 1891 “
1683 1872 1819 1923 absit,

183 1947 346 1999 inquit,
370 1947 416 1987 id
441 1947 566 1987 nullo
587 1947 725 1987 modo
748 1946 921 1998 patiar,
939 1980 955 1997 „
979 1945 1147 1997 quibus
1167 1945 1323 1984 uerbis
1340 1944 1478 1984 facile
1496 1943 1753 1983 declarauit
1770 1956 1821 1984 se

185 2017 242 2057 ab
264 2030 317 2058 ea
341 2018 626 2069 cogitatione
647 2017 817 2057 nedum
840 2029 866 2056 a
888 2016 1145 2068 cupiditate
1166 2027 1306 2067 quam
1337 2014 1608 2065 longissime
1638 2014 1816 2064 abesse;

184 2089 294 2140 quin
316 2089 457 2129 etiam
480 2101 587 2129 cum
603 2090 776 2129 vellent
803 2088 1073 2128 sacerdotes
1089 2087 1358 2139 frequentes
1375 2098 1479 2126 eum
1499 2086 1691 2126 honoris
1713 2097 1819 2137 gra-

183 2160 248 2200 tia
274 2172 332 2200 ex
352 2159 490 2200 domo
513 2160 559 2200 in
581 2160 802 2211 templum
824 2159 1055 2200 deducere
1077 2159 1275 2209 indeque
1297 2158 1486 2198 domum
1508 2156 1748 2204 reducere,
1767 2163 1820 2197 vt

184 2231 287 2270 aliis
307 2231 553 2282 Episcopis
574 2231 731 2271 facere
753 2236 1113 2280 consueuerant,
1133 2229 1178 2269 id
1195 2229 1334 2269 Pater
1351 2228 1612 2280 Episcopus
1629 2227 1818 2268 minime

183 2313 351 2352 passus
373 2308 457 2352 est,
481 2303 674 2354 soloque
695 2302 782 2342 sibi
803 2301 949 2341 fratre
971 2301 1140 2341 comite
1162 2300 1386 2349 adhibito,
1411 2299 1457 2339 in
1478 2299 1703 2349 templum
1719 2298 1816 2338 ibat

184 2371 463 2424 domumque
489 2372 827 2413 reuertebatur.

263 2443 460 2494 Quando
489 2444 535 2483 in
570 2444 758 2494 aliquod
793 2443 1013 2495 oppidum
1042 2448 1317 2494 peruentum
1353 2450 1469 2494 erat,
1508 2444 1555 2484 in
1585 2457 1676 2497 quo
1712 2457 1817 2486 esse

183 2513 530 2554 xenodochium
565 2514 887 2564 existimabat,
925 2514 971 2554 id
1005 2514 1053 2553 in
1089 2525 1294 2565 quanam
1329 2515 1489 2566 oppidi
1523 2522 1657 2567 parte
1690 2523 1816 2557 esset

183 2582 431 2634 diligenter
457 2585 778 2636 perquirebat,
809 2591 854 2625 et
882 2585 928 2625 in
963 2584 1269 2625 xenodochiis
1304 2597 1642 2638 nonnunquam
1664 2587 1813 2628 diver-

182 2653 396 2705 sabatur;
427 2666 532 2695 cum
568 2661 725 2695 autem
758 2656 817 2695 ad
850 2655 1194 2695 xenodochium
1234 2656 1468 2707 quoddam
1497 2657 1638 2697 Vellet
1665 2657 1814 2698 diuer-

182 2728 296 2775 tere,
327 2725 384 2764 ab
412 2725 492 2776 eis,
525 2726 604 2777 qui
630 2726 911 2766 xenodochii
942 2738 1103 2766 curam
1136 2726 1385 2778 habebant,
1415 2728 1554 2768 valde
1588 2729 1812 2769 reclama-

181 2799 279 2834 tum
314 2801 404 2846 est,
441 2796 769 2847 negabantque
804 2808 907 2837 eam
943 2808 1045 2837 esse
1079 2797 1486 2849 consuetudinem,
1529 2804 1666 2850 atque
1706 2811 1813 2840 eum

181 2865 336 2905 multis
358 2867 513 2906 uerbis
534 2867 861 2916 admonebant,
893 2873 942 2907 vt
970 2879 1019 2907 se
1051 2868 1099 2907 in
1125 2868 1250 2908 aliud
1277 2868 1545 2920 hospitium,
1570 2869 1811 2921 quodiam

180 2941 396 2985 paratum
422 2944 537 2986 erat,
573 2936 826 2987 conferret,
860 2944 906 2977 at
937 2936 1075 2978 Pater
1105 2938 1366 2990 Episcopus
1399 2938 1809 2980 “consuetudinem
