2028 3328
861 165 945 199 AN.
976 162 1068 199 1555
1709 165 1778 201 047

144 259 365 300 dilatione
404 261 549 301 ferme
581 266 958 313 conquereretur.
997 260 1209 311 Rogatus
1227 267 1381 301 autem
1404 273 1513 301 num
1535 261 1780 302 comedere

143 331 299 379 vellet,
323 332 563 382 respondit
585 344 634 372 se
655 332 813 372 statim
835 343 940 372 cum
962 331 1149 372 Christo
1179 343 1281 372 esse
1309 343 1591 383 pransurum
1611 345 1617 371 :
1652 344 1780 382 prae-

146 401 314 441 dicans
337 413 386 441 se
407 403 624 443 libentius
645 404 788 443 multo
812 402 869 442 ad
892 414 1080 442 crucem
1111 402 1197 442 sibi
1223 409 1454 454 paratam,
1488 414 1627 454 quam
1656 403 1693 441 si
1723 402 1781 442 ad

146 473 336 522 nuptias
359 472 585 514 inuitatus
606 475 783 522 fuisset,
807 474 889 514 ire.
922 473 1053 513 Multi
1085 474 1309 523 optabant
1342 474 1383 513 ei
1411 473 1636 513 auxilium
1670 474 1782 512 dare

147 542 193 581 in
217 549 384 582 catena
412 543 565 584 ferrea
595 545 765 596 grandi
792 543 1036 596 portanda,
1068 544 1233 596 quibus
1267 545 1341 584 ille
1369 544 1484 584 dixit
1512 545 1781 595 grauiorem

148 614 290 654 multo
313 625 500 655 crucem
521 615 631 668 Jesu
654 615 827 656 Christi
848 615 1005 656 fuisse.
1030 615 1255 665 Tandem,
1279 621 1329 655 vt
1347 615 1512 667 paucis
1528 615 1702 665 finiam,
1725 615 1784 655 ad

147 696 334 725 crucem
368 697 514 737 vsque
536 698 708 738 magna
746 687 914 727 solatia
950 687 1202 738 accipiens,
1234 687 1382 727 vitam
1413 687 1642 727 foeliciter
1678 698 1783 726 cum

146 762 295 796 morte
324 759 653 809 commutauit;
688 759 752 799 ita
779 764 830 799 vt
859 770 1020 798 omnes
1050 770 1136 810 pro
1168 764 1263 798 tam
1296 758 1525 809 singulari
1556 757 1782 797 beneficio

149 826 251 867 Deo
273 828 455 879 gratias
476 829 764 870 immortales
788 836 997 880 agerent.
1023 829 1149 869 Illius
1168 830 1308 869 morti
1337 830 1469 869 multi
1492 829 1782 879 inuidebant,

147 906 191 938 et
212 899 375 938 eodem
398 900 627 940 desiderio
649 901 883 952 animique
904 901 1076 953 pietate
1098 900 1217 940 mori
1238 901 1536 951 appetebant.

226 968 443 1010 Relatum
463 972 596 1011 nobis
617 978 687 1012 est
708 983 734 1011 a
756 970 985 1022 Patribus,
1011 971 1087 1022 qui
1109 971 1156 1011 in
1177 971 1393 1011 omnibus
1420 971 1559 1011 rebus
1586 983 1680 1011 non
1712 982 1780 1011 so-

147 1040 242 1081 lum
276 1041 600 1093 interfuerunt,
633 1043 714 1083 sed
742 1043 882 1083 etiam
908 1043 1227 1094 praefuerunt,
1259 1054 1309 1083 se
1341 1054 1582 1093 nunquam
1613 1042 1787 1082 vidisse

148 1118 349 1152 mortem
370 1119 465 1153 tam
487 1113 679 1165 dignam
702 1114 1027 1154 admiratione.

230 1183 347 1224 Tres
368 1185 654 1235 meretrices,
680 1197 766 1237 ope
783 1185 873 1226 Dei
894 1186 939 1225 in
959 1186 1198 1225 meliorem
1216 1191 1391 1225 statum
1410 1196 1685 1235 conuersae,
1703 1196 1788 1225 sua

150 1255 328 1295 scelera
352 1256 630 1306 quibusdam
651 1255 867 1297 Patribus
884 1258 1057 1297 nostris
1076 1263 1375 1308 aperuerunt,
1398 1268 1516 1308 quae
1538 1256 1596 1296 ab
1613 1257 1788 1296 eisdem

150 1325 197 1365 in
217 1325 307 1366 fide
334 1326 591 1368 instructae
619 1334 740 1368 sunt.
771 1328 1159 1368 Neochristianus
1187 1327 1392 1380 quidam,
1421 1327 1468 1368 in
1497 1339 1688 1368 carcere
1715 1328 1789 1368 de-

155 1402 326 1447 tentus,
351 1410 378 1437 a
398 1398 676 1449 quibusdam
698 1411 756 1440 ex
776 1400 950 1440 nostris
976 1400 1023 1439 in
1054 1399 1217 1439 eadem
1248 1399 1333 1439 fuit
1364 1399 1618 1449 institutus,
1648 1410 1788 1450 quam

154 1479 261 1508 cum
282 1468 531 1520 diligenter
548 1470 762 1521 disceret,
782 1471 958 1522 passim
976 1482 1026 1511 se
1043 1471 1159 1510 alios
1176 1471 1437 1522 municipes
1455 1471 1501 1510 in
1519 1470 1685 1510 eadem
1699 1470 1788 1510 fide

153 1538 331 1580 Christi
351 1540 688 1581 instructurum
708 1542 1032 1593 pollicebatur.
1052 1541 1127 1581 Ad
1148 1547 1424 1589 extremum,
1451 1542 1582 1581 multi
1613 1542 1788 1581 aethio-

152 1622 235 1662 pes
256 1611 531 1653 erudiuntur
554 1613 775 1664 priuatim
796 1613 842 1653 in
865 1614 1076 1663 smgulos
1098 1613 1196 1653 dies
1213 1612 1358 1653 festos
1377 1613 1434 1652 ab
1453 1613 1554 1663 ipso
1572 1613 1786 1653 ianitore.

233 1682 364 1722 Haec
386 1689 507 1731 sunt,
532 1695 651 1735 quae
673 1684 784 1724 mihi
807 1684 866 1724 ad
886 1690 930 1723 te
949 1684 1196 1724 scribenda
1214 1684 1390 1735 putaui,
1410 1691 1460 1723 Vt
1479 1684 1535 1723 de
1553 1683 1789 1724 beneficiis

156 1754 364 1805 acceptis
385 1766 478 1794 Vna
499 1755 744 1795 nobiscum
765 1754 867 1795 Deo
888 1755 1069 1805 gratias
1093 1766 1274 1806 ageres,
1301 1766 1443 1795 orans
1465 1766 1585 1806 eum,
1610 1766 1701 1807 qua
1717 1766 1787 1795 so-

155 1824 222 1864 les
244 1824 546 1876 assiduidate‚
570 1833 621 1866 vt
643 1826 859 1866 omnibus
879 1826 1053 1866 nostris
1075 1837 1258 1877 semper
1279 1825 1438 1866 faueat
1460 1825 1640 1877 studiiS,
1665 1825 1790 1877 quod

154 1894 388 1935 facturum
409 1896 508 1936 sine
530 1897 624 1937 vlla
647 1896 936 1937 dubitatione
958 1903 1002 1936 te
1024 1897 1333 1948 deprecatore
1355 1895 1556 1936 confido.
1581 1895 1716 1937 Vale.

235 1965 463 2018 Gandiae‚
489 1967 670 2007 decimo
692 1968 890 2018 septimo
912 1966 1136 2007 calendas
1158 1966 1389 2008 Octobris.

397 2037 525 2078 Tuus
547 2048 712 2078 seruus
732 2037 954 2089 indignus
977 2038 1023 2077 in
1045 2037 1263 2089 Domino,

1295 2181 1577 2222 RODERICUS.

241 2392 594 2444 Superscrz'ptz'o
629 2393 678 2432 in
713 2397 887 2445 quarta
914 2395 1128 2445 pagina:
1160 2396 1187 2442 †
1216 2394 1276 2435 Al
1299 2406 1409 2446 muy
1431 2394 1532 2435 R.d0
1564 2394 1715 2434 Padre
1737 2406 1795 2435 en

157 2463 345 2504 Christo
367 2465 408 2504 el
428 2464 501 2504 Ρ.θ
532 2464 592 2504 M.
619 2464 816 2515 Ignatio‚
840 2465 1083 2516 Preposito
1105 2467 1297 2516 general
1319 2466 1375 2506 de
1396 2467 1439 2505 la
1460 2465 1719 2517 Compania
1738 2465 1795 2506 de

156 2534 309 2588 Jesus,
332 2547 391 2575 en

238 2604 403 2646 Roma.

238 2675 349 2716 Alia
370 2688 541 2717 manu:
563 2678 680 2718 1555.
706 2676 905 2718 Gandia.
932 2677 1314 2729 Quadrimestres
1336 2677 1636 2730 Septembris.
