2028 3328
884 75 966 112 ΑΝ.
999 75 1090 112 1554
1736 80 1806 116 125)

851 523 1102 577 CCGXX

229 753 533 800 Hieronymus
550 752 739 801 Ripalda

278 818 401 856 Patri
419 818 591 866 Ignatio
610 819 664 856 de
682 818 867 866 Loyola.

324 884 545 930 Valentia,
569 884 585 921 1
608 883 881 938 Septembris
904 883 995 921 1554
1013 883 1038 918 ¹.

921 1093 1049 1149 Iesus

238 1307 340 1348 Rde
362 1308 408 1348 in
431 1307 619 1349 Christo
643 1306 797 1347 Pater.

240 1379 406 1420 Gratia
429 1385 472 1420 et
494 1390 588 1430 pax
608 1377 799 1418 Domini
819 1377 969 1418 nostri
989 1377 1093 1418 Iesu
1114 1376 1291 1418 Christi
1311 1377 1371 1417 sit
1392 1388 1576 1428 semper
1592 1377 1638 1417 in
1656 1380 1801 1418 omni-

155 1452 245 1492 bus
265 1451 416 1492 nobis.
439 1449 607 1491 Amen.

240 1523 474 1564 Numerus
496 1533 658 1562 eorum
678 1521 893 1572 fratrum,
917 1521 996 1573 qui
1017 1521 1064 1561 in
1085 1521 1174 1561 hoc
1200 1526 1362 1561 nostro
1391 1520 1599 1571 Collegio
1622 1520 1796 1561 Valen›

157 1595 255 1635 tino
285 1600 486 1646 quatuor
520 1593 593 1634 his
627 1593 864 1634 mensibus
898 1593 1142 1644 degerunt,
1179 1592 1265 1633 fuit
1298 1593 1437 1644 longe
1471 1592 1622 1632 maior
1657 1603 1799 1643 quam

155 1677 365 1718 vnquam
396 1672 551 1706 antea:
581 1671 626 1705 et
655 1676 832 1715 eorum,
863 1664 941 1716 qui
973 1664 1218 1704 nobiscum
1251 1663 1405 1704 adhuc
1436 1669 1543 1704 sunt
1571 1663 1696 1714 (nam
1719 1662 1798 1703 alii

155 1738 250 1778 iam
265 1737 358 1778 alio
380 1736 712 1786 discesserunt)
734 1736 813 1775 alii
833 1735 1000 1776 litteris
1026 1735 1184 1775 latinis
1214 1746 1270 1775 ac
1301 1734 1503 1785 graecis,
1534 1734 1612 1774 alii
1633 1734 1796 1774 libera-

155 1809 274 1850 libus
310 1808 510 1859 artibus‚
544 1807 622 1848 alii
656 1819 823 1848 sacrae
858 1807 1126 1858 theologiae
1157 1806 1270 1847 dant
1305 1817 1498 1858 operam
1532 1805 1797 1856 diligenter.

155 1879 272 1921 Sunt
311 1879 452 1920 etiam
487 1879 534 1919 in
570 1879 848 1931 probatione
883 1878 982 1929 alii,
1021 1878 1099 1930 qui
1134 1883 1413 1918 exercentur
1448 1877 1494 1917 in
1529 1875 1798 1917 domestICis

155 1951 320 1994 officiis
353 1951 549 2003 aliisque
585 1950 911 1991 humilioribus
941 1950 1226 1991 ministeriis.
1263 1947 1559 1998 Scholastici,
1598 1947 1798 1998 singulis

153 2023 315 2063 diebus
348 2022 610 2072 dominicis,
638 2021 867 2073 quasdam
902 2021 1188 2062 assertiones
1215 2018 1483 2069 defendunt,
1516 2029 1633 2070 quas
1669 2018 1801 2069 prius

151 2095 199 2135 in
219 2094 419 2146 publicis
439 2093 613 2134 scholis
634 2092 841 2144 affigunt.
866 2092 942 2133 Ad
963 2092 1050 2132 has
1072 2092 1127 2132 de
1148 2091 1354 2132 externis
1374 2089 1671 2130 scholasticis
1702 2090 1795 2140 ple·

151 2166 284 2218 rique
316 2165 549 2206 accedunt
583 2164 880 2216 disputaturi,
920 2164 1217 2215 maximeque
1243 2162 1444 2214 probare
1471 2172 1520 2201 se
1555 2161 1682 2201 illam
1721 2161 1789 2200 lit-

152 2244 362 2278 terarum
400 2236 810 2284 exercitationem,
848 2241 893 2275 et
927 2234 1083 2275 uerbis
1117 2239 1162 2274 et
1195 2233 1299 2273 aliis
1338 2232 1485 2284 signis
1525 2231 1793 2272 ostendunt.

151 2308 407 2360 Speramus
427 2308 474 2348 in
494 2306 698 2347 Domino
720 2306 865 2347 multo
887 2306 1045 2358 plures
1066 2315 1344 2345 accessuros
1364 2304 1410 2344 in
1431 2303 1544 2354 dies,
1565 2314 1655 2354 qua
1679 2303 1726 2342 in
1744 2314 1795 2342 re

149 2379 464 2432 comperimus
485 2378 823 2430 experimento,
847 2383 892 2417 et
919 2375 1008 2417 Dei
1035 2376 1238 2427 gloriam
1264 2375 1312 2415 in
1340 2375 1406 2415 eis
1435 2385 1724 2424 accrescere,
1749 2379 1794 2413 et

149 2451 416 2491 animarum
442 2450 655 2490 salutem.
688 2447 809 2488 Nam
838 2448 1083 2488 nobiscum
1112 2446 1169 2486 de
1196 2446 1337 2486 rebus
1363 2445 1685 2497 spiritualibus
1715 2445 1795 2484 ali-

148 2521 335 2574 quando
356 2521 690 2573 colloquentes,
713 2519 892 2559 inducti
913 2525 1021 2558 sunt
1043 2530 1070 2558 a
1091 2517 1206 2568 Deo,
1231 2517 1311 2557 alii
1330 2523 1379 2558 ut
1401 2517 1448 2557 in
1469 2516 1793 2558 Sacramentis

149 2592 459 2633 confessionis
494 2603 550 2632 ac
583 2589 928 2631 communionis
962 2588 1305 2640 frequentiores
1338 2594 1509 2639 essent,
1547 2587 1627 2628 alii
1661 2593 1711 2627 ut
1747 2587 1795 2626 in

147 2670 361 2704 nostram
394 2662 691 2713 Societatem,
720 2672 776 2701 ac
797 2661 844 2700 in
879 2659 998 2700 alias
1024 2659 1278 2710 religiones
1299 2659 1378 2700 alii
1412 2658 1787 2710 ingrederentur;

149 2746 349 2786 quorum
375 2734 507 2774 multi
536 2739 658 2783 sunt,
687 2733 766 2784 qui
793 2730 1155 2782 efflagitauerint
1176 2737 1221 2771 et
1242 2730 1395 2771 adhuc
1418 2730 1589 2771 obnixe
1610 2734 1792 2781 petant.

206 2894 217 2916 ¹
258 2894 509 2929 Autographae
523 2893 556 2921 in
572 2893 696 2928 duplici
714 2892 806 2922 folio.
824 2899 879 2918 nn.
893 2891 947 2918 369
961 2895 994 2918 et
1009 2890 1075 2919 370.
