2028 3328
855 107 933 143 Ax.
966 105 1056 142 1555
1710 105 1777 143 731

231 206 365 257 Quod
386 205 434 245 in
454 203 728 257 particulari
750 203 955 243 scribere
976 213 1166 253 possum
1188 208 1256 241 est
1286 201 1409 253 quod
1440 201 1686 251 Dominus,
1718 202 1781 241 in-

150 283 410 317 strumento
433 276 675 316 cuiusdam
696 274 866 324 Patris,
892 274 937 313 in
959 284 1150 313 carcere
1172 272 1308 312 huius
1331 272 1487 323 oppidi
1510 274 1654 311 multa
1678 284 1781 323 opc-

153 354 285 388 ratus
309 354 392 388 est.
418 347 645 387 Omnibus
672 346 834 386 diebus
861 344 993 384 festis
1017 343 1188 383 dicitur
1218 343 1307 382 illis
1342 343 1556 382 doctrina
1592 343 1782 394 xpiana.

152 420 293 470 fitque
324 419 413 458 illis
442 418 683 470 spirituale
716 415 1018 467 colloquium3
1055 414 1262 465 gaudent
1298 414 1433 453 istius
1467 413 1619 453 Patris
1654 425 1784 465 prae-

152 490 326 537 sentia;
351 490 616 540 relinquunt
636 488 750 528 uitia
772 486 1157 536 infirmitatesque
1180 485 1425 533 humanas,
1450 484 1497 524 in
1520 485 1685 535 quibus
1702 496 1785 535 pro

152 560 411 610 fragilitate
432 560 732 607 labebantur3
761 558 915 598 sciunt
942 556 1211 597 memoriter
1240 567 1360 606 quae
1392 555 1625 604 dicuntur,
1656 566 1784 605 prae-

154 631 291 682 cipue
314 638 513 681 quatuor
536 630 789 679 orationes,
817 628 865 668 14
885 629 1110 668 articulos
1132 626 1255 676 fidei,
1293 625 1341 666 lO
1369 626 1488 676 legis
1515 632 1787 677 praecepta,

152 704 214 741 53³
243 700 448 741 Sanctae
472 701 635 740 matris
655 700 910 750 Ecclesiae,
933 699 957 738 7
980 704 1294 746 sacramenta,
1318 697 1427 748 quia
1459 696 1505 736 in
1534 696 1622 735 hac
1655 702 1790 746 parte.

154 772 356 813 maxime
378 772 668 811 deficiebant.
692 771 764 811 EX
785 770 1055 811 mulieribus
1077 780 1254 818 omnes,
1289 780 1348 808 ex
1375 768 1491 807 viris
1519 767 1651 807 multi
1682 778 1787 806 con-

155 843 265 883 fessi
294 850 421 893 sunt:
454 854 540 883 nec
571 843 664 882 iam
692 842 938 882 tristantur
966 841 1012 881 in
1034 840 1266 892 frequenti
1288 839 1347 879 ad
1372 838 1692 878 confessiones
1714 849 1789 877 ac—

157 926 307 954 cessu.
333 912 586 965 Speramus
608 925 806 965 semper,
832 913 1090 964 opitulante
1111 911 1331 959 Domino,
1357 920 1581 960 magnum
1612 914 1654 948 et
1684 908 1791 947 ube-

157 997 256 1025 rem
276 984 495 1024 fructum.
520 985 643 1024 Inter
664 984 883 1023 mulieres
905 989 974 1023 est
994 994 1087 1022 vna
1109 981 1248 1022 morti
1269 981 1604 1029 condemnata3
1635 978 1792 1029 agitur

159 1068 265 1096 cum
287 1056 456 1095 marito
478 1056 533 1095 de
554 1055 713 1105 venia,
738 1054 971 1094 credimus
993 1053 1096 1104 (Dei
1118 1052 1288 1104 gratia)
1312 1050 1651 1103 impetrabitur.

239 1126 309 1166 De
323 1126 528 1175 moniali,
546 1124 634 1177 [de]
653 1137 743 1176 qua
760 1125 1032 1176 scripsimus
1044 1131 1151 1164 tuae
1163 1122 1441 1163 Paternitati
1458 1121 1793 1173 quadrimestri

159 1198 415 1250 praeterito
438 1197 562 1248 quod
583 1198 708 1236 nullo
730 1196 869 1236 modo
892 1196 950 1235 ad
972 1207 1107 1235 suum
1130 1194 1466 1235 monasterium
1487 1193 1639 1233 redire
1670 1192 1792 1231 vole-

159 1271 253 1319 bat,
279 1268 367 1309 Dei
387 1268 710 1308 misericordia
731 1268 906 1307 factum
928 1272 998 1306 est
1018 1273 1067 1306 ut
1090 1267 1136 1306 in
1154 1277 1238 1306 suo
1256 1272 1447 1317 recepta
1466 1265 1524 1305 sit
1543 1269 1793 1312 conuentti,

161 1341 239 1381 ubi
268 1341 315 1380 in
344 1340 442 1380 dies
469 1340 514 1379 in
542 1338 794 1379 virtutibus
825 1338 996 1378 crescit
1025 1349 1131 1377 curn
1161 1336 1515 1389 perseuerantia
1546 1341 1591 1375 et
1620 1345 1794 1385 magno

160 1412 307 1464 ipsius
346 1423 553 1462 suaeque
593 1410 860 1450 abbatissae
898 1409 1086 1460 gaudio,
1133 1409 1242 1460 quia
1277 1408 1483 1460 perierat
1520 1413 1564 1447 et
1604 1407 1795 1446 inuenta

160 1490 243 1524 est.

245 1554 487 1605 Quaedam
508 1554 677 1594 nobilis
697 1565 897 1605 persona
921 1553 1050 1592 venit
1080 1552 1139 1592 ad
1166 1563 1251 1591 nos
1280 1551 1421 1590 anxia
1450 1550 1505 1589 de
1535 1561 1617 1589 sua
1647 1549 1798 1588 salute

165 1637 220 1666 ac
242 1626 336 1666 iam
358 1637 517 1665 amore
538 1624 729 1665 Domini
749 1624 988 1675 languida,
1006 1628 1055 1663 ut
1072 1621 1396 1662 manifestaret
1414 1620 1675 1661 confessori
1690 1630 1793 1671 pec-

164 1703 270 1737 cata
293 1702 337 1736 et
359 1696 587 1736 adulteria
609 1695 777 1747 grauia
798 1696 846 1735 in
868 1695 986 1735 duos
1016 1695 1212 1734 maritos
1244 1692 1503 1743 (defunctos
1531 1691 1639 1741 iam)
1673 1702 1799 1730 com-

163 1768 321 1816 missa,
346 1781 372 1808 a
398 1767 445 1807 14
465 1768 601 1807 annis
622 1767 970 1818 praetermissa3
992 1772 1035 1806 et
1056 1772 1219 1817 postea
1241 1775 1436 1804 manens
1458 1764 1599 1803 vidua
1618 1763 1664 1802 in
1685 1763 1799 1802 mul—

163 1841 222 1880 tis
245 1851 304 1879 ex
325 1839 581 1890 fragilitate
603 1838 753 1878 Deum
775 1837 1058 1878 offenderat:
1080 1836 1205 1876 facta
1229 1835 1547 1884 confessione,
1573 1834 1723 1874 feruet
1752 1833 1800 1873 in

163 1911 252 1951 Dei
274 1922 449 1960 amore,
475 1911 598 1949 dolet
620 1910 675 1949 de
698 1909 919 1961 peccatis,
943 1915 987 1948 et
1009 1908 1055 1948 in
1077 1906 1165 1947 Dei
1187 1907 1379 1946 seruitio
1401 1912 1690 1957 perseuerat.

243 1981 368 2022 Inter
391 1993 485 2031 eOS,
510 1981 587 2032 qui
609 1981 915 2031 insequuntur
932 1979 1121 2019 domum
1139 1977 1334 2029 regiam,
1362 1983 1430 2016 est
1453 1982 1584 2016 tanta
1606 1977 1802 2016 interior

165 2052 260 2093 fere
277 2053 323 2092 in
341 2053 555 2092 omnibus
573 2051 811 2102 perfectio,
837 2050 961 2102 quod
982 2056 1178 2090 ornatus
1199 2049 1405 2088 exterior
1424 2048 1616 2088 adiuvat
1633 2047 1803 2088 mentis

165 2124 478 2164 deuotionem.

247 2195 332 2245 Tu,
356 2194 496 2235 Pater
516 2201 675 2234 noster
697 2193 744 2233 in
769 2193 854 2233 X.⁰
884 2192 1138 2233 admodum
1170 2192 1378 2242 colende,
1410 2191 1564 2231 Deum
1592 2189 1802 2241 magnifi-

167 2278 238 2317 ca,
264 2266 643 2318 quandoquidem
668 2271 765 2305 tam
797 2265 986 2304 minima
1025 2265 1071 2304 in
1105 2263 1297 2315 speciali
1327 2262 1588 2312 scribimus,
1621 2273 1714 2301 non
1744 2272 1804 2300 ex

167 2338 351 2378 defectu
374 2337 734 2386 confessionum,
760 2347 866 2375 curn
887 2335 1092 2387 quotidie
1113 2345 1335 2374 numerus
1357 2339 1556 2383 crescat,
1586 2331 1667 2373 sed
1693 2332 1804 2384 quia

171 2409 265 2449 iam
287 2408 392 2448 X.us
413 2408 568 2447 lumen
589 2407 636 2446 in
659 2418 769 2447 suos
790 2406 909 2446 filios
934 2405 1053 2446 fudit
1079 2411 1130 2446 ut
1163 2405 1367 2445 nefanda
1403 2404 1602 2444 crimina
1636 2403 1804 2443 abhor-

169 2486 326 2520 reant:
351 2489 596 2530 speramus
617 2477 740 2529 quod
762 2477 997 2529 deinceps,
1022 2477 1069 2517 in
1089 2476 1301 2528 generali
1321 2482 1493 2525 tamen,
1517 2474 1573 2514 de
1601 2473 1804 2515 Societa-

171 2551 230 2591 tis
252 2555 505 2601 augmento
527 2548 823 2600 fideliumque
846 2548 1110 2588 animarum
1133 2548 1338 2588 scribere
1360 2547 1626 2587 debeamus.

250 2621 380 2661 Deus
402 2619 508 2672 Opt.
540 2620 666 2660 Max.
696 2625 876 2660 tantam
907 2619 1041 2659 nobis
1071 2619 1301 2670 largiatur
1330 2618 1549 2669 gratiam,
1582 2628 1674 2668 qua
1703 2616 1806 2656 eius

172 2692 407 2733 voluntati
428 2691 702 2732 satisfacere
723 2691 979 2742 possimus3
1004 2695 1049 2730 et
1077 2690 1245 2730 horum
1275 2688 1575 2739 indignorum
1603 2687 1804 2728 filiorum

169 2771 357 2803 tuorum
379 2775 438 2802 ne
460 2761 769 2812 obliuiscaris,
793 2762 872 2813 qui
889 2762 936 2801 in
951 2762 1043 2801 tuis
1059 2761 1277 2813 precibus
1294 2766 1338 2800 et
1355 2759 1614 2809 sacrificiis,
1636 2766 1680 2799 et
1698 2759 1806 2798 alio-

170 2845 276 2874 rum
305 2833 497 2874 Patrum
527 2844 582 2873 ac
611 2832 810 2873 fratrum
840 2832 1226 2873 charissimorum
1258 2831 1612 2872 commendatos
1642 2830 1807 2870 haberi

173 2905 428 2946 humillime
450 2904 666 2956 petimus.
