2028 3328
846 109 926 145 AN.
953 109 1042 145 1555
1691 114 1762 151 495

112 206 346 245 collocata
368 213 436 245 est
459 206 583 256 apud
606 206 850 245 honestam
881 198 1086 251 viduam,
1126 213 1312 245 ceterae
1348 207 1439 246 alio
1476 210 1756 260 commigra-

115 282 238 316 runt.
262 276 349 316 Hic
372 288 492 316 nunc
516 278 666 327 pergit
688 277 957 327 frequenter
979 275 1193 315 confiteri
1215 282 1259 315 et
1282 277 1428 317 vitam
1446 289 1588 328 agere
1613 280 1755 320 hone-

114 352 252 386 stam.
275 346 448 387 Multae
464 359 646 398 quoque
664 347 876 398 integrae
898 346 1117 395 familiae,
1138 347 1346 386 eiusdem
1363 347 1513 388 Patris
1527 350 1741 390 contioni

113 417 200 457 bus
223 425 500 465 commotae,
523 418 811 470 frequentius
829 417 977 457 eidem
997 417 1290 468 confitentur,
1316 425 1360 458 et
1378 419 1436 459 ad
1456 421 1602 467 vitam
1625 422 1757 472 spiri-

114 488 290 527 tualem
320 488 624 528 vehementer
651 488 886 528 anhelant.
918 486 1057 527 Pater
1084 487 1353 528 Anthonius
1385 489 1392 507 ¹
1417 490 1603 530 interim
1631 497 1755 531 totus

114 565 183 598 est
204 559 250 598 in
269 558 513 599 audiendis
533 559 905 599 confessionibus
923 564 967 598 et
984 558 1233 598 visitandis
1251 559 1570 610 hospitalibus
1586 569 1629 601 et
1649 574 1756 602 con—

112 630 321 669 solandis
340 629 548 680 infirmis,
569 638 666 670 tum
683 631 728 669 in
746 629 941 681 priuatis
960 628 1189 679 domibus,
1210 635 1309 670 tum
1325 631 1466 671 etiam
1483 631 1530 671 in
1548 632 1752 684 hospita-

112 700 244 750 libus,
279 701 355 740 vbi
386 701 505 740 inter
540 708 752 741 caeteros
779 701 942 740 italum
963 700 1214 751 quemdam
1235 701 1529 742 sacerdotem
1552 703 1746 755 inusnit,

109 771 187 821 qui
208 772 356 810 tribus
380 772 514 811 annis
536 773 602 812 sic
626 773 672 812 in
695 772 857 812 militia
874 771 1022 811 vitam
1040 778 1217 822 egerat,
1238 778 1288 811 vt
1307 785 1363 812 ne
1380 774 1632 824 vestigium
1652 776 1748 826 qui-

111 842 215 881 dem
238 844 489 883 sacerdotii
514 844 560 883 in
583 856 636 883 eo
666 850 938 895 appareret:
970 843 1045 882 hic
1082 842 1285 893 tandem,
1323 845 1536 894 generali
1572 846 1751 886 confes-

111 913 241 953 sione
264 921 471 964 peracta,
497 914 562 954 sic
599 915 891 965 propositum
927 913 1141 962 mutauit,
1180 920 1229 952 vt
1265 922 1517 955 consecuta
1548 917 1751 957 sanitate

106 985 316 1035 coeperit
334 996 498 1036 preces
527 986 741 1025 horarias
763 986 918 1035 legere
950 990 994 1024 et
1024 984 1319 1024 sacerdotem
1339 996 1388 1024 se
1412 987 1676 1038 ostendere,
1710 997 1753 1028 et

108 1055 357 1105 pristinam
380 1056 526 1096 vitam
547 1056 803 1096 detestatus
821 1067 874 1095 eo
894 1055 1050 1095 animo
1069 1055 1115 1094 in
1133 1055 1336 1106 patriam
1359 1057 1510 1109 rediit,
1531 1064 1581 1098 vt
1600 1059 1748 1099 vitam

111 1126 263 1166 ordini
285 1139 369 1166 suo
393 1127 683 1167 conformem
703 1138 850 1177 agere
870 1131 884 1150 ²
906 1126 1203 1166 commodius
1224 1133 1397 1178 posset.

189 1197 419 1249 Occupati
437 1199 607 1239 fuimus
624 1199 891 1250 frequenter
913 1209 1018 1238 cum
1041 1198 1226 1238 officiali
1247 1199 1532 1249 tornacensi,
1558 1207 1750 1242 nostrae

108 1267 358 1309 Societatis
376 1277 586 1310 amatore
604 1276 648 1310 et
664 1276 1016 1321 propugnatore
1030 1276 1236 1319 strenuo,
1253 1270 1298 1309 in
1313 1270 1639 1312 examinandis
1656 1273 1749 1323 plu-

105 1340 235 1380 rimis
260 1341 443 1380 haeresi
466 1343 708 1392 suspectis.
735 1340 860 1380 Misit
881 1352 1065 1392 quoque
1094 1340 1153 1380 ad
1176 1352 1261 1380 nos
1290 1339 1590 1382 Gubernator
1612 1344 1750 1384 huius

104 1412 309 1451 ciuitatis
348 1411 360 1429 ⁵
402 1413 544 1452 libros
584 1413 811 1462 plurimos
851 1418 1099 1463 suspectos
1138 1412 1481 1452 examinandos
1517 1414 1561 1453 in
1603 1427 1747 1455 causa

103 1484 263 1533 magni
281 1484 518 1532 momenti,
544 1495 634 1535 quo
657 1490 818 1534 aperte
840 1484 1050 1523 declarat
1073 1495 1122 1523 se
1143 1483 1394 1534 plurimum
1425 1485 1558 1524 nobis
1586 1485 1744 1538 fidere,

103 1560 147 1593 et
169 1554 215 1593 in
238 1555 341 1593 aliis
363 1561 460 1594 tam
481 1555 577 1606 ipse
600 1566 742 1606 quam
767 1555 946 1594 nobiles
982 1561 1026 1594 et
1061 1554 1368 1605 magistratus
1404 1567 1547 1606 opera
1583 1563 1747 1597 nostra

101 1624 297 1665 libenter
319 1632 361 1665 et
391 1625 660 1676 frequenter
692 1632 898 1666 Vtuntur.
936 1625 1031 1666 [mo
1062 1625 1381 1666 nobilissimae
1415 1633 1460 1666 ct
1487 1628 1744 1679 precipuae

99 1695 304 1735 familiae
329 1696 466 1736 huius
489 1697 692 1736 ciuitatis
714 1697 853 1736 alicui
876 1703 1090 1736 nostrum
1118 1695 1132 1713 ⁴
1160 1697 1429 1748 frequenter
1458 1698 1741 1739 confitentur

100 1773 144 1806 et
167 1779 405 1818 nunquam
442 1768 608 1807 absunt
631 1780 657 1806 a
694 1767 869 1807 nostris
902 1767 1209 1807 concionibus
1239 1780 1295 1807 ac
1317 1770 1511 1808 multum
1534 1781 1620 1809 nos
1647 1771 1744 1810 dili-

99 1845 217 1888 gunt
239 1847 283 1878 et
312 1846 603 1878 reuerentur.

180 1909 509 1949 Cont'essiones
549 1917 647 1949 toto
690 1909 780 1949 hoc
830 1909 1164 1961 quadrimestri
1204 1916 1299 1949 tam
1343 1922 1428 1950 nos
1474 1911 1744 1953 detinebant

97 1992 258 2021 omnes
280 1989 552 2032 occupatos,
577 1988 626 2020 vt
649 1981 885 2021 interdum
923 1981 1003 2021 vix
1037 1981 1274 2032 respirare
1303 1981 1499 2033 licuerit,
1524 1995 1631 2023 cum
1652 1996 1745 2024 non

94 2052 247 2091 solum
269 2064 326 2091 ex
351 2052 438 2091 hac
461 2052 650 2092 ciuitate
669 2052 750 2092 sed
772 2053 914 2092 etiam
939 2064 997 2092 ex
1029 2052 1165 2103 pagis
1194 2052 1544 2098 circumuicinis
1571 2066 1743 2106 grega—

94 2123 178 2162 tim
212 2124 398 2174 plurimi
433 2123 492 2163 ad
527 2135 612 2163 nos
642 2123 866 2163 continuo
909 2124 1173 2173 conuolent,
1200 2124 1281 2163 sed
1302 2125 1506 2164 maxime
1527 2126 1744 2177 proxima

94 2195 478 2246 quadragesima:
519 2207 629 2234 nam
661 2194 708 2234 P.
751 2194 1007 2245 Quintinus
1045 2206 1071 2234 a
1108 2205 1291 2234 summo
1327 2206 1463 2235 mane
1499 2207 1648 2248 Vsque
1684 2199 1744 2238 ad

94 2276 342 2316 vesperam
366 2265 477 2304 nihil
499 2265 624 2305 aliud
647 2265 835 2315 agebat.
860 2264 952 2306 Sed
974 2266 1062 2305 hoc
1085 2277 1177 2304 non
1196 2265 1360 2305 tacebo
1380 2267 1503 2317 quod
1519 2267 1642 2308 idem
1659 2268 1739 2309 Pa-

92 2342 164 2376 ter
198 2338 283 2375 sub
318 2337 500 2376 initium
537 2337 944 2388 quadragesimae
972 2337 1286 2388 vndequaque
1323 2339 1580 2379 accersitos
1613 2339 1670 2379 ad
1692 2352 1741 2380 se

93 2418 324 2458 pauperes
346 2413 390 2446 et
412 2406 652 2447 mendicos
683 2419 737 2447 ac
769 2407 1081 2458 vagabundos
1116 2418 1436 2460 quoscumque
1465 2412 1741 2462 compulerit

89 2465 437 2529 quodammodo
461 2478 687 2529 confiteri,
714 2490 832 2530 quos
858 2479 922 2518 ita
944 2479 1153 2519 abiectos
1180 2486 1225 2518 et
1254 2481 1438 2520 laceros
1468 2486 1598 2521 tanta
1630 2483 1736 2523 cha-

92 2548 230 2588 ritate
252 2555 295 2588 et
316 2549 607 2589 humanitate
628 2549 997 2600 amplectebatur
1025 2556 1069 2589 et
1100 2550 1332 2600 monebat,
1365 2558 1416 2591 vt
1445 2553 1738 2604 conspicien-

87 2624 160 2659 tes
182 2619 362 2670 aliquos
384 2632 497 2671 prae
519 2620 832 2660 admiratione
854 2627 897 2660 et
918 2619 1092 2671 gaudio
1118 2621 1405 2673 lachrymari
1434 2626 1733 2676 conspexeri—

151 2779 160 2799 ¹
201 2780 237 2806 P.
256 2780 426 2807 Antonius
439 2780 597 2807 Bouclet.

147 2828 161 2846 ²
199 2828 339 2855 ducere.
356 2827 537 2855 Polancus.

148 2874 162 2892 ³
203 2874 287 2902 Vide
303 2883 420 2910 supra,
435 2883 513 2910 pag.
527 2876 589 2908 254,
603 2880 718 2903 annot.
733 2876 759 2904 3.

148 2922 162 2941 4
203 2922 301 2949 Prius
315 2922 504 2957 scripserat
521 2922 593 2956 ipse
609 2921 781 2950 Oliverius
795 2923 950 2956 aliquem
968 2931 1102 2956 nrum„
1114 2924 1173 2951 sed
1189 2924 1279 2951 linea
1294 2925 1501 2959 superducta
1523 2927 1664 2956 delevit.
