2028 3328
851 63 936 100 AN.
967 63 1058 100 1554
1724 69 1775 104 57

137 161 329 201 uinciali
352 160 556 201 amicitia
579 160 855 200 coniunctus
876 159 1051 209 fuerat,
1077 166 1263 211 praeter
1291 160 1481 200 modum
1510 160 1663 200 Patris
1695 163 1770 201 {hl-

137 239 278 272 uentu
300 232 495 282 gauisus
516 237 599 271 est.
622 230 718 271 Alii
739 237 984 282 praeterea
1007 231 1143 270 huius
1165 230 1322 282 oppidi
1344 232 1688 283 quamplurimi.

217 303 384 343 Paucis
406 309 509 354 post
532 302 692 343 diebus
713 314 854 353 quam
874 303 964 342 huc
986 301 1123 342 Pater
1141 308 1435 353 peruenerat,
1462 303 1584 343 misit
1606 303 1772 353 Hispa-

136 375 216 415 lim
234 374 351 415 duos
366 373 544 425 Patres,
565 373 906 415 Gondisalvum
926 373 933 392 ¹
952 385 1118 425 nempe
1136 380 1274 424 atque
1291 373 1480 415 Auilam
1495 373 1523 424 ἶ,
1545 386 1660 425 quos
1678 374 1773 415 Sal-

138 445 341 485 mantica
363 457 523 485 secum
553 445 828 485 adduxerat.
860 444 949 485 Hic
977 445 1100 484 enim
1128 444 1176 485 P.
1205 444 1345 485 Auila
1374 452 1443 485 est
1476 445 1774 496 hispalensis,

137 517 183 556 in
204 527 351 567 eaque
373 517 564 557 ciuitate
585 528 695 557 suos
716 516 856 556 habet
883 522 1118 567 parentes,
1142 528 1340 567 quorum
1371 515 1558 568 quidem
1587 517 1773 567 magnis

136 587 549 638 efflagitationibus
570 599 663 627 non
683 587 833 638 potuit
854 586 868 605 ⁵
890 598 980 627 non
1005 599 1085 627 eos
1113 587 1297 628 mittere
1320 588 1441 628 illuc.
1467 587 1584 628 Cum
1615 595 1774 628 autem

135 670 191 698 eo
212 658 551 710 peruenissent,
576 658 733 699 statim
755 657 911 698 adiere
933 659 1248 709 proseucham
1270 657 1303 709 ¹²,
1328 659 1682 710 praemittentes
1704 659 1769 699 sa-

138 731 314 771 mulum
336 731 383 770 in
404 737 650 782 paternam
678 729 880 779 domum,
904 741 987 781 per
1015 741 1151 780 quem
1180 729 1228 769 P.
1252 729 1396 770 Auila
1418 742 1444 770 a
1466 736 1598 782 patre
1618 729 1777 770 fuerat

137 803 412 853 accersitus3
436 803 514 854 qui
545 813 654 842 vero
676 801 722 841 in
752 801 1017 852 proseucha
1047 801 1268 852 aderant,
1300 813 1406 841 cum
1435 801 1560 841 fores
1588 802 1775 853 aperire

136 874 409 923 noluissent,
434 873 540 913 inde
562 885 655 914 non
676 873 935 913 discessere
957 871 986 922 ⁵,
1011 872 1093 912 sed
1124 872 1253 912 humi
1274 873 1431 924 potius
1461 873 1769 922 dormierunt;

140 945 269 985 aiunt
291 945 414 984 enim
436 946 586 985 solum
607 945 759 984 uisum
780 943 869 984 illis
899 943 1042 984 fuisse
1073 944 1255 984 mollius
1288 944 1434 984 multo
1467 956 1608 996 quam
1629 950 1781 994 toros,

147 1017 193 1056 in
215 1017 381 1069 quibus
402 1023 539 1056 antea
561 1015 762 1056 dormire
783 1016 1010 1055 solebant.
1040 1015 1290 1056 Caeterum
1312 1027 1419 1056 cum
1447 1016 1493 1056 id
1514 1017 1687 1068 populo
1711 1016 1775 1055 in-

142 1088 388 1138 notuisset,
412 1099 613 1138 magnae
634 1086 843 1139 profecto
866 1085 1181 1127 aedificationi
1203 1087 1249 1127 id
1270 1087 1371 1127 fuit.

221 1158 330 1199 Post
350 1160 467 1199 haec
488 1158 991 1211 Proarchiepiscopum
1011 1156 1025 1176 ⁶
1047 1158 1268 1210 invisere,
1290 1171 1316 1199 a
1340 1170 1430 1210 quo
1449 1171 1577 1209 sane,
1602 1169 1777 1209 magna

142 1241 248 1270 curn
277 1231 505 1270 charitate
536 1230 738 1282 excepti,
773 1230 1015 1270 obtinuere
1046 1229 1357 1270 concionandi
1391 1230 1663 1270 facultatem
1694 1241 1778 1281 per

143 1308 292 1342 totum
327 1301 640 1353 hispalensem
675 1301 1146 1353 archiepiscopatum.
1186 1301 1364 1353 Quibus
1392 1302 1534 1342 etiam
1567 1301 1778 1342 exhibuit

142 1383 390 1423 magnam,
424 1384 562 1424 quam
593 1383 705 1424 erga
734 1385 813 1413 eos
844 1373 1125 1413 charitatem
1152 1373 1366 1422 haberet,
1397 1373 1531 1413 simul
1562 1380 1605 1413 et
1634 1385 1779 1425 quam

142 1444 259 1484 bene
296 1444 351 1484 de
381 1443 613 1485 Societate
640 1444 845 1485 sentiret.
876 1443 1086 1495 Quorum
1117 1443 1304 1496 quidem
1343 1444 1553 1484 amicitia
1581 1445 1780 1485 multum

149 1526 316 1555 reuera
340 1515 469 1556 iuvat
491 1515 550 1556 ad
571 1516 768 1556 salutem
787 1523 832 1556 et
854 1516 1118 1556 animarum
1139 1515 1528 1556 aedificationem.

218 1586 407 1637 Impulsi
428 1586 557 1627 fuere
578 1599 604 1627 a
626 1586 826 1627 Domino
848 1599 955 1638 sex,
980 1587 1057 1639 qui
1087 1586 1336 1628 Societatis
1358 1598 1459 1627 esse
1489 1587 1780 1636 desiderant3,

139 1657 261 1698 inter
290 1670 404 1709 quos
432 1665 531 1698 erat
559 1658 747 1710 quidam
776 1658 911 1699 huius
941 1658 1378 1710 Proarchiepiscopi
1407 1659 1664 1709 sacrificus,
1697 1660 1773 1710 qui

137 1727 385 1769 Societatis
408 1741 566 1769 amore
588 1736 767 1781 captus,
791 1741 895 1770 eam
914 1730 1051 1770 unice
1078 1729 1316 1781 diligebat,
1341 1730 1650 1782 cupiebatque
1674 1730 1774 1781 ipse

139 1799 304 1840 eodem
332 1807 456 1840 esset
487 1800 642 1841 animo
669 1800 1147 1853 Proarehiepiscopus
1175 1812 1289 1852 erga
1310 1800 1608 1842 Societatem.
1642 1800 1776 1842 Com-

140 1871 263 1922 pulsi
285 1871 343 1911 ad
365 1872 482 1911 haec
504 1871 631 1912 fuere
653 1872 743 1912 duo
766 1872 844 1912 alii
860 1872 1031 1912 fratres
1048 1873 1332 1924 sacerdotes,
1353 1872 1431 1924 qui
1452 1884 1478 1912 a
1495 1873 1654 1913 multis
1676 1873 1775 1924 qui·

140 1942 245 1983 dem
286 1943 421 1983 annis
454 1944 815 1994 grammaticam
854 1943 1037 1995 Hispali
1076 1944 1415 1996 profitebantur
1435 1976 1442 1989 ‚
1481 1945 1614 1984 cuius
1655 1956 1769 1984 sane

138 2013 377 2054 facultatis
395 2013 519 2054 docti
537 2015 665 2065 satis,
680 2015 972 2066 potissimum
987 2021 1099 2055 natu
1116 2015 1281 2055 maior,
1297 2015 1545 2056 Vocantur
1559 2015 1607 2055 hi
1622 2014 1773 2055 Infan-

137 2091 211 2125 tas
232 2085 485 2138 dixereque
507 2085 555 2125 P.
582 2084 888 2137 Gundisalvo,
913 2086 952 2126 si
973 2086 1047 2126 hic
1071 2087 1406 2138 reciperentur,
1427 2086 1623 2127 libenter
1645 2087 1775 2127 veni·

140 2163 243 2197 rent
265 2156 547 2197 Societatem
575 2157 848 2208 ingressuri;
872 2169 987 2209 quos
1010 2157 1059 2198 Ρ.
1083 2164 1244 2198 noster
1272 2157 1584 2198 Prouincialis
1606 2158 1779 2198 certio—

138 2239 214 2268 res
234 2229 358 2279 fecit,
383 2229 420 2268 si
442 2229 631 2280 cupiant
653 2229 828 2279 venire,
852 2242 931 2270 eos
950 2241 1087 2281 posse
1105 2242 1211 2270 cum
1231 2230 1422 2270 Domini
1443 2230 1772 2270 benedictione

139 2311 314 2340 vemre.

195 2463 203 2482 ¹
246 2462 280 2490 Ρ.
294 2462 541 2490 Gundisalvum
559 2462 739 2490 Gonzalez.

191 2510 205 2529 ⁴2
244 2509 279 2537 P.
296 2510 508 2545 Alphonsum
525 2511 564 2537 de
580 2510 701 2538 Av1la.

189 2558 203 2577 ⁵
240 2558 278 2585 P.
297 2558 442 2586 Michael
458 2559 498 2585 de
513 2557 650 2589 Torres.
668 2557 906 2586 ProvincialiS.

188 2605 204 2626 ⁴
240 2608 254 2619 ⁴·
270 2607 485 2638 Paoseucm.
503 2606 630 2633 Domus
646 2613 832 2640 pauperum
847 2607 997 2641 hospitio
1013 2607 1197 2642 deputata,
1213 2608 1246 2635 in
1262 2615 1327 2642 qua
1344 2612 1377 2635 et
1394 2608 1555 2636 foventur
1569 2613 1602 2635 et
1624 2608 1774 2636 aluntur.

136 2652 238 2681 Nich.
258 2654 433 2682 Carranza
449 2656 481 2682 in
496 2655 580 2682 Vita
596 2653 627 2681 S.
646 2654 804 2681 ildefonsi
821 2653 910 2681 inter
923 2654 1025 2683 Cone.
1041 2655 1149 2691 Hisp.,
1161 2660 1184 2684 t.
1198 2663 1232 2691 11,
1248 2663 1328 2691 pag.
1342 2656 1424 2692 563„
1437 2656 1483 2684 Du
1496 2656 1625 2691 CANGE,
1638 2656 1782 2684 Glossa-

135 2699 236 2735 rium,
255 2706 278 2729 t.
295 2711 328 2734 v,
344 2703 407 2730 col.
422 2702 484 2730 921.

192 2747 204 2768 :3
245 2748 382 2776 Scilicet
398 2749 568 2777 Gonzatez
583 2754 617 2776 et
633 2749 749 2776 Avila.

189 2796 203 2816 6
241 2797 454 2832 Hispalensis
470 2797 834 2832 Proarehiepiscopus,
851 2799 904 2825 vel
920 2798 1033 2833 potius
1056 2799 1317 2834 archiepiscopi
1340 2799 1516 2835 Vicarius‚
1539 2803 1616 2828 erat
1640 2799 1778 2834 Gaspar

136 2844 331 2872 Cervantes
351 2846 391 2872 de
416 2844 559 2873 Salazar
574 2867 579 2878 ,
596 2852 695 2879 quem
719 2845 779 2872 alii
805 2850 929 2873 vocant
955 2846 994 2873 de
1010 2846 1134 2874 Gaeta.
1149 2847 1237 2875 Vide
1264 2847 1550 2875 Clzronolzistorz‘a
1575 2848 1618 2875 de
1638 2847 1781 2880 Toledo,

136 2896 230 2920 auct.
244 2892 279 2920 P.
298 2892 509 2921 Bartholom.
525 2893 688 2926 Aleazar,
704 2897 804 2928 parte
822 2893 880 2926 13²,
895 2901 978 2928 pag.
997 2894 1059 2923 235.
