2028 3328
831 148 914 184 Ax.
947 148 1037 198 1555
1691 149 1757 187 631

123 242 318 282 tantium
353 243 616 285 inuisuntur
650 245 865 296 hospitia.
902 244 1078 285 Diebus
1109 245 1355 285 dominicis
1382 246 1441 284 ad
1477 245 1758 285 audiendam

123 313 385 353 doctrinam
409 315 716 356 christianam
737 316 1019 356 conueniunt
1042 317 1198 367 plures
1216 327 1358 367 quam
1374 327 1580 367 vnquam
1601 322 1754 365 antea;

124 384 327 424 arbitror
349 385 445 425 sere
467 387 763 438 octingentos
784 393 863 427 aut
891 393 1158 438 nongentos
1185 387 1314 426 viros
1342 387 1471 426 hisce
1503 387 1664 427 diebus
1694 387 1758 427 in—

123 455 340 495 terfuisse
370 457 599 497 concioni.
630 457 798 498 Paucis
825 457 994 497 abhinc
1027 457 1188 496 diebus
1217 458 1339 497 bona
1368 457 1759 497 scholasticorum

123 537 234 576 pars
256 538 361 566 cum
385 527 617 578 aliquibus
638 529 742 568 aliis
764 528 965 568 orationi
990 536 1164 568 vacant
1187 529 1382 579 singulis
1400 528 1578 578 diebus,
1598 534 1760 579 estque

121 596 212 636 illis
238 597 283 636 in
311 599 484 638 sacello
515 599 730 649 signatus
760 600 905 649 locus,
939 606 983 639 et
1014 599 1131 639 hora
1159 599 1467 650 praescripta:
1499 611 1523 638 e
1544 598 1761 638 Patribus

122 679 242 707 vnus
264 668 518 710 meditandi
540 670 786 710 materiam
806 670 1034 721 suggerit:
1065 681 1311 721 speramus
1337 669 1539 710 fructum
1569 670 1760 709 vberem

122 738 168 777 in
189 737 392 779 Domino
416 741 780 792 percipiendum.

202 809 343 850 Hisce
361 810 524 851 diebus
541 812 717 863 aliquot
734 818 840 852 sunt
857 812 916 852 ad
934 811 1219 852 Societatem
1237 812 1445 861 admissi;
1468 812 1601 852 multi
1618 812 1758 851 etiam

122 880 169 920 in
190 881 478 931 spiritalibus
500 894 549 922 se
574 891 842 931 exercuere3
868 890 976 923 sunt
997 883 1139 922 etiam
1164 882 1256 932 alii,
1280 894 1374 922 non
1397 883 1583 934 quidem
1603 882 1759 934 pauci,

123 963 322 1002 quorum
350 953 437 1004 piis
468 954 591 993 votis
618 955 864 1006 nequimus
893 955 1049 995 facere
1081 955 1212 994 satis.
1243 954 1497 995 Confirmet
1531 953 1761 994 Dominus

123 1030 386 1074 augeatque
404 1024 530 1064 vires
551 1026 718 1065 mentis
740 1034 784 1066 et
801 1026 1028 1076 corporis,
1053 1031 1103 1066 vt
1120 1025 1330 1065 Vniuersi
1346 1025 1495 1065 nostri
1511 1025 1697 1065 labores
1714 1025 1760 1064 in

122 1093 268 1145 ipsius
292 1095 492 1145 gloriam
523 1095 691 1136 cedant
718 1102 763 1136 et
790 1096 1032 1137 honorem.
1065 1096 1200 1147 Quod
1220 1102 1272 1136 vt
1292 1095 1388 1146 fiat,
1412 1095 1762 1147 precationibus

123 1164 213 1204 tuis
250 1165 473 1214 assiduis,
511 1173 608 1206 tum
637 1167 780 1207 etiam
806 1166 999 1207 Patrum
1028 1178 1082 1207 ac
1118 1167 1316 1207 fratrum
1351 1167 1621 1218 suppliciter
1650 1166 1760 1218 peti—

122 1247 227 1276 mus
249 1236 477 1278 adiuuari.

203 1306 436 1358 Corduba,
459 1307 484 1347 3
504 1320 654 1348 nonas
677 1307 964 1360 Septembris
984 1320 1107 1349 anno
1129 1307 1318 1348 Domini
1343 1308 1458 1348 1555.

281 1378 505 1430 Indignus
527 1385 635 1419 tuus
655 1379 777 1420 filius
800 1391 854 1420 ac
872 1380 1048 1420 invtilis
1070 1391 1238 1420 servus
1261 1380 1307 1420 in
1328 1379 1550 1428 Domino,

532 1450 603 1490 Ex
624 1451 953 1491 commissione
973 1450 1126 1491 Patris
1149 1450 1400 1501 Gonzale2‚

1200 1591 1231 1644 †
1252 1592 1492 1633 AZEUEDO.
1517 1592 1548 1644 ἦ·

204 1805 265 1844 In
287 1809 488 1856 utroque
516 1805 826 1857 apographo:

207 1875 562 1927 Superscmptso
599 1877 648 1916 in
684 1881 857 1928 quarta
887 1877 1097 1928 pagina.-
1131 1878 1229 1931 Jhs.
1273 1877 1541 1918 Admodum
1570 1877 1672 1918 R.d0
1714 1877 1762 1917 in

125 1945 313 1986 Christo
331 1946 475 1997 Patri,
498 1947 562 1987 Ρ.ἰ
590 1947 761 1987 Nostro
780 1947 1008 1999 Magistro
1032 1948 1229 1999 Ignatio,
1248 1948 1522 2000 Praeposito
1540 1948 1763 1989 Generali

123 2015 374 2058 Societatis
392 2018 503 2072 Jesu
524 2024 630 2068 etc.,
654 2019 846 2059 Romae,

202 2088 315 2128 Alia
335 2101 497 2129 manu:
522 2090 636 2130 1555.
663 2089 896 2131 Corduba.
921 2089 1301 2142 Quadrimestres
1322 2091 1361 2131 3.
1385 2091 1503 2132 Non.
1524 2090 1758 2143 Septemb.

216 2159 477 2211 Vestigsmn
500 2170 633 2200 cerae
653 2160 825 2211 sigilli.
