2028 3328
836 94 922 131 AN.
953 92 1042 130 1554
1700 93 1767 130 109

124 207 219 248 que
238 195 376 236 Pater
399 193 703 243 subiungeret
725 190 860 231 nobis
881 201 1157 231 concessam
1179 201 1283 229 esse
1302 190 1518 241 papalem
1540 190 1762 240 gratiam,

124 278 221 318 qua
241 265 451 306 nondum
471 262 671 316 professi
692 274 719 302 a
740 261 907 313 quouis
926 260 1148 301 Antistite
1169 259 1448 300 Dioecesico
1468 260 1526 300 ad
1548 259 1746 300 sacerdo

132 339 247 378 tium
264 335 532 389 promoueri
551 339 763 387 possunt,
783 332 1044 384 Episcopus
1066 331 1307 383 respondit
1328 343 1414 371 nec
1436 332 1646 371 ordinem
1664 342 1767 371 nos-

132 416 256 449 trum
289 420 375 448 nec
405 406 704 459 priuilegium
724 403 992 445 huiusmodi
1013 402 1060 443 in
1091 402 1245 443 Gallia
1277 401 1535 443 admissum
1558 414 1676 451 esse,
1703 402 1766 442 in-

130 479 270 519 terim
290 479 489 519 innuens
509 477 756 518 facultates
773 486 855 515 seu
876 474 1124 526 priuilegia
1142 485 1307 526 parum
1329 472 1582 525 prudenter
1604 485 1630 512 a
1652 472 1767 513 Pon-

134 549 256 590 tifice
292 549 426 589 nobis
461 549 654 589 indulta.
691 547 863 587 Iterum
885 545 1116 586 Dominus
1137 543 1347 585 Dumont
1377 544 1662 596 Episcopum
1698 556 1769 584 ac-

131 621 277 662 cessit
307 630 621 672 persuasurus
648 630 705 658 ne
733 617 898 657 saltem
920 628 1005 656 nos
1034 627 1060 655 a
1096 615 1246 656 sacris
1281 615 1476 667 repellat
1512 614 1768 655 ordinibus.

135 692 398 743 Episcopus
419 689 661 742 respondit
692 700 740 729 se
771 699 866 728 non
896 686 1163 727 decreuisse
1192 686 1327 727 nobis
1358 686 1638 735 consentire,
1663 685 1773 738 quia

135 764 203 803 “si
234 763 293 803 ad
328 773 490 802 sacros
527 761 714 801 ordines
749 770 844 810 eos,
882 759 961 807 ait,
996 758 1305 809 admitterem,
1343 757 1531 798 viderer
1562 758 1774 809 regulam

134 833 336 874 instituti
354 833 562 885 ipsorum
583 832 885 884 approbare„.
911 829 1033 881 Quin
1067 835 1110 870 et
1131 830 1252 870 hanc
1275 828 1452 870 addidit
1474 829 1775 877 calumniam,

135 907 442 958 r(quamquam
470 905 629 944 nescio
659 915 685 943 a
716 913 805 955 quo
836 901 1106 953 persuasus)
1138 901 1263 952 quod
1294 900 1500 952 theologi
1531 901 1779 952 plusquam

135 977 455 1029 »quadraginta
487 987 671 1016 errores
701 975 746 1014 in
777 973 949 1014 nostris
983 973 1315 1025 diplomatibus
1338 971 1629 1023 offenderint,
1655 983 1779 1012 asse-

138 1062 250 1090 rens
267 1060 450 1101 quoque
467 1047 748 1088 Societatem
766 1051 976 1086 nostram
993 1056 1094 1085 rem
1109 1056 1211 1085 esse
1231 1043 1476 1085 nefariam.
1496 1044 1668 1084 Illmus.
1688 1042 1778 1083 Do-

139 1122 295 1163 minus
326 1119 649 1170 ConsiliariuS,
681 1116 1003 1158 huiuscemodi
1034 1116 1329 1156 sermonibus
1359 1115 1498 1156 fidem
1527 1127 1621 1156 non
1652 1114 1782 1155 adhi-

140 1193 274 1243 bens,
297 1191 444 1232 voluit
478 1196 640 1231 nostra
671 1189 927 1241 diplomata
955 1189 1216 1238 consulere,
1248 1188 1294 1228 in
1316 1188 1484 1239 quibus
1506 1198 1648 1239 quum
1667 1185 1784 1226 nihil

142 1264 285 1305 naeui
312 1275 399 1304 nec
433 1269 563 1303 atrae
590 1268 728 1302 notae
756 1259 1153 1312 deprehendisset,
1177 1259 1400 1311 Episcopi
1431 1259 1571 1299 aedes
1599 1258 1782 1310 repetit,

141 1336 376 1377 rationem
411 1334 676 1375 redditurus
712 1339 980 1373 nostrorum
1015 1332 1322 1383 diplomatum
1352 1329 1643 1371 orthodoxae
1674 1329 1785 1369 inte-

144 1406 350 1459 gritatis.
376 1405 464 1457 Qui
486 1416 627 1457 quum
657 1404 954 1456 Episcopum,
980 1414 1087 1443 cum
1108 1402 1234 1443 vitae
1262 1402 1484 1454 periculo,
1520 1401 1670 1441 morbi
1698 1399 1786 1440 dis-

145 1478 343 1519 crimine
377 1476 697 1517 conflictatum
733 1474 1015 1525 offendisset‚
1054 1473 1200 1514 noluit
1235 1473 1373 1513 huius
1408 1472 1584 1524 negotii
1618 1483 1770 1512 memo

146 1550 268 1590 riam
290 1548 514 1589 refricare
537 1547 711 1598 absque
733 1545 962 1597 probabili
988 1544 1309 1597 persuasionis
1340 1555 1437 1596 spe3
1461 1543 1543 1584 sed
1564 1543 1696 1583 nobis
1719 1554 1786 1582 re—

148 1621 253 1661 tulit
273 1620 573 1671 Episcopum,
607 1617 685 1658 vbi
708 1629 733 1657 a
765 1606 929 1658 morbo
961 1617 1098 1669 plane
1129 1615 1437 1666 conualuerit,
1469 1614 1668 1655 Romam
1698 1614 1788 1654 iter

149 1692 510 1732 adornaturum.

231 1762 432 1804 Proinde
460 1761 567 1813 quia
594 1761 880 1812 Episcopum
906 1759 1167 1801 Facultatis
1198 1757 1207 1777 ¹
1239 1764 1378 1810 atque
1407 1756 1609 1798 Senatus
1630 1756 1792 1797 dilatio

151 1834 446 1876 communire
468 1834 695 1873 hactenus
715 1832 819 1872 visa
839 1838 924 1883 est,
957 1831 1134 1883 placuit
1156 1831 1338 1871 consuli
1359 1830 1583 1870 Montano
1606 1829 1794 1870 Patrem

151 1913 369 1947 ‘nostrum
389 1905 610 1945 inducere
633 1909 681 1943 vt
701 1902 921 1944 Facultas
943 1914 1077 1943 suam
1099 1901 1291 1942 tandem
1321 1901 1594 1953 pronuntiet
1615 1906 1797 1940 senten-

158 1979 286 2027 tiam,
311 1976 385 2017 cui
406 1975 606 2016 Senatus
638 1986 771 2015 suam
792 1974 1017 2015 submisit.
1043 1972 1214 2013 Mirum
1245 1978 1315 2012 est
1338 1984 1479 2024 quam
1510 1971 1600 2012 hoc
1623 1971 1800 2012 Christi

157 2049 397 2101 negotium
418 2047 525 2088 huic
549 2045 940 2086 christianissimo
967 2045 1069 2085 viro
1093 2043 1225 2085 cordi
1246 2044 1305 2084 sit
1328 2050 1647 2095 quantumque
1668 2042 1793 2082 labo-

161 2122 226 2162 ris
245 2121 381 2161 nobis
402 2117 695 2170 impenderit.
719 2116 934 2157 Accessit
956 2115 1124 2156 Rdum.
1149 2114 1403 2155 Dominum
1433 2112 1692 2154 Facultatis
1713 2112 1803 2152 De-

156 2203 331 2232 canum
351 2190 380 2240 ⁸²,
406 2189 483 2242 qui
504 2188 640 2229 fidem
661 2187 787 2228 dedit
814 2199 863 2228 se
884 2187 1132 2237 theologos
1161 2192 1549 2226 conuocaturum.
1582 2183 1712 2225 Adiit
1733 2183 1805 2223 bis

158 2263 395 2304 celebrem
423 2261 552 2301 illum
579 2259 963 2299 concionatorem
990 2258 1248 2298 Doctorem
1278 2255 1530 2296 Picardum
1558 2254 1586 2307 ⁵,
1619 2255 1698 2307 qui
1724 2253 1805 2295 So·

159 2334 325 2375 cietati
357 2332 514 2373 omnia
535 2330 696 2372 tribuit
727 2341 952 2382 suamque
981 2328 1216 2381 pollicitus
1246 2333 1316 2368 est
1349 2338 1557 2379 operam.
1589 2326 1807 2367 Accessit

167 2407 422 2447 Doctorem
457 2401 804 2443 Democharem
838 2398 853 2419 ⁴
879 2406 924 2441 et
957 2399 1214 2441 Doctorem
1250 2398 1550 2439 Pelletarium
1579 2397 1608 2449 ⁵,
1630 2397 1808 2450 praeci-

166 2477 246 2530 pui
276 2475 478 2517 nominis
506 2473 769 2524 theologos,
795 2472 994 2512 alterum
1015 2470 1340 2521 Sorbonicum,
1366 2471 1567 2510 alterum
1588 2468 1810 2510 Nauarri-

161 2560 275 2589 cum
294 2546 324 2598 ⁶,
347 2548 395 2587 in
416 2556 616 2598 quorum
637 2543 852 2584 manibus
882 2548 1045 2583 nostra
1077 2541 1333 2594 diplomata
1354 2546 1622 2591 versantur,
1646 2552 1704 2580 ex
1724 2539 1811 2580 Fa-

226 2684 235 2705 ¹
276 2683 470 2712 Facultatis
485 2681 617 2710 scilicet
633 2679 862 2714 theologicae.

224 2735 238 2754 2’
276 2733 455 2761 Nicolaum
470 2731 500 2758 le
517 2729 626 2757 Clerc⁴

226 2782 240 2800 ³¹·
277 2779 501 2808 Franciscum
516 2776 653 2805 Picard.

227 2830 240 2849 4
277 2827 465 2856 Antonium
476 2826 515 2853 de
527 2823 660 2852 Monchi
671 2823 727 2850 vel
737 2822 777 2849 de
787 2820 931 2854 Mouchi,
941 2821 996 2856 qui
1010 2820 1233 2848 communiter
1242 2819 1302 2847 Dr.
1314 2819 1549 2848 Demochares
1560 2819 1817 2854 appellabatur.

228 2876 243 2897 5
280 2876 444 2910 Joannem
460 2873 636 2900 Pelletier.

224 2922 243 2941 Ψ*
282 2923 419 2951 Scilicet
435 2923 583 2950 alterum
600 2927 615 2946 e
634 2917 786 2953 collegio
800 2916 986 2949 Sorbonae,
1000 2915 1147 2942 alterum
1160 2923 1176 2943 e
1194 2915 1390 2943 Navarrae.
