2028 3328
831 184 910 220 ΑΝ.
942 183 1035 219 1555
1675 187 1746 224 697

110 282 301 317 nuestro
326 289 381 317 en
404 277 605 327 Christo,
626 278 667 318 el
685 277 731 318 Ρ.
752 278 956 318 Maestro
974 277 1164 329 Ignacio
1183 279 1238 319 de
1260 280 1446 331 Loyola,
1469 281 1668 322 Genera]
1688 284 1743 324 de

112 348 156 387 la
174 347 434 398 Compania
457 349 512 388 de
533 349 684 402 Jesus,
709 360 766 389 en

192 418 356 459 Roma.

193 489 304 529 Alsa
326 501 488 529 manu:
514 490 627 540 1555,
652 489 882 541 Cordoua,
906 489 977 530 De
996 490 1118 544 Juan
1141 491 1196 531 de
1225 493 1267 531 la
1290 491 1450 542 Plaza,
1487 493 1527 531 11
1552 493 1663 543 (sic)
1687 495 1742 535 de

117 559 335 600 Octubre.
361 560 463 600 ΚΜ
490 564 516 601 a
537 562 606 602 los
627 562 650 601 7
672 562 727 602 de
749 561 897 602 Abril.

204 631 466 681 Vestigium
489 643 620 672 cerae
639 632 811 684 sigilli.

733 1060 1048 1114 UDXXXV
1058 1061 1124 1114 II

178 1284 224 1321 P.
249 1285 481 1331 Quintinus
502 1286 708 1325 Charlart

225 1350 342 1387 Patri
364 1351 533 1398 ignatio
554 1352 606 1389 de
630 1352 809 1400 Loyola.

272 1415 487 1462 Tornaco‚
509 1417 533 1454 8
552 1417 815 1456 Novembris
838 1419 929 1457 1555
947 1419 972 1455 ¹.

871 1574 969 1651 Ilfls

185 1767 284 1808 Pax
303 1768 476 1810 Christi
497 1771 754 1812 nobiscum.

183 1839 284 1879 Κάρ
315 1841 361 1880 in
384 1841 538 1882 Cristo
561 1841 714 1883 Pater.

185 1910 306 1961 Quid
319 1924 403 1952 nos
418 1914 654 1964 egerimus
669 1915 885 1966 proximo
902 1928 1061 1956 mense
1073 1923 1117 1956 et
1130 1917 1277 1957 altero
1290 1917 1602 1968 praecedente
1615 1917 1734 1958 acci-

101 1982 198 2033 piat
218 1985 382 2034 paucis
401 1984 676 2026 Reuerenda
697 1986 871 2028 Vestra
890 1986 1168 2029 Paternitas.

181 2052 511 2095 Confessiones
527 2057 826 2108 quotidianae
846 2057 1034 2099 fuerunt
1051 2065 1096 2100 et
1112 2061 1305 2100 multum
1322 2060 1602 2113 frequentes,
1623 2061 1733 2102 dum

103 2124 201 2164 dies
223 2125 389 2176 aliquis
410 2127 554 2167 festus
576 2133 620 2167 et
641 2128 838 2169 celebris
865 2130 1288 2182 appropinquabat;
1312 2132 1433 2171 inter
1464 2143 1580 2182 quas
1611 2143 1730 2172 com-

100 2197 256 2247 plures
276 2195 405 2237 fuere
426 2199 686 2249 generales;
710 2200 841 2240 multi
871 2200 1040 2241 infirmi
1061 2201 1107 2241 in
1137 2201 1225 2242 fide
1246 2214 1330 2253 per
1351 2203 1538 2243 easdem
1568 2202 1730 2243 confir-

101 2267 215 2307 mati
236 2274 358 2318 sunt;
382 2268 534 2309 adhuc
563 2270 686 2310 enim
710 2271 962 2322 plurimum
994 2272 1216 2313 infestant
1251 2284 1444 2324 gregem
1472 2274 1662 2314 Domini
1682 2274 1730 2314 in

100 2337 189 2378 hac
211 2338 401 2379 ciuitate
422 2340 695 2392 Lutherani,
719 2343 1092 2394 sacramentarii,
1129 2350 1174 2384 et
1209 2344 1467 2396 imaginum
1502 2356 1664 2385 osores
1685 2351 1731 2385 et

99 2408 345 2449 fractores:
369 2410 449 2450 uix
471 2411 581 2451 dum
603 2418 708 2452 octo
732 2412 830 2453 dies
853 2420 975 2463 sunt,
1000 2426 1058 2454 ex
1076 2426 1166 2466 quo
1183 2415 1273 2455 duo
1290 2416 1428 2456 huius
1449 2417 1577 2457 urbis
1596 2428 1728 2468 prae-

100 2486 229 2520 tores
251 2481 486 2522 iusserunt
507 2484 792 2534 proclamari
819 2495 869 2524 se
898 2484 1090 2526 daturos
1121 2492 1299 2526 certam
1330 2487 1581 2538 quamdam
1609 2499 1727 2528 sum-

98 2562 224 2591 mam
245 2551 523 2593 ducatorum
544 2555 812 2595 accusatori
834 2556 1142 2606 quorumdam
1163 2557 1422 2598 fractorum
1452 2558 1727 2610 imaginum,

97 2631 141 2661 et
174 2634 223 2662 se
245 2624 431 2663 ueniam
458 2624 650 2665 daturos
675 2626 999 2678 complicibus,
1037 2628 1075 2668 si
1106 2640 1155 2667 se
1185 2634 1230 2668 et
1265 2628 1381 2668 alios
1416 2630 1559 2670 uelint
1594 2641 1729 2672 accu-

95 2704 216 2733 sare.

175 2764 264 2805 Per
284 2765 628 2807 hebdomadam
647 2779 988 2820 praeparamus
1007 2781 1093 2810 nos
1116 2770 1175 2811 ad
1209 2771 1606 2823 praedicationem
1641 2785 1728 2825 pro

97 2835 170 2876 die
192 2836 441 2886 dominico;
466 2839 709 2889 pergimus
730 2851 913 2892 semper
934 2840 980 2880 in
1001 2840 1214 2882 doctrina
1237 2842 1493 2884 christiana
1522 2850 1567 2884 et
1588 2856 1725 2885 euan-

152 2996 161 3017 ¹
202 2998 451 3034 Autographac
472 3001 502 3027 in
517 3001 597 3028 solio
623 3001 732 3034 unico,
750 3009 768 3028 n
795 3002 857 3030 374.
