2028 3328
190 152 260 192 282
701 152 927 189 LITTERAE
954 161 1312 195 QUADRIMESTRES

191 249 465 290 adolescens
492 248 680 299 quidam
710 260 969 300 generosus
1001 249 1099 300 qui,
1133 246 1504 299 primogenitura
1536 244 1826 296 posthabita,

193 331 488 370 summopere
515 320 671 370 instat,
703 332 788 359 nec
817 319 1033 368 cessabit,
1065 319 1220 368 credo,
1251 318 1398 357 donec
1426 316 1641 367 impetret
1668 321 1719 355 vt
1748 314 1824 354 ad-

193 392 420 431 mittatur.
443 389 608 430 Annos
625 396 762 431 natus
780 391 1032 439 sexdecim,
1053 396 1131 429 aut
1153 389 1212 428 ad
1229 399 1459 427 summum
1477 385 1823 437 septemdecim,

194 473 298 502 eum
320 462 444 501 vitae
467 473 578 501 suae
602 462 790 501 modum
813 462 990 510 statuit,
1010 467 1058 500 Vt
1077 461 1122 500 in
1144 459 1377 500 Societate
1399 457 1575 498 vixisse
1594 457 1826 506 videatur3

194 533 326 573 vouit
349 532 630 577 castitatem.
653 532 823 572 nullius
847 532 904 572 ad
924 543 1027 571 eam
1050 542 1148 570 rem
1171 541 1313 570 suasu
1336 535 1612 569 commotus.
1716 581 1719 584 Δ

272 603 355 643 Est
373 609 417 643 et
438 603 579 654 aliud,
599 602 738 655 quod,
764 614 869 643 cum
890 603 1072 654 publice
1095 601 1151 641 de
1169 601 1323 652 aliquo
1341 599 1617 640 sumendum
1635 604 1704 638 est
1723 609 1826 649 sup-

195 674 401 726 plicium,
425 674 713 714 accersimur
734 679 785 713 vt
812 674 942 713 illum
973 671 1293 723 confiteamur,
1323 677 1367 711 et
1388 670 1629 720 morituro,
1660 669 1707 709 in
1737 669 1833 709 Do-

195 745 321 785 mino
342 745 549 784 feramus
576 756 726 796 opem.
759 744 894 784 Hanc
920 743 1132 783 eamdem
1168 754 1360 794 operam
1395 742 1498 781 aliis
1533 741 1675 781 etiam
1706 740 1830 780 soliti

196 828 357 857 sumus
385 816 667 867 impendere,
701 826 1011 866 curamusque
1039 820 1090 854 vt
1120 815 1198 866 qui
1227 814 1396 854 adsunt
1418 812 1617 864 spiritali
1639 823 1728 863 qua
1751 823 1831 851 vo-

198 888 291 927 lent
313 887 596 927 eleemosina
631 887 841 937 grauiter
869 886 915 926 in
951 887 1071 926 lecto
1107 885 1461 925 decumbentem
1492 890 1535 923 et
1569 883 1663 923 iam
1693 882 1833 922 morti

198 959 464 1010 proximum
487 958 723 1007 adiuuent,
743 956 866 1008 quod
883 957 949 997 eis
966 957 1102 998 facile
1119 956 1429 1008 persuadetur
1446 967 1552 995 cum
1568 954 1834 1006 intelligunt

198 1036 328 1070 tanto
364 1029 715 1079 eleemosinam,
753 1029 1009 1069 exhibitam
1044 1028 1252 1079 animae,
1290 1027 1479 1079 corpori
1521 1025 1833 1079 eleemosinae

198 1108 457 1153 praestare,
478 1106 651 1152 quanto
669 1100 852 1140 animus
869 1100 967 1151 ipse
981 1111 1179 1151 corpore
1197 1098 1499 1139 excellentior
1516 1103 1600 1138 est.
1623 1095 1699 1137 Sic
1717 1096 1838 1136 alius

198 1171 418 1224 proponit
440 1182 488 1211 se
511 1171 569 1211 ad
591 1171 965 1211 communionem
988 1182 1305 1221 accessurum,
1333 1170 1450 1210 alius
1477 1169 1583 1219 tria,
1615 1173 1832 1223 quatuor,

200 1243 433 1284 interdum
460 1254 545 1282 sex
571 1249 616 1282 et
646 1243 846 1294 amplius
873 1242 1106 1282 sacrificia
1133 1248 1181 1282 ut
1208 1241 1320 1281 fiant
1348 1247 1620 1281 curaturum
1649 1239 1837 1289 dicitur3

201 1314 319 1355 alius
342 1314 428 1353 sibi
450 1314 590 1354 sumit
611 1314 708 1354 dies
730 1314 917 1354 veneris
938 1313 1080 1354 totius
1102 1313 1211 1353 anni
1246 1312 1538 1359 ieiunandos,
1563 1310 1681 1350 alius
1703 1309 1834 1362 quid-

205 1385 314 1437 quid
335 1384 444 1424 boni
465 1396 518 1424 eo
539 1396 698 1424 mense
720 1384 882 1425 fecerit
910 1384 1181 1435 (auxiliante
1209 1383 1434 1433 Domino)
1463 1383 1659 1422 libenter
1686 1380 1836 1421 offert.

204 1456 301 1496 Hos
325 1456 629 1495 admonemus
653 1457 725 1504 (ne
747 1456 850 1506 quis
876 1455 1029 1496 inanis
1048 1455 1228 1507 gloriae
1258 1455 1396 1495 flatus
1425 1453 1645 1504 subrepat
1674 1462 1837 1492 eorum

203 1527 387 1575 animis)
412 1538 460 1566 se
483 1539 510 1566 a
531 1526 734 1567 Domino
756 1527 1031 1567 beneficium
1059 1527 1274 1578 accipere
1301 1537 1395 1565 non
1424 1523 1835 1573 contemnendum,

203 1610 308 1638 cum
330 1598 375 1638 id
397 1597 610 1648 offerunt,
635 1604 904 1650 quantoque
925 1598 1076 1638 maius
1098 1609 1238 1649 quam
1260 1597 1337 1637 cui
1358 1596 1564 1637 offertur.
1705 1641 1709 1647 ,

279 1669 350 1709 De
372 1669 586 1709 doctrina
622 1669 881 1710 christiana
916 1669 983 1709 sic
1018 1681 1067 1709 se
1088 1681 1164 1709 res
1186 1668 1345 1708 habet:
1376 1668 1475 1707 dies
1496 1667 1705 1716 veneriS‚
1738 1671 1836 1705 tum

199 1741 340 1781 etiam
361 1740 596 1790 dominici,
622 1741 733 1780 dicti
754 1748 861 1780 sunt
883 1740 1189 1792 explicandae
1212 1739 1474 1790 doctrinae,
1493 1750 1632 1790 quam
1651 1736 1838 1789 plurimi

202 1811 403 1851 audituri
426 1812 725 1851 conueniunt.
762 1812 834 1852 Ex
865 1810 1129 1852 huiusmodi
1169 1810 1488 1861 concionibus,
1518 1815 1705 1861 praeter
1729 1807 1837 1858 alia,

203 1882 370 1922 mirum
392 1895 532 1934 quam
553 1895 602 1923 se
624 1883 756 1923 multi
778 1883 1030 1923 animarint
1053 1881 1111 1922 ad
1132 1882 1440 1923 Beatissimae
1468 1880 1682 1930 Virginis
1710 1890 1839 1919 rosa-

202 1954 321 1994 rium
343 1953 482 2005 (quod
503 1954 678 2003 dicunt)
702 1953 1010 2004 recitandum,
1034 1953 1158 2005 quod
1174 1952 1514 1993 studiosissime
1543 1950 1840 1991 commendat

203 2025 256 2076 is,
280 2025 359 2076 qui
381 2025 545 2065 solitus
566 2032 635 2065 est
657 2025 812 2065 facere
835 2025 1114 2066 doctrinam.

282 2095 516 2136 Prouehat
539 2096 752 2137 Christus
773 2095 908 2148 Jesus
934 2096 982 2136 in
1004 2095 1168 2135 melius
1190 2106 1373 2146 semper
1400 2095 1518 2134 haec
1550 2093 1707 2133 omnia
1732 2093 1838 2144 piis-

205 2167 321 2206 sima
344 2178 429 2207 sua
452 2167 791 2218 misericordia,
815 2173 866 2207 Vt
890 2178 981 2207 una
1003 2178 1109 2206 cum
1135 2166 1283 2206 literis
1311 2177 1451 2205 uerae
1478 2164 1665 2216 pietatis
1685 2164 1839 2204 studia

211 2239 497 2278 coalescant.

286 2308 547 2358 Cordubae,
572 2309 636 2348 4⁰
658 2308 818 2348 Nonas
839 2308 1063 2348 Februar.
1089 2307 1229 2348 Anno
1257 2307 1371 2347 1555.

1171 2448 1259 2489 Del
1279 2449 1364 2489 M.0
1384 2449 1628 2489 ACEUEDO.

295 2662 649 2714 superscriptio
687 2663 735 2702 in
771 2666 945 2714 quarta
973 2663 1182 2714 pagina:
1218 2627 1328 2702 1135.
1366 2661 1635 2701 Admodum
1668 2659 1770 2700 R.d0
1798 2660 1845 2700 in

212 2732 351 2773 Chro.
393 2732 443 2772 P.
487 2733 715 2784 Magistro
755 2734 966 2784 ignatio,
1007 2733 1283 2784 Praeposito
1331 2731 1551 2772 Generali
1595 2730 1850 2771 Societatis

213 2803 330 2855 jhs„
354 2802 545 2843 Romae.

296 2873 406 2914 :ilfa
424 2885 586 2913 mann.
614 2874 727 2914 1555.
755 2874 988 2914 Corduba.
1012 2873 1366 2924 Quadrimestre
1385 2872 1410 2912 2
1431 2872 1690 2912 Februarii.
