2028 3328
250 164 319 201 606
765 164 991 201 LITTERAE
1010 175 1371 208 QUADRIMESTRES

250 261 495 301 dehabeat.
518 261 578 301 Ut
597 261 740 301 semel
760 260 928 301 dicam:
948 267 1082 301 curat
1104 273 1205 301 esse
1223 261 1346 312 quod
1368 262 1510 300 audit.
1532 261 1669 302 Pacis
1686 262 1883 314 discipu-

250 335 343 372 lum
364 331 621 383 profitetur3
646 332 771 371 dedit
793 343 999 383 operam,
1025 339 1073 371 ut
1095 333 1251 382 plures
1279 332 1324 371 in
1346 332 1550 382 gratiam
1579 339 1788 373 mutuam
1811 345 1880 373 re-

251 403 432 443 dierint.
458 402 792 451 Dispersorum
814 403 1018 442 creditur
1041 408 1378 452 congre—{gamm
1401 414 1495 442 non
1521 414 1699 454 paucos
1721 416 1747 443 a
1769 405 1882 444 mul-

250 475 308 514 tis
343 474 477 514 annis
505 486 597 514 non
626 474 864 513 confessos
891 474 949 513 ad
977 474 1204 512 ecclesiae
1227 472 1539 514 obedientiam
1560 474 1761 514 reduxit.
1786 474 1885 515 Sin-

249 546 360 596 gula
382 555 647 595 recensere,
668 556 753 584 nec
775 544 886 583 mihi
907 544 1113 583 scribere
1142 544 1345 593 iubetur,
1370 555 1455 584 nec
1477 544 1530 584 T.
1555 544 1603 584 P.
1627 546 1784 596 legere
1804 557 1883 585 ua-

252 624 396 656 caret.

330 687 431 726 Hoc
453 687 535 726 tibi
567 686 914 735 commendato,
941 697 1076 736 quem
1106 696 1249 736 opera
1278 687 1607 726 commendant
1635 693 1884 733 tacentem,

252 758 307 797 de
330 757 378 797 P.
404 756 540 797 Petro
572 757 579 775 ¹
603 768 753 808 pauca
778 755 955 805 dicam,
987 756 1084 795 sine
1112 756 1246 796 cuius
1277 757 1451 796 auxilio
1485 757 1813 798 confitentibus
1844 764 1888 797 et

251 828 703 869 communicantibus
726 827 941 878 (quorum
960 838 1184 867 numerus
1200 828 1339 878 longe
1355 828 1565 869 foelicior
1583 835 1651 869 est
1668 835 1889 880 expecta-

250 899 389 950 tione)
413 898 629 939 satisfieri
651 910 744 937 non
765 898 1013 948 potuisset,
1039 910 1133 937 non
1155 898 1293 938 modo
1322 899 1511 939 iubilaei
1538 906 1773 951 tempore,
1808 899 1886 939 sed

253 971 343 1010 alio
366 981 561 1021 quoque.
585 968 874 1019 Praecipuus
896 968 1096 1020 quisque
1114 969 1172 1008 ad
1190 976 1373 1010 nostros
1391 970 1553 1010 lubens
1571 982 1673 1010 sese
1691 970 1887 1020 confert,

250 1042 307 1081 sit
328 1041 521 1089 Doctor,
546 1039 604 1079 sit
627 1038 783 1090 oppidi
806 1038 1180 1087 administrator,
1203 1040 1261 1080 sit
1279 1041 1397 1081 alius
1419 1042 1701 1082 nobiliorum
1719 1049 1888 1081 octauo

251 1123 432 1163 quoque
462 1110 535 1150 die
562 1110 1009 1150 communicantium
1038 1111 1279 1162 utriusque
1307 1124 1460 1152 sexus.
1496 1113 1553 1153 Et
1581 1113 1698 1152 haec
1727 1112 1885 1153 hacte-

251 1195 352 1231 nus,
388 1194 492 1222 cum
521 1193 605 1221 nec
642 1181 732 1220 loci
769 1181 1093 1231 commoditas,
1131 1194 1216 1222 nec
1253 1194 1307 1222 ea
1343 1182 1593 1223 Societatis
1628 1184 1892 1225 authoritas

256 1260 393 1300 esset,
425 1264 540 1304 quas
573 1252 875 1291 illustrissimi
903 1252 1128 1303 nobisque
1162 1253 1432 1294 amicissimi
1454 1255 1501 1294 in
1522 1254 1605 1295 X.⁰
1627 1255 1893 1296 Cardinalis

252 1324 571 1364 Ferrariensis
594 1327 608 1346 ²
630 1323 858 1362 aduentus
879 1323 1049 1363 mirum
1070 1323 1116 1363 in
1139 1324 1329 1364 modum
1349 1325 1494 1375 auxit3
1513 1326 1592 1377 qui
1610 1327 1736 1366 nullo
1753 1326 1892 1366 modo

252 1408 346 1435 non
362 1395 510 1435 voluit
531 1395 583 1434 25
602 1397 686 1433 Δ.ῒὲὶ
708 1393 720 1412 ⁵
738 1394 783 1434 in
806 1394 906 1434 eius
922 1395 1116 1446 parietis
1143 1396 1487 1437 extructionem
1511 1396 1741 1448 conferre,
1762 1397 1894 1437 cuius

253 1466 496 1507 extruendi
519 1465 791 1505 facultatem
813 1465 906 1515 uia,
931 1477 1022 1517 qua
1046 1472 1328 1517 peteremus,
1353 1468 1602 1508 videbatur
1624 1468 1683 1508 ad
1705 1468 1894 1508 tertium

251 1549 398 1589 usque
421 1548 593 1576 annum
614 1536 772 1576 futura
790 1537 932 1576 nulla:
952 1544 1202 1587 aegrotum
1220 1546 1452 1589 nostrum,
1473 1539 1554 1579 sed
1571 1545 1615 1579 et
1632 1551 1717 1580 nos
1734 1539 1895 1591 digna-

251 1616 324 1649 tus
346 1616 415 1648 est
436 1607 766 1647 beneficiorum
789 1607 877 1647 Dei
896 1607 1054 1648 facere
1087 1609 1366 1660 participes:
1401 1610 1598 1651 consilia
1620 1610 1670 1650 P.
1702 1611 1893 1651 Benedi-

254 1680 315 1720 cti
336 1678 352 1698 ⁴
372 1691 512 1731 quam
534 1679 803 1718 auidissime
824 1690 915 1718 una
939 1691 1044 1719 cum
1076 1680 1208 1720 curia
1231 1686 1328 1720 tota
1351 1681 1494 1732 (quae
1513 1693 1590 1722 res
1610 1682 1694 1722 toti
1715 1682 1895 1723 ciuitati

252 1751 455 1791 maximo
477 1750 561 1790 suit
583 1750 809 1790 uirtutum
831 1751 1070 1802 exemplo)
1102 1751 1266 1791 diebus
1287 1752 1428 1792 etiam
1450 1753 1706 1804 prophanis
1729 1753 1809 1804 (ut
1830 1754 1895 1794 ita

252 1822 421 1869 dicam)
447 1821 608 1861 audire
630 1833 723 1860 non
745 1827 814 1860 est
835 1820 1134 1871 dedignatus.
1163 1821 1212 1862 P.
1240 1822 1543 1863 Benedictum
1571 1835 1731 1864 secum
1760 1836 1896 1876 pran-

254 1894 364 1932 dere
387 1892 576 1942 saepius
597 1892 798 1943 cupiuit:
821 1892 1021 1942 publicis
1052 1893 1344 1945 priuatisque
1371 1895 1590 1935 subsidiis
1620 1895 1783 1946 quanti
1804 1895 1896 1936 iam

254 1964 395 2003 faciat
418 1962 716 2012 Societatem,
740 1974 831 2002 una
855 1974 960 2003 cum
982 1964 1105 2003 latus
1138 1964 1463 2006 claudentibus
1490 1965 1738 2018 Episcopis
1760 1973 1897 2018 atque

256 2034 639 2085 Archiepiscopis
661 2034 933 2085 reliquaque
965 2035 1096 2084 aula,
1123 2034 1384 2087 Tyburtino
1406 2039 1576 2088 populo
1605 2038 1898 2078 demonstra-

257 2107 338 2146 uit.
362 2105 495 2146 Unde
516 2105 564 2144 fit
588 2111 636 2144 ut
667 2105 820 2144 nullus
847 2105 984 2144 nobis
1015 2107 1337 2157 contradicat,
1361 2107 1452 2148 imo
1482 2108 1623 2148 foelix
1651 2114 1898 2149 censeatur

255 2177 334 2228 qui
353 2177 539 2227 placere
561 2176 722 2227 possit.
749 2174 910 2226 Vides,
936 2175 1090 2227 Pater,
1115 2188 1235 2228 quae
1252 2185 1520 2230 quantaque
1541 2191 1568 2219 a
1586 2179 1796 2231 principe
1814 2179 1894 2220 de-

258 2247 504 2299 pendeant.
524 2246 699 2287 Sensus
716 2253 881 2298 pascat
903 2247 981 2299 qui
998 2247 1185 2288 uidetur
1205 2249 1366 2300 populi
1383 2251 1639 2302 applausus
1659 2250 1890 2291 fortassis:

258 2318 339 2358 sed
360 2317 508 2358 fidelis
530 2316 673 2368 Deus,
698 2318 799 2369 qui,
824 2324 872 2357 ut
903 2318 989 2358 sibi
1017 2330 1258 2371 nunquam
1285 2321 1456 2371 uoluit,
1487 2321 1609 2373 quod
1640 2327 1895 2373 pateretur,

259 2389 434 2438 deesse,
459 2389 524 2428 ita
545 2400 631 2428 nec
653 2388 802 2428 nostri
824 2389 1128 2430 obliuiscetur
1149 2391 1195 2430 in
1217 2390 1370 2431 finem:
1393 2392 1505 2443 quin
1525 2393 1681 2443 potius
1697 2398 1748 2433 ut
1769 2404 1797 2433 a
1815 2391 1899 2432 Pa-

259 2468 331 2500 tre
353 2460 549 2500 dilectus
571 2460 677 2510 fuit,
701 2460 765 2499 ita
794 2467 839 2500 et
865 2472 949 2500 nos
976 2460 1107 2512 diligi
1137 2462 1333 2503 curabit.
1365 2462 1500 2514 Quod
1527 2469 1678 2504 totum
1707 2464 1749 2504 ei
1776 2475 1899 2504 com-

260 2531 502 2571 mittimus.

338 2600 595 2641 Fraternae
617 2602 933 2642 correctiones
953 2602 1109 2643 fructu
1129 2615 1223 2644 non
1244 2612 1518 2656 caruerunt,
1551 2611 1600 2646 ut
1627 2617 1714 2646 nec
1745 2605 1900 2658 priua-

260 2680 335 2711 tae
356 2672 716 2723 praecipuorum
736 2673 1047 2724 quorumdam
1064 2674 1432 2716 adhortationes.

318 2828 327 2847 ¹
371 2829 406 2856 P.
424 2829 526 2857 Petro
542 2829 708 2857 Pradene.

318 2875 332 2894 ⁴²
370 2877 548 2912 Hippolyti
564 2878 603 2904 de
619 2878 702 2904 Este

319 2923 333 2941 ἴ·
371 2924 442 2957 Asta
461 2944 467 2957 ,
482 2929 628 2952 scutata.

315 2969 329 2989 ⁴
367 2969 481 2997 Patris
496 2970 669 2998 Benedicti
685 2971 817 2999 Palmii.
834 2972 1010 3000 Pomm-cus
1023 2974 1055 3000 in
1072 2974 1290 3008 Clzro›1e'co,t.
1308 2985 1340 3002 v.
