2028 3328
936 75 1021 115 AN,
1052 75 1143 113 1551
1789 79 1849 113 151

211 171 564 224 Assumptionis
598 172 649 213 Β.
674 173 888 224 Virginis
919 172 1038 212 festo
1068 172 1393 223 praedicatum
1428 179 1496 212 est
1532 172 1578 212 in
1616 172 1703 211 hac
1744 174 1856 213 urbe

213 255 305 283 non
327 244 481 284 minus
509 255 648 296 quam
670 244 740 284 bis
771 243 894 283 mille
921 243 1135 283 homines
1157 242 1484 282 Eucharistiae
1507 251 1856 284 sacramentum

213 314 483 365 sumpsisse.
508 315 714 366 Sumpsit
741 320 785 355 et
820 313 997 354 Prorex
1027 326 1082 354 ea
1113 313 1201 363 die,
1235 314 1312 364 qui
1335 313 1475 353 etiam
1502 313 1602 353 R.do
1626 313 1672 353 P.
1711 314 1854 354 Anto-

210 386 288 426 nio
310 386 451 435 Vink,
474 393 724 438 propterea
746 386 869 437 quod
899 385 953 425 R.
987 385 1037 425 Ρ.
1060 385 1363 436 Praepositus
1398 385 1575 434 aberat,
1609 385 1853 425 confessus

212 463 296 497 est.
320 457 645 498 Ferdinandus
667 469 866 510 quoque,
886 457 986 497 eius
1005 456 1166 507 frater,
1188 456 1437 496 confitendi
1459 457 1853 497 communicandi-

212 539 299 579 que
322 540 464 568 causa
487 529 545 568 ad
568 529 815 580 collegium
844 534 1057 568 nostrum
1085 528 1250 568 eadem
1277 539 1326 567 se
1355 528 1427 567 die
1460 515 1668 568 contulit.
1694 527 1854 579 Neque

211 610 322 639 uero
344 611 494 650 parua
524 600 571 640 in
592 600 825 652 plerisque
847 611 1023 649 eorum,
1047 599 1124 650 qui
1147 599 1321 639 nostris
1344 599 1639 648 confitentur,
1665 599 1852 639 deuotio

210 671 430 711 cernitur.
454 671 589 712 Hanc
610 672 732 711 enim
754 677 797 711 et
820 671 1108 722 lachrymae,
1141 677 1184 710 et
1207 670 1408 720 habitus,
1432 677 1476 709 et
1507 670 1736 721 imprimis
1759 679 1853 710 mu·

208 742 292 781 tati
317 753 485 792 mores,
510 742 774 782 ostendunt.
798 741 918 782 Nam
940 748 1047 781 sunt
1069 741 1236 792 quibus
1265 754 1290 780 a
1314 742 1520 792 peccatis
1544 741 1616 789 <de
1647 742 1850 782 mortali-

210 813 294 852 bus
328 813 507 864 loquor)
536 813 810 853 discessisse
840 825 932 853 non
961 820 1030 852 est
1063 813 1194 861 satis3
1230 813 1290 852 ad
1327 812 1672 863 assequendum
1707 813 1852 864 perfe-

210 883 379 924 ctionis
409 885 606 936 apicem,
638 897 731 924 non
758 884 948 935 segnius
970 895 1111 934 quam
1133 884 1210 934 qui
1241 884 1287 923 in
1318 884 1616 923 monasteriis
1646 883 1853 935 perfecte

208 955 388 1003 uiuunt,
413 956 638 1007 aspirant,
663 962 712 996 ut
732 967 823 1007 qua
844 967 894 995 re
916 967 965 995 se
982 955 1083 995 Deo
1101 955 1309 995 cariores
1326 955 1426 994 fore
1444 955 1722 1006 intelligant,
1747 967 1850 996 eam

207 1026 466 1077 perficiant,
498 1027 609 1067 uelit
637 1027 751 1067 nolit
778 1026 978 1067 mundus
1007 1033 1087 1066 aut
1122 1037 1250 1066 caro.
1283 1025 1400 1074 Hoc,
1425 1026 1533 1077 quia
1556 1038 1649 1066 non
1680 1026 1735 1066 de
1757 1039 1850 1067 uno

208 1104 287 1138 aut
316 1098 464 1138 altero
491 1110 654 1138 uerum
686 1105 769 1146 est,
800 1110 893 1138 non
915 1104 1043 1138 tento
1075 1098 1319 1148 sigillatim
1341 1097 1511 1137 dicere.
1536 1097 1651 1137 Illud
1674 1098 1844 1138 habeto

207 1168 262 1208 R.
300 1169 350 1209 P.
386 1170 433 1209 in
467 1170 736 1209 uniuersum
763 1181 856 1209 non
886 1181 1063 1221 paucos
1093 1181 1212 1217 esse,
1251 1175 1295 1209 et
1331 1181 1411 1209 eos
1443 1169 1726 1209 conditionis
1756 1181 1851 1209 non

207 1240 409 1291 infimae,
433 1241 614 1292 quibus,
639 1241 678 1281 si
699 1241 808 1292 quid
829 1240 1015 1281 aduersi
1039 1240 1279 1291 acciderit,
1306 1241 1345 1280 si
1366 1247 1588 1291 aegrotos
1619 1252 1722 1281 6556
1743 1252 1849 1281 con·

207 1312 380 1362 tigerit,
411 1312 579 1352 maiori
607 1324 655 1352 56
686 1312 830 1352 animi
856 1312 1138 1352 liberalitate
1169 1320 1213 1352 et
1249 1311 1486 1352 hilaritate
1518 1311 1620 1352 Deo
1648 1311 1849 1353 offerant

206 1395 345 1434 quam
374 1383 530 1423 dicere
556 1383 746 1434 possim.
774 1383 875 1434 Quo
898 1383 1051 1423 minus
1077 1383 1279 1423 fortasse
1310 1383 1423 1423 illud
1444 1383 1693 1434 uidebitur,
1726 1384 1850 1435 quod

205 1460 364 1494 tamen
392 1460 462 1494 est
488 1455 736 1494 Messanae
764 1466 1003 1506 magnum,
1034 1455 1212 1495 nobiles
1244 1461 1485 1495 matronas
1512 1455 1604 1495 iam
1627 1455 1849 1495 didicisse

203 1537 398 1565 suorum
432 1532 630 1566 mortem
665 1526 906 1567 moderate
939 1526 1077 1576 ferre,
1115 1538 1263 1577 eaque
1294 1525 1450 1566 facere
1483 1526 1692 1577 desiisse,
1729 1538 1849 1578 quae

205 1597 336 1637 urbis
366 1597 504 1637 huius
534 1609 679 1645 more,
711 1602 761 1637 ut
791 1597 1048 1647 tritissimo,
1087 1597 1149 1637 ita
1181 1604 1226 1637 et
1256 1598 1542 1648 turpissimo,
1568 1604 1704 1638 antea
1728 1599 1843 1638 sole-

204 1668 331 1718 bant,
355 1680 462 1708 cum
483 1668 586 1720 quis
617 1679 780 1708 eorum
801 1668 1096 1709 decessisset.
1128 1669 1185 1709 Et
1208 1680 1493 1720 quamquam
1520 1681 1846 1720 properamus,

205 1740 315 1780 audi
333 1745 506 1790 tamen,
531 1740 569 1780 si
591 1741 758 1791 placet,
777 1741 914 1780 unius
930 1741 1233 1781 mulierculae
1251 1741 1581 1781 constantiam.
1601 1740 1715 1781 Erat
1732 1741 1849 1781 haec

203 1811 250 1851 in
271 1812 385 1852 urbe
407 1824 501 1852 non
522 1812 700 1863 ignota,
726 1823 861 1864 quae,
886 1818 1082 1864 accepta
1100 1813 1185 1853 sub
1207 1824 1457 1864 uesperum
1475 1811 1719 1852 cuiusdam
1749 1813 1848 1852 sab-

202 1883 299 1924 bati
319 1883 409 1924 uiri
429 1884 500 1924 sui
521 1889 685 1933 morte,
709 1895 846 1935 quem
868 1884 914 1924 in
933 1884 1120 1925 Christo
1144 1884 1366 1935 diligebat
1392 1886 1509 1931 (erat
1532 1885 1655 1924 enim
1684 1891 1729 1924 et
1750 1884 1849 1935 ipse

203 1956 323 2006 pius,
360 1961 459 1995 tum
492 1955 718 2006 temporis
753 1961 910 1995 autem
944 1956 1181 2007 profectus
1215 1967 1413 2006 peregre
1448 1955 1633 2005 fuerat),
1658 1963 1849 2006 repente

204 2025 261 2065 D.
280 2026 523 2066 Francisci
539 2025 750 2066 habitum
766 2026 928 2077 induit,
946 2039 1001 2067 ac
1019 2027 1179 2067 mundi
1195 2027 1605 2078 superstitionibus
1623 2026 1739 2067 nihil
1755 2039 1848 2066 mo-

202 2104 328 2148 rata,
358 2109 413 2138 ea
441 2097 697 2147 dominica,
729 2109 847 2148 quae
876 2098 989 2138 illud
1017 2098 1263 2138 sabbatum
1295 2098 1507 2149 proxime
1529 2104 1725 2149 sequuta
1762 2104 1845 2147 est,

202 2169 330 2209 uenit
350 2169 397 2209 in
417 2170 640 2220 templum
662 2175 891 2219 nostrum,
916 2169 1040 2221 quod
1061 2170 1202 2209 etiarn
1223 2169 1496 2220 longissime
1513 2169 1571 2208 ab
1589 2169 1688 2209 eius
1710 2170 1849 2210 domo

203 2241 349 2288 abest,
381 2240 632 2291 auditaque
660 2240 903 2291 concione,
934 2252 989 2280 ac
1018 2241 1211 2292 reliquis
1240 2252 1322 2292 pro
1357 2252 1487 2280 more
1515 2252 1599 2280 suo
1621 2241 1842 2292 peractis.

202 2311 391 2352 domum
420 2312 572 2361 rediit3
605 2323 696 2363 quo
719 2323 825 2351 cum
845 2311 981 2362 irent,
1019 2312 1154 2363 quasi
1183 2312 1517 2352 consolationis
1539 2312 1714 2363 aliquid
1736 2313 1846 2353 alla-

201 2389 352 2433 turae,
377 2383 496 2423 aliae
518 2383 751 2433 mulieres,
780 2383 895 2423 nihil
922 2383 1032 2423 fletu
1053 2389 1098 2424 et
1132 2384 1389 2435 lachrymis
1412 2395 1529 2435 opus
1551 2395 1669 2434 esse,
1693 2384 1847 2435 magis

202 2460 357 2495 autem
378 2454 479 2494 Deo
501 2454 681 2505 gratias
704 2454 928 2505 agendas,
953 2456 1083 2494 uultu
1105 2454 1292 2506 quidem
1311 2456 1537 2505 modesto,
1557 2456 1714 2496 animo
1732 2467 1846 2496 uero

202 2526 342 2566 etiam
364 2526 410 2565 in
431 2524 634 2565 Domino
657 2526 910 2576 exultante,
936 2526 1136 2566 dicebat.
1161 2525 1346 2566 Coniux
1366 2537 1479 2566 uero
1502 2526 1616 2577 eius,
1641 2526 1719 2566 ubi
1741 2538 1846 2567 eum

203 2597 394 2637 morbus
414 2597 600 2646 inuasit,
627 2596 690 2636 ibi
711 2597 911 2646 uirtutis,
939 2608 1079 2648 quam
1102 2609 1160 2637 ex
1180 2597 1411 2648 frequenti
1433 2605 1843 2638 sacramentorum

199 2680 285 2708 usu
323 2669 370 2708 in
406 2669 613 2708 animam
647 2679 780 2707 suam
816 2668 1071 2718 collegerat
1101 2674 1145 2708 et
1173 2668 1463 2720 condiderat,
1494 2681 1589 2709 non
1622 2670 1844 2720 exiguam

190 2739 386 2791 ‘reliquit
407 2739 696 2780 memoriam.
720 2737 996 2779 Distributis
1017 2739 1155 2790 enim,
1175 2750 1291 2790 quos
1309 2751 1469 2780 secum
1485 2740 1695 2791 gerebat,
1715 2752 1842 2780 num-

199 2810 288 2850 mis
325 2810 535 2861 (gerebat
570 2816 727 2850 autem
760 2821 854 2850 non
889 2810 1025 2850 ualde
1053 2810 1262 2861 paucos),
1288 2810 1387 2850 eius
1417 2811 1508 2851 loci
1539 2811 1840 2862 pauperibus,

199 2892 316 2932 quos
337 2882 397 2922 ad
418 2893 467 2922 se
489 2881 652 2921 uocari
675 2881 892 2932 iusserat,
924 2888 968 2921 et
1004 2882 1287 2922 decumbens
1318 2888 1363 2922 et
1392 2882 1610 2932 moriens,
1635 2883 1680 2922 in
1704 2882 1844 2922 admi-
