2028 3328
208 160 279 197 536
720 160 946 199 LITTERAE
971 172 1328 205 QUADRIMESTRES

209 257 277 298 sic
298 259 546 308 exterruit,
569 265 619 300 ut
640 271 802 300 omnes
823 260 880 300 ab
901 260 1095 300 huiusce
1116 261 1246 300 lusus
1266 270 1439 310 genere
1460 258 1681 310 deinceps
1703 259 1846 299 absti-

208 340 335 380 nere,
360 329 596 382 uitamque
617 331 664 371 in
685 331 851 371 melius
873 338 1161 371 commutare
1182 330 1534 382 pollicerentur,
1564 329 1702 381 idque
1729 341 1843 370 non-

210 400 323 440 nulli
344 401 533 441 certiori
553 402 904 453 lachrymarum
932 401 1201 442 testimonio
1224 400 1572 441 confirmarent.

290 470 468 512 Nobilis
496 472 684 524 quidam
711 473 1007 522 florentinus,
1041 472 1088 512 12
1115 483 1263 512 annos
1290 472 1483 512 militiae
1513 471 1742 523 stipendia
1772 482 1845 511 se·-

210 549 396 594 quutus‚
430 542 484 583 50
517 550 596 584 aut
629 543 681 583 60
715 544 965 585 homicidia
999 548 1311 595 perpetratus,
1347 554 1470 583 nunc
1506 543 1564 582 ad
1596 541 1748 583 Deum
1782 554 1840 582 ex

213 613 368 653 animo
391 625 662 665 conuersus,
685 614 905 666 Patrique
925 614 1097 667 Joanni
1124 614 1364 665 Baptistae
1387 613 1649 664 confessus,
1673 614 1720 653 in
1742 614 1840 653 eius

213 685 481 736 praesentia
510 684 611 725 Deo
643 685 985 737 quodammodo
1023 685 1154 725 uouit
1189 684 1481 736 Religionem
1514 685 1713 735 ingredi,
1750 696 1841 735 quo

211 754 379 796 delicta
416 757 665 796 commissa
702 757 924 807 deploret:
962 756 1118 796 multis
1153 756 1294 795 etiam
1328 756 1590 806 spiritualia
1617 755 1839 795 exercitia

210 827 452 878 proposita
473 827 672 868 fuerunt.
696 828 825 867 Haec
848 834 955 867 sunt
977 827 1145 878 quibus
1166 827 1475 867 assueuimus.

290 897 432 938 Aliud
454 910 636 951 quoque
657 899 843 951 pietatis
865 910 983 939 onus
1004 899 1268 950 praeteritis
1291 898 1453 938 diebus
1483 898 1688 938 charitas
1708 898 1842 938 nobis

211 968 491 1010 iniunxerat.
535 970 651 1010 Cum
686 970 809 1009 enirn
844 969 891 1010 in
926 981 1107 1010 summa
1136 981 1351 1009 annonae
1386 970 1598 1019 caritate,
1637 970 1843 1009 maxima

211 1051 466 1091 egenorum
487 1041 732 1081 multitudo
756 1041 803 1081 in
824 1041 947 1081 hanc
968 1041 1130 1081 urbem
1153 1041 1470 1091 confluxisset,
1491 1048 1538 1081 ut
1554 1047 1714 1081 tantae
1732 1052 1846 1092 pau-

210 1112 382 1163 pertati
417 1112 571 1163 aliqua
607 1124 664 1152 ex
694 1119 826 1163 parte
856 1113 1198 1164 subueniretur,
1228 1112 1338 1152 Dux
1373 1123 1596 1164 magnum
1624 1112 1843 1152 frumenti

209 1194 452 1222 numerum
477 1183 687 1233 contulit,
712 1195 770 1223 ex
792 1195 882 1235 quo
907 1183 1043 1236 panis
1066 1183 1268 1224 confecti
1294 1183 1447 1223 unciis
1478 1183 1503 1222 6
1533 1183 1702 1234 singuli
1732 1195 1847 1235 pau—

212 1265 347 1305 peres
369 1254 681 1294 donarentur:
705 1255 763 1294 ad
790 1255 912 1295 hanc
943 1266 1056 1295 uero
1084 1255 1382 1306 largitionem
1412 1255 1437 1294 4
1465 1255 1593 1295 vrbis
1614 1256 1718 1294 loca
1749 1254 1843 1295 fue-

210 1330 317 1364 rant
339 1326 607 1374 constituta,
631 1326 677 1365 in
699 1338 897 1377 quorum
919 1326 1117 1377 singulis
1139 1326 1198 1366 ad
1226 1325 1252 1365 3
1272 1326 1414 1366 millia
1444 1326 1611 1377 quouis
1638 1326 1711 1366 die
1734 1317 1840 1366 con-

212 1396 376 1447 stipari
396 1397 622 1437 solebant.
646 1397 749 1438 Huc
770 1397 910 1448 igitur
933 1409 992 1438 ex
1014 1398 1148 1438 nobis
1170 1398 1312 1449 aliqui
1333 1398 1498 1438 crebro
1520 1397 1716 1447 itabant,
1753 1409 1851 1449 quo

208 1467 474 1508 rudioribus
496 1468 542 1508 in
564 1468 822 1509 christiana
850 1469 1025 1521 pietate
1053 1469 1237 1520 signum
1267 1469 1444 1520 crucis,
1476 1469 1736 1509 orationem
1766 1469 1843 1509 do-

208 1539 428 1579 minicam
463 1541 638 1591 pariter
679 1547 721 1581 et
761 1541 1040 1592 Angelicam
1082 1553 1187 1582 cum
1226 1540 1449 1593 Symbolo
1490 1540 1765 1591 Apostolico
1800 1546 1844 1581 et

209 1609 352 1650 Salue
373 1611 566 1661 Regina
588 1612 895 1664 explicarent,
920 1619 964 1653 et
987 1624 1148 1653 omnes
1170 1613 1228 1653 ad
1247 1612 1555 1653 christianam
1576 1612 1722 1652 uitam
1740 1612 1845 1652 hor-

209 1687 435 1721 tarentur.
460 1682 611 1734 Saepe
633 1683 774 1723 etiam
795 1695 969 1736 magna
1002 1683 1288 1724 audientium
1309 1689 1407 1724 tum
1430 1684 1712 1733 attentione,
1745 1689 1843 1724 tum

206 1752 374 1803 fructu,
399 1754 824 1795 concionabantur:
847 1755 911 1795 ita
943 1756 1066 1795 enim
1088 1756 1218 1795 uerbi
1239 1755 1326 1795 Dei
1348 1755 1585 1795 auditione
1608 1754 1845 1795 interdum

206 1825 529 1876 mouebantur,
553 1832 602 1866 ut
624 1826 683 1866 ad
704 1826 792 1866 hoc
815 1838 930 1878 opus
951 1839 1037 1867 nos
1059 1827 1147 1878 ipsi
1168 1827 1436 1877 inuitarent,
1456 1832 1501 1866 et
1516 1826 1637 1866 inter
1655 1826 1843 1866 audien-

206 1895 315 1935 dum
336 1896 607 1948 lachrymas
628 1897 890 1938 funderent.
915 1897 1011 1938 Imo
1034 1898 1233 1949 contigit
1247 1904 1296 1938 ut
1313 1898 1479 1938 mulier
1496 1896 1741 1949 quaedam,
1765 1909 1841 1937 ue-

205 1968 464 2008 hementius
485 1969 617 2009 uerbi
637 1967 727 2009 Dei
746 1969 905 2021 gladio
929 1970 1037 2020 icta,
1056 1969 1295 2010 continere
1312 1980 1362 2009 se
1379 1980 1473 2009 non
1491 1969 1713 2020 potuerit,
1732 1969 1845 2020 quin⁴

206 2039 361 2089 palam
392 2050 441 2079 se
473 2040 723 2080 scelestum
750 2040 934 2081 facinus
964 2041 1211 2081 admisisse
1238 2032 1547 2091 exclamaret,
1572 2040 1769 2092 ideoque
1796 2051 1853 2079 se

205 2108 293 2149 Dei
315 2109 637 2151 misericordia
658 2111 916 2162 indignam:
941 2111 1022 2152 sed
1044 2112 1208 2152 eadem
1236 2112 1293 2152 ab
1325 2123 1379 2151 eo
1406 2110 1546 2151 Patre
1576 2122 1635 2150 ex
1656 2110 1844 2159 nostris,

205 2181 283 2231 qui
303 2186 413 2221 tunc
434 2181 816 2233 concionabatur,
842 2184 1085 2223 consolata
1108 2188 1192 2233 est,
1218 2188 1262 2222 et
1279 2182 1443 2222 eodem
1459 2181 1547 2232 die,
1567 2181 1726 2222 audita
1743 2181 1842 2221 eius

206 2251 516 2304 confessione,
539 2254 748 2305 peccatis
776 2254 991 2294 omnibus
1021 2254 1251 2294 absoluta.
1284 2253 1536 2293 Praeterea
1558 2264 1665 2293 cum
1695 2251 1843 2292 Ducis

211 2334 330 2363 vxor
355 2322 364 2341 ¹
386 2323 521 2364 nobis
542 2324 718 2376 aliquot
741 2336 912 2365 aureos
932 2336 1149 2365 nummos
1170 2324 1456 2374 tradidisset,
1480 2323 1649 2376 quibus
1671 2323 1846 2375 aliquo-

207 2404 309 2434 rum
329 2395 597 2446 paupertati
616 2395 790 2436 iremus
807 2396 1008 2445 obuiam,
1028 2396 1161 2436 multi
1177 2396 1314 2447 egeni
1330 2395 1377 2436 in
1393 2402 1607 2436 nostrum
1622 2395 1845 2446 templum

207 2465 404 2516 singulis
426 2465 588 2506 diebus
610 2467 967 2522 conueniebant,
992 2473 1040 2507 ut
1062 2467 1238 2519 aliquid
1268 2472 1645 2518 assequerentur.
1678 2465 1730 2506 In
1753 2476 1850 2517 quo-

208 2536 392 2587 quidem
414 2542 510 2577 tam
530 2537 606 2588 pio
629 2549 821 2578 munere
842 2538 1128 2590 praestando
1148 2537 1202 2579 R.
1229 2537 1275 2579 P.
1299 2538 1490 2590 Laynez
1512 2549 1614 2577 sese
1645 2548 1752 2576 cum
1773 2548 1840 2576 re-

214 2606 352 2658 liquis
372 2606 589 2648 Patribus
619 2614 663 2648 et
683 2607 908 2649 fratribus
936 2609 1111 2650 nostris
1131 2608 1403 2649 exercebat:
1431 2607 1595 2648 eadem
1624 2607 1748 2647 enim
1775 2618 1849 2646 ra·

213 2677 338 2717 tione
361 2677 558 2718 docendi
579 2679 703 2719 domi
724 2680 989 2732 utebamur,
1014 2692 1105 2732 qua
1125 2692 1212 2733 nos
1231 2691 1342 2720 usos
1361 2679 1478 2719 foris
1494 2684 1601 2719 ante
1618 2678 1850 2718 dicebam..

212 2747 322 2787 Inde
342 2749 634 2790 mirabantur
655 2761 888 2802 pauperes
910 2751 1101 2803 quidam
1122 2750 1352 2802 dicenteS,
1375 2761 1481 2790 cum
1502 2749 1581 2790 alii
1602 2749 1853 2789 conciona-

272 2977 281 2996 Ἰ
323 2978 494 3007 Eleonora
509 2980 549 3007 de
564 2980 701 3009 Toledo.
