2028 3328
829 148 912 184 AN.
944 148 1034 202 1555
1689 151 1761 189 605

121 257 223 286 rum
246 245 404 286 ludum
426 245 551 294 data,
576 245 641 285 ita
666 245 739 284 uel
760 243 1050 284 orationibus
1072 245 1235 293 sacris,
1260 256 1380 296 quae
1403 252 1509 286 sunt
1534 247 1578 286 in
1602 248 1758 299 alpha-

121 316 302 357 betario
325 316 550 366 libellulo,
582 317 656 356 uel
683 314 964 355 nostratium
992 315 1379 365 uirguncularum
1411 317 1759 358 honestioribus

123 387 352 436 moribus,
374 388 448 427 uel
468 386 668 439 denique
690 397 865 426 arcano
887 385 1060 425 Christi
1080 386 1191 438 Jesu
1213 385 1278 435 (ut
1300 398 1375 426 res
1400 393 1561 438 postea
1583 388 1759 438 docuit)

124 459 312 509 lumine,
336 458 549 510 deposita
572 458 716 498 durae
738 463 923 508 patrum
941 457 1140 496 ceruicis
1156 457 1438 508 peruicacia,
1465 458 1522 497 ab
1539 459 1629 499 alio
1647 471 1760 499 sane

121 529 312 570 doctore
331 541 423 569 non
441 535 715 580 prouocata‚
737 527 922 568 Christo
937 539 1107 567 nomen
1131 527 1177 567 in
1198 527 1430 578 baptismo
1457 529 1569 568 dare
1594 530 1758 579 sitiret,

123 600 261 651 idque
285 612 428 640 unum
452 606 657 650 curaret,
680 611 738 639 ne
760 598 897 639 matri
919 598 1155 638 suboleret
1176 599 1443 649 consilium,
1468 606 1515 639 ut
1544 600 1642 640 m'sz'
1659 605 1759 641 tcm-

120 671 240 719 dem,
275 683 360 711 nec
395 672 650 722 magistrae
687 670 915 718 crederet;
956 670 1198 709 consultus
1228 681 1253 708 a
1282 670 1377 709 ludi
1412 671 1760 720 gubernatricis

120 743 287 782 marito
311 742 458 782 Pater
480 743 536 782 ab
558 741 686 782 urbis
706 740 944 792 praefecto
966 739 1164 780 Romam
1182 747 1230 780 ut
1252 740 1419 780 deduci
1436 748 1593 792 posset
1610 743 1669 782 ad
1687 754 1759 783 ca-

119 813 405 854 techismum
427 812 698 864 impetrauit
719 811 911 862 <Romae
933 811 1043 863 quid
1065 810 1187 862 apud
1206 811 1482 852 Cardinales
1503 813 1760 854 Illustrissi-

121 896 220 925 mos
241 892 395 924 actum
420 885 477 924 sit
501 891 544 924 te
567 884 708 924 credo
730 882 1050 934 cognoscere.)
1074 882 1293 930 Maritus,
1325 884 1415 923 huc
1438 895 1680 935 reversus,
1714 886 1758 925 in

121 968 359 996 carcerem
390 962 437 995 ut
466 955 626 1005 magni
652 954 877 995 facinoris
903 965 1011 993 reus
1038 953 1278 993 coniectus
1309 960 1378 994 est
1409 966 1502 995 non
1530 956 1671 996 aliam
1703 957 1760 996 ob

120 1038 311 1066 causam
339 1039 478 1078 quam
510 1026 605 1077 Qm'
622 1026 701 1077 pie
728 1024 897 1065 nolunt
922 1025 971 1064 sn
993 1025 1072 1065 X.0
1094 1025 1278 1074 maere,
1310 1026 1431 1065 nosti
1459 1026 1661 1077 reliqua:
1686 1039 1760 1068 ue-

120 1110 222 1138 rum
256 1099 395 1149 paulo
431 1103 536 1149 post
572 1097 724 1137 Patris
761 1097 935 1137 auxilio
966 1096 1054 1136 sibi
1083 1097 1340 1137 restitutus.
1379 1096 1581 1148 Puellae,
1620 1110 1759 1150 quam

119 1168 228 1219 dixi,
253 1169 499 1209 historiam
520 1178 679 1209 texere
700 1180 793 1208 non
811 1174 881 1208 est
898 1168 1035 1207 huius
1056 1167 1247 1219 negotii,
1271 1168 1352 1208 sed
1370 1179 1464 1208 non
1481 1173 1642 1220 potest
1659 1170 1760 1210 abs-

120 1240 260 1280 condl
288 1240 459 1280 ciuitas
501 1245 655 1291 supra
703 1243 907 1279 montem
950 1239 1124 1290 posita.
1172 1239 1285 1279 Eius
1336 1240 1516 1280 meritis
1566 1240 1760 1282 fratrem

119 1322 265 1362 nuper
283 1312 423 1352 morti
444 1311 682 1359 deuotum,
708 1311 942 1361 aliumque
964 1310 1180 1350 undecim
1202 1322 1432 1351 annorum
1457 1312 1556 1351 eius
1578 1323 1759 1363 germa-

116 1395 243 1432 num,
271 1383 363 1423 imo
386 1388 582 1423 matrem
606 1382 757 1433 ipsam
778 1381 964 1423 Christo
986 1382 1242 1422 initiandos
1259 1393 1366 1433 spes
1384 1390 1502 1432 erat;
1527 1395 1647 1434 quae
1664 1385 1759 1436 qui-

122 1455 230 1494 dem
269 1454 325 1494 de
346 1454 497 1505 primo
530 1453 725 1493 [nostris
750 1453 960 1504 peccatis
986 1453 1031 1492 id
1059 1453 1374 1505 exigentibus)
1401 1453 1583 1503 fefellit;
1610 1456 1665 1496 de
1698 1457 1759 1496 al·

119 1533 216 1565 tero
240 1525 335 1576 (qui
356 1525 603 1565 nobiscum
626 1524 801 1576 aliquot
824 1523 987 1564 diebus
1004 1530 1175 1575 rogatu
1192 1525 1436 1565 cuiusdam
1459 1525 1667 1567 doctoris
1685 1539 1756 1567 co-

129 1596 370 1645 habitauit)
395 1602 533 1646 atque
557 1601 705 1635 matre
727 1594 868 1635 etiam
889 1606 1000 1635 num
1023 1594 1228 1646 affulget.

201 1667 295 1707 Alii
315 1666 481 1718 Judaei
503 1678 585 1706 cur
606 1677 701 1706 non
720 1672 1055 1706 conuertantur
1073 1677 1216 1707 causa
1233 1667 1307 1716 sit,
1327 1674 1425 1708 tum
1442 1674 1621 1717 nostra,
1639 1669 1758 1709 chri-

123 1738 383 1778 stianorum
405 1739 513 1777 mali
535 1748 716 1787 mores,
740 1743 838 1777 tum
858 1749 958 1787 sua,
982 1737 1191 1788 ipsorum
1213 1738 1441 1779 obdurata
1469 1741 1633 1780 ceruix
1652 1752 1756 1792 pro—

118 1810 314 1861 priaque
336 1810 568 1849 uoluntas.

196 1879 332 1920 Alias
352 1880 621 1930 frequenter
643 1891 884 1920 carcerem
906 1880 1015 1919 uisit
1035 1879 1189 1929 Pater,
1210 1882 1281 1920 uel
1301 1881 1534 1922 hebraeos
1552 1883 1611 1922 ad
1628 1882 1756 1923 Chri-

116 1958 238 1991 stum
259 1951 564 1999 adducturus,
587 1951 662 1990 uel
684 1950 966 1991 christianos
986 1951 1188 1991 nominis
1205 1952 1275 1991 sui
1293 1964 1524 1993 memores
1548 1954 1752 1994 redditu-

116 2034 210 2073 rus,
235 2034 320 2062 nec
342 2022 513 2062 uinctis
534 2023 703 2072 solum,
728 2022 810 2062 sed
838 2021 1001 2062 eadem
1029 2034 1170 2074 opera
1203 2030 1246 2062 et
1280 2024 1518 2074 praefecto
1549 2026 1755 2065 satelliti·

123 2094 299 2144 busque
321 2094 588 2134 adiumento
611 2093 710 2133 iuit.

194 2164 504 2205 Xenodochia
527 2170 571 2204 et
593 2165 701 2204 huic
722 2171 767 2204 et
796 2165 898 2205 aliis
929 2165 1102 2205 nostris
1132 2166 1323 2206 uisitata
1359 2166 1569 2218 saepius:
1594 2180 1755 2208 conso-

118 2236 202 2276 lati
223 2236 392 2276 mirum
415 2236 461 2276 in
483 2235 674 2276 modum
697 2235 889 2286 infirmi,
915 2247 1020 2275 cum
1043 2237 1215 2287 nostri,
1247 2243 1345 2276 tum
1367 2238 1516 2277 exteri
1535 2249 1542 2287 ;
1567 2250 1651 2278 nec
1682 2239 1755 2279 die

118 2308 275 2357 modo,
298 2318 464 2347 uerum
487 2307 629 2346 etiam
656 2313 810 2346 nocte.
840 2306 1077 2358 Quotquot
1100 2307 1215 2355 adit,
1241 2308 1510 2348 cuiuscuius
1533 2310 1755 2350 conditio-

117 2378 214 2428 nis,
238 2389 343 2418 cum
365 2377 699 2418 discedendum
721 2383 811 2427 est,
833 2389 927 2418 non
948 2379 1099 2418 solum
1132 2379 1288 2419 dolent
1309 2412 1316 2427 ,
1351 2380 1431 2419 sed
1460 2380 1662 2431 ingenue
1693 2382 1754 2421 la-

114 2449 417 2501 chrymantes
436 2448 655 2489 fatentur.

194 2519 514 2571 Aegrotorum
537 2520 612 2560 hic
638 2532 752 2560 cura
775 2521 922 2560 altera
943 2528 1012 2560 est
1035 2527 1082 2560 ut
1104 2520 1337 2571 Andreas,
1362 2522 1572 2562 medicus
1589 2534 1753 2574 corpo-

57 2644 59 2648 ·
118 2602 237 2640 rum,
263 2591 521 2631 aduocetur
543 2591 742 2638 aliusue,
767 2592 913 2631 altera
937 2598 985 2631 ut
1011 2591 1061 2631 Ρ.
1088 2592 1392 2642 Laurentius;
1418 2599 1466 2633 ut
1489 2593 1585 2634 fere
1617 2595 1754 2634 simul

110 2662 409 2702 inueniantur
429 2662 640 2702 medicus
661 2662 866 2722 ciuitatis
888 2669 931 2702 et
952 2662 1127 2703 Rector
1144 2669 1318 2703 noster.

192 2732 243 2773 In
265 2733 572 2774 concionibus
595 2734 843 2774 dominicis
864 2733 1045 2774 dubites
1066 2735 1183 2774 utris
1205 2735 1484 2786 praesertim
1512 2736 1748 2788 loquatur,

112 2804 317 2855 uulgone
353 2816 414 2845 an
448 2804 786 2856 perfectionem
820 2805 1162 2856 profitentibus3
1200 2807 1263 2845 ita
1300 2807 1452 2846 nullos
1488 2806 1644 2848 fructu
1676 2808 1751 2848 de-

114 2875 315 2916 fraudat.

194 2945 334 2987 Domi
359 2947 425 2987 sic
454 2952 624 2987 cuncta
654 2947 946 2999 moderatur,
981 2954 1029 2988 ut
1051 2960 1187 2989 nemo
1218 2948 1328 3000 quid
1357 2949 1582 3001 postulet,
1611 2962 1748 2992 nemo
