2028 3328
176 144 246 179 474
685 141 912 179 LITTERAE
939 152 1295 185 QUADRIMEsTREs

175 240 332 290 Quare
369 241 443 287 (vt
477 239 621 278 verbo
657 238 835 288 dicam)
872 238 1153 290 quotidianis
1188 237 1402 277 auctibus
1437 236 1485 277 fit
1520 238 1672 289 seipso
1707 250 1807 289 per-

177 310 358 350 fectior.

256 381 305 421 In
327 393 381 421 ea
403 382 579 431 schola,
604 382 736 421 cuius
758 381 870 421 mihi
892 393 1005 420 cura
1036 380 1243 419 iniuncta
1274 385 1365 429 est,
1400 379 1550 419 minor
1578 380 1807 420 hactenus

175 453 355 492 fructus
377 452 594 503 apparuit
615 463 755 502 quam
777 452 966 500 vellem,
993 457 1034 489 et
1056 462 1195 500 quam
1216 450 1412 501 posthac
1443 449 1650 490 futurum
1670 451 1807 501 plane

184 535 268 573 per
289 523 377 563 Dei
397 523 603 574 gratiam
624 522 819 562 confido.

255 594 341 644 En,
365 594 518 644 Pater,
543 593 918 644 Quadrimestres
935 592 1034 643 spei
1057 604 1196 643 quam
1213 592 1281 632 rei
1297 592 1543 643 pleniores.
1561 591 1699 632 Faxit
1716 591 1808 632 Do-

173 665 329 705 minus
349 665 485 718 Jesus
507 670 556 704 vt
578 664 841 704 futurorum
864 675 968 714 spes
986 669 1217 714 concepta
1234 675 1320 702 nos
1338 675 1431 703 non
1448 663 1592 702 fallat:
1614 663 1806 703 sanctis-

176 736 306 776 simis
327 735 379 775 R.
405 735 452 775 Ρ.
478 735 530 775 T.
555 735 844 775 orationibus
867 746 921 773 ac
945 733 1204 784 sacrificiis,
1226 734 1392 785 quibus
1408 745 1494 773 nos
1511 734 1650 774 etiam
1668 741 1807 786 atque

173 807 318 846 etiam
335 806 732 856 commendamus,
753 816 838 844 nos
856 810 1109 855 nostraque
1131 804 1334 845 Domino
1355 804 1466 858 Jesu
1486 805 1673 857 tibique,
1695 805 1806 859 Jesu

175 877 370 926 vicario,
394 889 579 928 semper
599 877 699 916 sine
720 876 809 915 fine
832 876 1132 915 deuouentes.

257 948 449 1000 Tyburi,
475 960 533 987 ex
555 947 765 998 Collegio
786 946 1050 997 Societatis‚
1073 947 1097 986 7
1119 946 1227 987 Idus
1248 946 1398 987 Maias
1423 947 1538 987 1555.

497 1019 567 1059 Ex
587 1018 916 1058 commissione
938 1017 991 1058 R.
1016 1017 1170 1058 Patris
1191 1017 1404 1058 Rectoris
1424 1018 1474 1058 P.
1498 1019 1753 1069 Laurentii,

871 1088 925 1129 R.
948 1088 1001 1128 T.
1025 1087 1074 1128 Ρ.
1099 1088 1218 1128 filius
1239 1089 1430 1139 inutilis,

1167 1231 1349 1272 PETRus
1380 1230 1593 1273 SvLums.

772 1659 1219 1714 CCCLXXXIX

245 1893 439 1939 joannes
460 1892 660 1939 Gnatius‚
683 1894 786 1931 olim
805 1894 930 1938 Neto.

295 1956 364 1994 Ex
382 1958 704 1995 commissione
725 1959 869 1996 Patris
891 1960 1077 2008 Philippi
1097 1960 1242 2006 Fabri,

285 2028 289 2033 “
343 2023 464 2060 Patri
483 2023 652 2071 ignatio
673 2024 726 2060 de
745 2024 929 2072 Loyola.

389 2088 571 2132 Mutina,
597 2088 637 2125 11
659 2088 764 2136 Maji
785 2089 877 2127 1555
895 2090 920 2126 ¹.

999 2229 1029 2272 †

256 2361 355 2402 Pax
376 2361 548 2403 Christi
569 2370 794 2415 perpetua
814 2376 900 2404 nos
921 2364 1061 2405 donet
1082 2365 1309 2405 libertate.
1327 2365 1495 2406 Amen.

258 2431 344 2472 Per
371 2433 540 2473 missas
568 2434 627 2474 ad
658 2440 786 2474 tuam
813 2434 1149 2475 paternitatem
1170 2436 1408 2476 ianuarias
1429 2436 1603 2487 literaS,
1627 2435 1728 2476 R.de
1763 2435 1811 2475 in

174 2502 366 2543 rChristo
382 2503 536 2554 Pater,
556 2506 827 2545 nonnullam
849 2506 1072 2546 uberrimi
1088 2506 1270 2547 fructus
1285 2513 1482 2558 partem,
1499 2507 1546 2547 in
1563 2507 1701 2547 uinea
1717 2506 1811 2546 Do-

182 2573 295 2613 mini
310 2575 532 2626 percepti,
554 2575 635 2615 tibi
652 2576 966 2626 significatam
982 2576 1244 2617 habuimus.
1267 2576 1400 2618 Nunc
1423 2583 1577 2618 autem
1597 2583 1705 2618 tuae
1728 2586 1810 2617 uo-

177 2644 345 2684 luntati
365 2645 708 2696 obtemperans,
733 2647 853 2687 dabo
875 2659 1087 2699 operam,
1112 2654 1161 2688 ut
1181 2659 1300 2699 quae
1320 2648 1533 2700 proxime
1562 2648 1681 2688 actis
1703 2659 1812 2700 qua-

177 2719 282 2754 tuor
298 2715 547 2767 mensibus‚
564 2728 645 2767 per
665 2723 768 2758 tuos
789 2718 836 2758 in
851 2718 1053 2760 Domino
1074 2731 1252 2772 seruos,
1268 2720 1343 2760 hic
1360 2726 1496 2771 gesta
1513 2725 1634 2770 sunt,
1653 2719 1810 2771 quoad

237 2848 246 2867 ¹
287 2849 537 2884 Autographae
552 2850 677 2885 duplici
692 2851 784 2888 folio,
798 2860 854 2879 nn.
871 2852 920 2880 166
934 2856 968 2880 et
981 2852 1151 2881 167.—Eas
1171 2854 1257 2882 adeo
1282 2855 1471 2889 castigavit
1490 2854 1658 2882 Polancus
1676 2857 1714 2882 ut
1736 2861 1812 2881 con—

182 2894 304 2922 sultius
332 2897 548 2932 arbitremur,
565 2903 641 2932 post
657 2900 847 2933 exemplum
870 2901 970 2934 quale
991 2900 1138 2928 Gnatius
1159 2902 1310 2936 scripsit,
1333 2902 1426 2930 aliud
1441 2909 1462 2930 a
1483 2902 1630 2929 Polanco
1651 2901 1811 2929 emenda-

183 2944 255 2968 tum
276 2943 453 2976 subjicere.
