2028 3328
166 148 240 184 250
686 148 913 185 LITTERAE
931 159 1291 191 QUADRIMESTRES

821 598 1157 653 OOGXLVI

237 826 502 864 Leonardus
530 827 686 865 Kessel

285 892 406 929 Patri
425 893 594 940 Ignatio
615 892 668 930 de
687 893 871 941 Loyola.

331 958 528 1006 Colonia,
552 958 596 995 14
612 959 811 1006 Januarii
833 959 924 997 1555
943 960 968 995 ¹.

968 1150 989 1183 ἢ,

934 1185 1032 1228 IHS

244 1382 411 1423 Gratia
433 1389 477 1424 et
498 1396 592 1435 pax
614 1383 791 1425 Christi
812 1384 1001 1425 Domini
1022 1384 1280 1424 nobiscum.
1307 1381 1474 1423 Amen.

245 1453 363 1495 Cum
385 1455 475 1495 mei
496 1456 701 1496 muneris
729 1456 802 1507 sit,
826 1456 926 1496 Rde
950 1456 997 1496 in
1028 1455 1213 1496 Christo
1235 1453 1388 1505 Pater,
1423 1454 1630 1494 scribere
1658 1465 1713 1494 ea
1741 1455 1801 1494 ad

162 1524 212 1565 P.
236 1525 315 1576 V„
339 1537 458 1577 quae
479 1526 711 1567 Dominus
732 1527 935 1579 optimus
956 1527 1189 1567 maximus
1211 1531 1413 1578 quatuor
1435 1525 1672 1565 mensibus
1698 1525 1801 1565 istis

161 1597 334 1648 elapsis
356 1599 541 1649 operari
559 1599 779 1650 dignatus
801 1606 872 1639 est
894 1598 951 1638 ad
973 1599 1174 1649 gloriam
1196 1598 1386 1647 Christi,
1421 1597 1628 1637 conabor
1649 1596 1799 1637 breui-

161 1668 248 1708 bus
266 1670 513 1720 complecti
530 1681 600 1720 ea,
620 1681 739 1721 quae
757 1670 1005 1710 scribenda
1028 1681 1130 1709 sese
1153 1668 1368 1719 offerunt,
1391 1672 1444 1708 vt
1450 1668 1678 1718 fratrum
1694 1667 1798 1707 cha-

162 1739 466 1779 rissimorum
482 1741 702 1791 precibus
724 1740 895 1790 adiuti,
911 1740 1027 1791 plus
1039 1741 1242 1790 fructus
1263 1739 1312 1779 in
1334 1738 1535 1779 Domini
1550 1738 1689 1778 vinea
1718 1739 1795 1778 ad-

150 1810 291 1859 ferre
321 1810 584 1851 valeamus.
621 1811 672 1851 In
708 1812 872 1863 primis
914 1823 1028 1861 ergo
1062 1812 1117 1851 de
1153 1810 1350 1851 Colonia
1383 1822 1536 1862 pauca
1570 1810 1796 1850 dicemus:

157 1881 324 1922 deinde
347 1882 402 1922 de
423 1882 880 1934 Nouiomagensibus
901 1883 1073 1934 aliqua.

237 1952 542 1993 Colonienses
572 1964 745 2004 magna
778 1965 864 1993 nos
899 1953 1131 1994 charitate
1162 1958 1524 2005 prosequuntur,
1548 1952 1670 1992 sicut
1700 1952 1794 1992 iam

156 2024 343 2075 saepius
371 2025 658 2076 scripsimus.
692 2024 892 2065 Senatus
923 2036 979 2064 ac
1008 2024 1276 2076 superiores
1306 2024 1354 2064 in
1383 2023 1705 2075 spiritualibus
1740 2035 1795 2063 ac

157 2094 287 2135 ciues
307 2095 424 2135 bene
447 2107 562 2146 erga
583 2095 867 2136 Societatem
888 2095 1043 2135 affecti
1064 2102 1185 2135 sunt.
1211 2094 1301 2145 Qui
1322 2106 1435 2135 vero
1449 2094 1701 2145 aliquando
1715 2106 1794 2134 no-

156 2165 226 2205 bis
248 2166 474 2206 contrarii
500 2166 703 2217 fuerunt,
738 2178 900 2206 omnes
931 2179 954 2206 e
985 2166 1084 2206 vita
1114 2166 1393 2217 migrarunt.
1427 2165 1630 2216 Quidam
1661 2165 1795 2205 Colo-

158 2236 357 2288 niensis,
394 2238 528 2277 cuius
563 2237 765 2277 reditum
798 2237 930 2277 breui
959 2243 1280 2288 expectamus,
1319 2242 1427 2277 ante
1453 2236 1795 2288 profectionem

156 2318 290 2347 suam
312 2308 582 2348 ostenderat
604 2308 738 2348 nobis
760 2308 951 2349 domum
968 2308 1320 2360 amplissimam,
1346 2308 1392 2347 in
1410 2306 1563 2347 medio
1584 2307 1794 2347 ciuitatis

154 2379 449 2430 collocatam,
481 2391 620 2431 quam
653 2379 877 2420 Societati
898 2379 1010 2419 dare
1040 2380 1229 2419 omnino
1258 2378 1543 2419 intendebat.
1576 2377 1792 2429 Superio-

155 2460 230 2488 res
265 2449 568 2490 Colonienses
602 2462 762 2490 omnes
798 2450 993 2491 infestos
1028 2451 1387 2490 concionatores
1421 2450 1697 2499 reiecerunt,
1738 2460 1793 2488 ac

153 2520 493 2571 prohibuerunt
510 2534 567 2561 ne
585 2522 784 2573 amplius
802 2522 1211 2572 concionarentur,
1233 2532 1487 2572 eorumque
1509 2521 1612 2560 loco
1635 2520 1792 2559 catho-

155 2591 271 2631 licos
299 2592 659 2632 concionatores
689 2593 1031 2633 constituerunt
1059 2605 1152 2633 non
1187 2593 1288 2633 sine
1323 2603 1496 2643 magno
1530 2591 1691 2642 populi
1725 2597 1790 2630 tu-

208 2726 219 2746 ¹
257 2726 343 2754 Bina
358 2731 478 2755 extant
494 2727 594 2763 hujus
609 2728 776 2762 epistolae
791 2729 958 2763 exempla.
974 2728 1126 2756 Primum
1141 2728 1277 2762 quidem
1291 2727 1545 2762 autographum
1560 2727 1603 2754 ab
1618 2727 1691 2761 ipso
1706 2726 1792 2753 Leo-

152 2773 260 2801 nardo
272 2774 392 2801 Kessel
408 2780 599 2807 exaratum,
612 2776 711 2802 unico
726 2780 888 2803 constans
903 2776 994 2808 folio,
1010 2783 1041 2803 n.
1053 2775 1116 2809 310,
1133 2779 1166 2802 et
1182 2782 1202 2803 a
1217 2775 1365 2802 Polanco
1379 2774 1489 2802 variis
1508 2774 1622 2801 lituris
1635 2777 1668 2801 et
1684 2781 1794 2801 emen-

153 2821 347 2849 dationibus
358 2823 576 2857 castigatum.
588 2823 748 2850 Alterum
759 2830 853 2856 vero,
867 2831 897 2850 n.
908 2823 973 2857 309,
984 2831 1025 2850 ex
1038 2822 1255 2857 autographo
1267 2823 1315 2849 sic
1325 2822 1516 2854 emendato,
1529 2822 1792 2856 transcriptum.

154 2868 218 2896 Hic
232 2876 335 2903 porro
351 2870 605 2905 autographum
620 2870 781 2897 exhibere
796 2870 953 2904 sufficiat,
969 2870 1131 2904 notando,
1146 2873 1183 2897 ut
1199 2870 1298 2904 alias,
1314 2869 1576 2896 characteribus
1591 2868 1718 2896 italicis
1740 2876 1792 2900 ea.

146 2924 238 2951 quae
254 2916 422 2945 Polancus
437 2918 656 2952 cancellavit;
679 2921 839 2945 caeteras
861 2917 1116 2945 emendationes
1137 2917 1180 2944 ad
1202 2918 1332 2944 calcem
1352 2917 1614 2952 uniuscujusque
1636 2916 1791 2951 paginae

146 2963 372 2998 subjiciendo.
