2028 3328
806 169 889 206 AN.
921 169 1010 206 1554
1688 174 1727 210 11

87 275 199 319 tate,
223 268 420 308 consilio
440 266 596 308 Patris
617 270 879 306 commotae
905 266 1090 317 magnis
1112 266 1349 307 laboribus
1372 268 1631 308 lustrarunt
1652 281 1729 308 ur-

90 340 195 379 bem
229 338 428 390 petendo
462 338 811 388 eleemosynam
836 336 1002 387 puellis
1030 336 1269 388 orphanis,
1303 344 1353 377 ut
1382 337 1437 377 iis
1466 344 1621 389 empta
1644 339 1701 378 do
1719 361 1730 367 -

91 420 195 450 mus
229 410 505 449 solueretur:
533 419 734 460 quarum
758 418 852 448 una
879 407 1066 458 pietatis
1093 407 1246 448 studio
1278 407 1549 458 feruentior,
1586 409 1642 448 ob
1665 410 1735 448 la-

92 481 229 521 bores
258 486 503 532 susceptos
533 478 694 520 incidit
721 479 764 519 in
794 478 1026 528 morbum;
1050 489 1141 530 quo
1164 490 1270 519 cum
1298 479 1511 529 grauiter
1533 492 1707 520 uexare
1724 503 1735 507 -

95 559 181 602 tur,
207 551 359 602 magis
381 550 566 591 dolebat
584 549 640 590 de
661 561 816 601 opere,
840 549 966 601 quod
985 549 1298 600 interruptum
1320 549 1566 600 pendebat,
1592 562 1731 601 quam

93 623 151 663 de
172 633 257 662 sua
274 621 458 662 infirma
479 620 760 662 ualetudine.
784 618 1004 672 Sequitur
1025 619 1290 660 animorum
1319 621 1503 660 cultura
1524 626 1568 660 et
1590 621 1712 661 medi
1726 645 1736 649 -

92 694 217 743 cina,
240 704 377 733 sacra
409 691 642 733 confessio
673 702 728 731 ac
762 691 1076 739 Eucharistia,
1107 691 1163 731 de
1189 702 1281 743 qua
1309 691 1497 742 quidem
1526 703 1576 731 re
1598 692 1735 743 plura

94 764 408 805 scriberemus
429 763 471 803 si
492 762 695 815 operarii
721 762 1090 814 suppeditarent,
1121 762 1199 813 qui
1230 773 1333 803 sese
1361 768 1484 802 totos
1517 763 1624 803 huic
1646 770 1738 802 stu-

94 836 171 877 dio
204 835 490 876 addicerent.
523 833 895 885 Progrediuntur
914 834 1047 874 multi
1080 834 1208 874 ciues
1231 834 1418 874 uirtutis
1448 834 1648 875 studiosi
1691 835 1738 874 in

97 906 513 948 Sacramentorum
528 916 628 955 usu,
651 916 738 945 nec
754 916 848 944 non
870 905 1103 952 mulieres,
1127 916 1247 957 quae
1267 905 1439 956 ubique
1460 905 1669 956 gentium
1691 906 1738 945 in

96 979 184 1018 hac
207 990 256 1018 re
278 977 406 1017 uiros
427 977 619 1017 uincunt
640 988 849 1016 numero,
873 975 933 1016 Hi
954 982 1122 1016 octauo
1144 987 1329 1028 quoque
1351 976 1423 1016 die
1442 976 1501 1017 ad
1519 987 1732 1016 mensam

97 1049 288 1090 Domini
310 1048 554 1096 accedunt;
578 1047 790 1088 nonnulli
809 1047 1099 1099 frequentius
1121 1047 1176 1087 de
1198 1059 1319 1099 pane
1340 1047 1433 1098 illo,
1458 1048 1536 1099 qui
1559 1047 1615 1087 de
1637 1059 1739 1087 coe-

99 1122 142 1161 lo
178 1119 433 1169 descendit,
475 1119 629 1159 edunt.
666 1117 954 1159 Laudandus
989 1118 1221 1159 Dominus
1255 1118 1403 1169 Iesus,
1445 1119 1525 1170 qui
1560 1119 1741 1159 cunctis

101 1196 397 1232 constantem
424 1196 468 1230 et
498 1189 743 1230 robustum
763 1190 971 1230 animum
997 1190 1224 1241 elargitur
1252 1197 1302 1230 ut
1331 1190 1593 1241 suscipiant
1615 1189 1741 1229 labo-

105 1274 179 1303 res
201 1274 285 1314 pro
306 1262 492 1302 nomine
512 1261 626 1312 eius,
649 1266 693 1301 et
719 1261 868 1301 hostis
899 1261 1099 1301 insultus
1120 1268 1164 1301 et
1186 1261 1380 1301 iniurias
1402 1266 1673 1302 constanter
1697 1261 1743 1299 in

112 1333 263 1374 medio
312 1332 599 1384 Babyloniae
645 1333 865 1383 tolerent,
911 1338 955 1373 et
986 1344 1170 1384 semper
1201 1332 1410 1384 aspirent
1451 1332 1511 1373 ad
1549 1331 1742 1372 Domini

106 1415 310 1455 crucem,
335 1414 532 1455 eamque
551 1408 737 1455 gestent
760 1404 1005 1455 praeclara
1028 1404 1330 1456 gloriosaque
1351 1404 1497 1443 multa
1519 1403 1745 1454 gerendo.

106 1475 227 1516 Nam
261 1486 494 1526 nusquam
527 1474 749 1526 gentium,
778 1474 965 1515 sirecte
996 1475 1202 1523 memini,
1227 1475 1392 1527 aspexi
1412 1475 1626 1515 homines
1648 1480 1746 1514 tam

106 1546 328 1587 cordatos
349 1552 394 1586 et
414 1546 588 1597 pietate
609 1546 818 1596 insignes
839 1546 1234 1598 quemadmodum
1254 1546 1519 1597 Ferrariae,
1551 1546 1629 1597 qui
1650 1547 1748 1597 qui-

108 1617 214 1658 dem
251 1623 377 1657 certe
404 1628 545 1668 opere
579 1617 680 1668 ipso
713 1617 957 1658 declarant
985 1629 1088 1658 sese
1114 1630 1208 1658 non
1236 1618 1514 1658 erubescere
1542 1628 1746 1668 euange-

107 1689 237 1729 lium.

192 1758 394 1810 Quidam
427 1759 500 1800 uir
534 1760 581 1800 in
619 1759 790 1801 mundo
825 1761 988 1812 grauis
1023 1767 1068 1801 et
1102 1761 1266 1802 doctus
1302 1765 1347 1801 et
1380 1772 1527 1801 senex
1564 1766 1749 1812 patrem

110 1831 361 1882 quemdam
382 1842 440 1870 ex
455 1831 630 1871 nostris
649 1831 769 1872 inter
790 1832 1126 1884 iniungendam
1147 1832 1485 1884 poenitentiam
1508 1832 1555 1872 in
1572 1830 1754 1871 confes-

111 1902 242 1942 sione
264 1901 462 1953 superbe
482 1902 753 1953 respiciens,
778 1903 819 1943 ei
840 1904 1116 1944 reclamauit
1143 1915 1294 1955 neque
1315 1903 1658 1955 obtemperauit
1679 1914 1756 1942 ue-

113 1973 256 2023 ritati,
280 1972 368 2013 Dei
389 1972 654 2013 ministrum
674 1974 888 2014 irridens.
923 1974 964 2015 Is
994 1986 1108 2026 ergo
1136 1975 1314 2015 homini
1336 1975 1458 2015 elato
1480 1980 1526 2014 et
1546 1975 1749 2026 superbo

113 2044 335 2096 imposuit
370 2055 572 2095 poenam
606 2043 798 2096 dignam
833 2057 946 2086 sane
976 2045 1136 2086 dolore
1170 2052 1491 2098 peccatorum;
1524 2045 1754 2097 praecipit

114 2116 272 2167 itaque
307 2116 348 2156 ei
382 2122 431 2156 ut
467 2126 552 2166 pro
575 2122 876 2167 peccatorum
910 2118 1231 2168 magnitudine
1254 2118 1429 2158 diceret
1470 2117 1756 2158 cantilenam

114 2187 369 2238 quamdam
390 2187 594 2227 maxime
614 2199 641 2226 a
663 2188 912 2229 mundanis
932 2188 1279 2240 frequentatam
1310 2196 1355 2229 et
1376 2188 1686 2229 nobilitatam:
1710 2194 1755 2227 et

115 2258 253 2298 simul
282 2269 388 2298 eum
410 2258 585 2298 dimisit
607 2259 666 2299 ad
686 2265 869 2310 patrem
889 2266 1102 2300 nostrum
1136 2267 1383 2310 rectorem,
1409 2261 1487 2312 qui
1516 2273 1540 2300 e
1561 2259 1755 2310 regione

115 2329 283 2370 eodem
309 2329 593 2380 fungebatur
619 2342 826 2383 munere,
857 2338 906 2372 ut
935 2332 992 2372 ab
1014 2344 1069 2372 eo
1091 2339 1339 2384 quaereret
1361 2344 1421 2372 an
1442 2332 1610 2372 merito
1633 2335 1757 2370 esset

116 2401 205 2441 sibi
225 2401 434 2441 iniuncta
455 2401 562 2441 talis
582 2402 885 2454 poenitentia,
910 2404 1010 2444 eius
1032 2404 1170 2444 simul
1191 2415 1336 2445 causa
1358 2403 1588 2455 exposita.
1610 2402 1759 2442 Porro

118 2472 272 2512 Patris
294 2472 490 2512 consilio
513 2478 557 2512 et
578 2473 862 2514 authoritate
884 2475 1002 2515 adeo
1022 2475 1107 2515 fuit
1129 2481 1407 2526 commotus,
1439 2481 1488 2515 ut
1516 2474 1673 2514 multis
1695 2476 1757 2513 la-

120 2543 331 2595 chrymis
352 2554 463 2583 suos
485 2544 645 2595 lapsus
665 2550 709 2585 et
730 2546 910 2586 scelera
931 2546 1107 2587 diluere
1129 2547 1352 2599 coeperit.
1375 2546 1497 2586 Huic
1519 2557 1613 2586 non
1635 2545 1758 2585 cedit

118 2614 352 2666 quaedam
384 2614 603 2666 foemina,
641 2627 775 2668 quae,
795 2628 901 2657 cum
922 2617 1125 2670 quinque
1147 2618 1284 2658 annis
1304 2618 1452 2658 uitam
1472 2616 1762 2658 traduxisset

120 2697 228 2725 cum
257 2685 508 2727 haereticis
543 2693 587 2726 et
621 2686 678 2726 ab
708 2687 874 2728 iisdem
909 2688 1151 2729 affluenter
1185 2695 1309 2729 esset
1343 2688 1532 2739 infecta,
1570 2688 1762 2728 tandem

121 2755 311 2797 Domini
331 2756 435 2798 Iesu
456 2757 703 2798 clementia
724 2766 950 2800 reuocata
966 2759 1053 2800 fuit
1069 2773 1096 2800 a
1113 2760 1274 2812 prauis
1292 2760 1546 2810 erroribus,
1566 2765 1625 2809 et,
1650 2770 1759 2799 con-

120 2826 324 2868 fessione
352 2828 554 2877 exculta,
592 2835 637 2869 et
665 2828 822 2870 diuino
849 2841 970 2882 pane
999 2830 1191 2881 refecta,
1224 2830 1466 2872 Ecclesiae
1489 2830 1664 2871 Christi
1689 2835 1759 2869 est

122 2899 445 2940 reconciliata.

439 1725 457 1735 ς

204 2968 405 3020 Quidam
432 2971 562 3024 ciuiS,
587 2972 666 3024 qui
685 2973 838 3025 spatio
859 2973 995 3014 unius
1017 2974 1128 3014 anni
1149 2979 1497 3025 contempserat
1518 2972 1762 3013 conscien-
