2028 3328
902 102 985 137 AN:
1017 100 1107 136 1554
1752 98 1819 134 189

264 201 381 241 Cum
396 200 561 240 dubius
577 210 741 247 essem,
763 203 918 237 vtrum
936 197 1047 236 mihi
1064 196 1408 245 Nouiomagum
1426 194 1815 245 proficiscendum

182 279 307 312 esset
336 283 497 322 necne,
530 268 918 311 commendabam
941 278 1133 307 causam
1156 265 1279 315 Deo,
1312 271 1360 305 vt
1383 265 1528 316 ipsius
1557 266 1815 315 beneplaci-

185 349 282 383 tum
304 344 391 383 hac
414 344 459 383 in
481 354 531 382 re
554 352 841 393 cognoscere
864 350 1065 391 possem.
1090 337 1266 378 Eodem
1290 337 1362 376 die
1396 336 1521 376 venit
1545 336 1818 375 tabellarius

186 415 356 454 missus
378 426 404 454 a
427 412 894 464 Nouiomagensibus‚
916 422 996 462 per
1018 411 1177 450 literas
1199 408 1476 459 rogantibus
1499 414 1547 446 vt
1570 406 1818 446 Nouioma-

185 498 297 536 gum
321 486 480 525 venire
502 486 685 533 vellem,
713 483 880 535 quibus
901 482 1048 529 lectis,
1073 492 1166 520 non
1189 479 1397 520 dubitaui
1420 479 1619 530 amplius
1651 478 1705 517 de
1728 478 1818 517 Do-

188 557 299 596 mini
320 558 577 606 voluntate,
602 556 683 596 sed
705 556 852 594 altera
875 553 948 593 die
973 551 981 571 ¹
1007 552 1116 592 Diui
1135 552 1323 591 Martini
1341 550 1563 601 Episcopi
1580 556 1623 589 et
1641 549 1819 589 confes-

185 628 306 668 soris
327 627 671 678 Nouiomagum
692 625 963 678 proficiscor
991 635 1098 664 cum
1129 623 1291 663 eodem
1320 622 1578 662 tabellario.
1608 620 1818 660 Venerat

186 699 308 739 enim
339 699 533 739 sabbato
563 699 650 738 die,
681 697 1027 746 Nouiomagum
1056 695 1197 735 distat
1226 694 1422 734 c'olonia
1463 692 1509 732 19
1541 692 1818 732 milliaribus

185 771 300 811 satis
322 771 520 821 magnis.
545 770 629 810 Est
651 770 788 819 enim,
813 775 1022 819 tempore
1044 766 1265 818 hyemali,
1290 765 1428 805 trium
1450 764 1631 804 dierum
1653 765 1753 803 iter.

264 842 473 882 Veniens
512 841 879 892 Nouiomagum‚
929 838 1194 878 humaniter
1234 836 1485 877 admodum
1525 835 1754 886 suscipior
1794 847 1820 874 a

184 914 389 954 Domino
410 913 645 963 Mauritio,
669 911 861 952 maioris
878 910 1119 950 Ecclesiae
1142 908 1370 949 canonico
1389 919 1444 947 ac
1467 907 1818 952 concionatore,

185 985 266 1037 qui
286 985 426 1025 etiam
447 996 496 1024 se
519 990 708 1024 nostrae
731 982 953 1024 Societati
974 981 1085 1021 dare
1109 979 1321 1020 intendit.
1354 978 1518 1019 Altera
1546 977 1619 1018 die
1641 978 1699 1017 ab
1728 978 1819 1017 alio

186 1056 414 1096 canonico
437 1056 496 1095 M.
522 1056 701 1095 Thoma
729 1054 857 1094 Buiis
880 1064 1045 1101 vocor,
1070 1052 1149 1103 qui
1171 1063 1230 1091 ex
1252 1050 1514 1090 senioribus
1537 1056 1627 1099 est,
1652 1055 1696 1088 et
1718 1060 1820 1100 pro-

186 1128 272 1168 bae
294 1127 545 1167 admodum
568 1127 707 1175 vitae,
732 1126 777 1166 in
800 1125 931 1165 cuius
953 1123 1145 1164 aedibus
1167 1123 1338 1162 multos
1359 1126 1677 1172 congregatos
1695 1120 1820 1160 inue-

186 1200 248 1250 ni,
288 1199 362 1251 qui
400 1211 472 1238 me
506 1210 686 1238 summa
723 1196 1012 1237 humanitate
1046 1194 1061 1213 ²
1091 1200 1384 1245 receperunt,
1423 1192 1590 1244 quibus
1621 1192 1823 1232 accessit

186 1276 334 1310 mater
356 1269 573 1321 Magistri
595 1268 786 1309 Henrici
808 1267 1039 1319 Dionysii,
1065 1272 1109 1306 et
1131 1271 1282 1305 mater
1304 1263 1519 1315 Magistri
1540 1262 1823 1303 Theodorici

186 1341 361 1382 Canisii
389 1353 496 1382 cum
522 1352 684 1381 sorore
711 1339 927 1390 Magistri
956 1338 1187 1387 Thomae;
1219 1348 1338 1388 quae
1367 1342 1410 1376 et
1438 1335 1572 1375 nobis
1601 1334 1820 1375 confessa

187 1420 271 1464 est,
295 1412 418 1465 quod
439 1419 484 1452 et
505 1419 654 1453 mater
683 1411 899 1462 Magistri
927 1409 1122 1450 Henrici
1150 1408 1358 1457 fecisset,
1389 1406 1471 1447 sed
1500 1418 1593 1446 non
1621 1405 1823 1446 dabatur

185 1491 393 1536 tempus:
417 1484 534 1524 alias
555 1483 718 1532 saciet3
749 1483 1004 1522 maximam
1031 1480 1312 1520 charitatem
1339 1479 1481 1519 etiam
1509 1477 1642 1518 nobis
1670 1485 1822 1518 osten-

185 1557 363 1596 dentes.
388 1555 561 1595 Omnes
583 1555 720 1594 simul
742 1554 915 1606 pransi,
940 1559 1104 1605 postea
1136 1563 1217 1603 per
1240 1551 1423 1602 aliquos
1454 1548 1467 1567 ⁵
1497 1549 1642 1590 ducor
1665 1549 1725 1589 ad
1754 1549 1820 1588 vi-

185 1628 387 1668 dendum
410 1628 563 1667 locum
583 1632 628 1666 et
650 1625 827 1673 domOS‚
852 1636 968 1676 quas
991 1624 1127 1675 virgo
1149 1623 1228 1663 illa
1249 1621 1563 1673 sexagenaria
1586 1619 1599 1638 '⁴
1621 1620 1820 1660 intendit

186 1698 409 1740 Societati
431 1698 558 1747 dare,
582 1697 674 1737 imo
696 1696 789 1736 iam
811 1696 904 1747 dat,
929 1702 972 1736 et
994 1695 1121 1735 dabit
1144 1694 1172 1742 ⁵,
1197 1694 1235 1734 si
1252 1694 1463 1734 Societas
1485 1692 1703 1743 dignetur
1725 1702 1822 1732 sus·

187 1771 357 1822 cipere.
381 1769 536 1809 Locus
557 1769 739 1820 amplus
761 1774 844 1817 est,
876 1774 920 1807 et
942 1767 1107 1807 domus
1139 1767 1281 1814 duae,
1311 1776 1430 1816 quae
1459 1763 1785 1814 magnitudine
1807 1762 1822 1780 ⁰

187 1855 241 1883 ac
272 1841 513 1882 altitudine
541 1840 747 1880 omnium
775 1839 1040 1879 vicinorum
1070 1838 1236 1878 domus
1266 1835 1518 1884 excedunt,
1550 1834 1716 1886 quibus
1746 1834 1823 1874 ad-

182 1912 373 1965 junctae
395 1919 501 1952 sunt
523 1920 618 1952 tres
640 1918 719 1951 aut
740 1917 941 1962 quatuor
961 1910 1127 1950 domus
1148 1919 1340 1960 paruae,
1364 1907 1620 1958 interquas
1642 1912 1711 1946 est
1728 1907 1822 1957 pla-

186 1985 323 2026 nities
346 1995 533 2035 magna,
554 1983 601 2023 in
618 1994 709 2034 qua
731 1993 904 2033 magna
922 1981 1121 2021 ecclesia
1140 1978 1378 2020 aedificari
1396 1985 1566 2030 posset.
1587 1977 1675 2017 Hic
1693 1978 1825 2016 locus

185 2057 411 2109 optimum
432 2056 572 2095 habet
594 2059 751 2094 aerem
772 2065 857 2093 nec
877 2053 1037 2104 procul
1058 2058 1127 2092 est
1147 2064 1172 2091 a
1191 2061 1372 2091 summo
1390 2050 1562 2100 templo
1585 2054 1629 2088 et
1646 2060 1673 2088 a
1691 2049 1825 2088 scho—

186 2130 245 2168 la.
269 2128 397 2168 Intus
419 2125 782 2178 supellectilibus
803 2124 1083 2165 necessariis
1100 2128 1295 2163 ornatae
1318 2127 1424 2161 sunt
1445 2120 1472 2160 ⁷.
1498 2119 1546 2160 si
1568 2120 1699 2160 locus
1718 2131 1825 2158 ven-

187 2198 366 2240 dendus
397 2205 543 2248 esset,
573 2198 689 2237 bene
716 2197 896 2236 valeret
924 2195 1074 2235 tribus
1102 2194 1304 2234 millibus
1332 2192 1629 2232 florenorum.
1662 2190 1746 2231 Est
1780 2196 1825 2230 ct

187 2271 278 2311 alia
301 2276 532 2318 matrona,
557 2280 676 2320 quae
698 2279 832 2308 suam
853 2267 1055 2316 domum,
1079 2265 1187 2305 huic
1208 2266 1313 2304 loco
1332 2263 1554 2312 vicinam,
1578 2262 1721 2302 etiam
1743 2261 1826 2302 So-

185 2342 345 2383 cietati
366 2341 479 2381 dare
501 2340 615 2380 vult.
639 2339 722 2380 Est
744 2344 788 2379 et
811 2338 903 2378 alia
925 2344 1165 2383 matrona,
1187 2336 1245 2375 ad
1263 2346 1403 2386 quarn
1420 2341 1620 2374 vocatus
1643 2333 1722 2384 fui,
1748 2345 1824 2373 cu-

239 2553 248 2572 ¹
287 2551 475 2586 postridie.
493 2550 580 2577 Vide
598 2549 747 2576 Pomxm
766 2547 970 2578 chronicon,
986 2549 1009 2573 t.
1024 2553 1070 2578 iv,
1087 2552 1164 2579 pag.
1181 2543 1243 2575 275,
1261 2550 1291 2570 n.
1306 2541 1359 2569 594
1374 2546 1406 2569 et
1422 2546 1538 2569 annot.
1552 2541 1578 2568 ἢ.

239 2602 252 2620 '-‘
291 2601 351 2634 qui
366 2606 428 2626 nos
442 2605 584 2625 summa
600 2604 678 2624 cum
692 2595 930 2622 humanitate.

238 2649 251 2668 ·'·
290 2647 317 2674 A
330 2647 487 2681 prandio
502 2649 567 2679 per
581 2644 733 2678 aliquos.

239 2697 254 2716 ’ὃ
289 2694 456 2722 'theresia
473 2694 507 2727 [?]
526 2700 592 2720 van
608 2692 672 2719 den
687 2690 812 2721 Bergh.
830 2689 866 2716 B.
885 2688 978 2715 Petri
995 2687 1120 2714 Canisii
1138 2691 1340 2714 matertera.
1364 2685 1450 2713 Vide
1463 2684 1746 2711 Bmuxsnnaossn.
1766 2684 1826 2710 Fa-

187 2743 276 2770 nisti
292 2742 470 2777 epistulae
487 2742 519 2768 et
535 2741 628 2772 acta,
644 2744 666 2766 t.
684 2746 707 2771 1,
723 2745 802 2773 pag.
818 2738 881 2764 701.

240 2791 254 2809 5
292 2793 363 2817 imo
376 2789 486 2816 dedit.

238 2838 253 2857 ὓ
290 2836 403 2864 Locus
415 2836 559 2870 amplus
574 2836 638 2866 est,
654 2834 781 2861 domus
797 2833 890 2859 duae
908 2831 1169 2865 magnitudine.

239 2886 251 2905 ἲ
289 2885 403 2912 Aedes
418 2891 500 2911 vero
514 2881 800 2917 supellectilibus
815 2880 1033 2908 necessariis
1048 2882 1196 2906 ornatae
1219 2879 1314 2904 sunt.
1340 2876 1457 2903 Verba
1480 2874 1659 2908 sequentia
1682 2875 1714 2900 si
1728 2875 1825 2901 Iocus

188 2933 398 2960 vendendus
413 2934 518 2964 esset,
533 2931 619 2958 bene
634 2929 772 2957 valeret
787 2929 903 2956 tribus
926 2927 1317 2961 mt'llzbusflorenorum
1335 2924 1540 2952 omittuntur
1556 2921 1588 2948 in
1612 2923 1824 2956 apographo.
