2028 3328
858 92 939 128 Ax.
971 91 1061 129 1555
1711 89 1781 126 725

831 541 986 596 GDX
1000 542 1093 595 LV

206 769 400 816 Jacobus
419 771 472 808 de
492 771 660 808 Acosta

256 835 380 872 Patri
399 836 568 882 ignatio
589 836 642 873 de
661 836 845 883 Loyola.

301 900 583 942 Salmantica.
603 900 649 938 29
669 901 927 938 Decembris
950 900 1041 937 1555
1057 902 1079 936 ¹.

912 1067 1025 1132 nas

444 1253 713 1294 Admodum
735 1254 1011 1294 Reverende
1040 1256 1084 1294 in
1108 1254 1292 1295 Christo
1314 1253 1468 1293 Pater.

213 1323 377 1364 Gratia
408 1330 452 1365 et
482 1337 576 1377 pax
605 1325 779 1366 Christi
809 1325 1068 1365 visceribus
1100 1325 1422 1365 Paterm'talz's
1444 1328 1553 1364 tuae
1588 1330 1771 1376 semper

136 1394 327 1445 z'nfluat.
352 1396 517 1436 Amen.

211 1465 299 1506 Per
333 1467 597 1518 proximam
631 1467 1023 1519 quadrimestrem
1055 1479 1234 1517 eorum,
1267 1467 1350 1518 qni
1380 1467 1466 1506 lzoc
1500 1467 1770 1507 tenebamus

138 1536 401 1588 Collegium
427 1543 458 1588 ‘-',
486 1538 824 1579 Paternitatem
851 1545 978 1579 tuam
1000 1560 1006 1574 c
1025 1542 1176 1578 emam
1214 1537 1227 1555 ³
1258 1537 1559 1578 reddidimus:
1597 1538 1770 1587 viginti

129 1619 310 1660 nempe,
330 1619 532 1660 qnorum
547 1607 563 1628 ⁴
582 1609 852 1650 sacerdotes
872 1610 1089 1661 quinque,
1115 1608 1289 1660 reliqui
1306 1619 1418 1648 vero
1435 1608 1451 1647 Z
1458 1608 1561 1649 clici.
1583 1609 1641 1649 Et
1658 1609 1766 1649 licet

128 1679 379 1730 postillam
397 1681 623 1731 scriptam
644 1680 735 1721 duo
758 1681 1059 1721 sacerdotum
1081 1681 1422 1720 humanitatem
1445 1679 1458 1699 ⁵
1492 1680 1765 1731 professuri,

131 1749 453 1802 Methymnam
469 1752 606 1792 'missi
638 1752 823 1802 fuerint,
861 1758 1032 1801 tamen,
1072 1763 1177 1792 cum
1214 1751 1291 1791 alii
1326 1751 1433 1801 duo,
1470 1752 1548 1802 qui
1570 1751 1695 1801 hine,
1722 1758 1770 1791 vt

124 1822 339 1873 corporis
363 1822 491 1862 vires
517 1823 910 1874 redintegrarent,
949 1824 1040 1863 alio
1078 1822 1277 1874 profecti
1308 1823 1507 1871 fuerant,
1532 1822 1591 1862 ad
1615 1822 1767 1862 studia

126 1893 347 1933 redierint
367 1895 505 1933 simul
526 1906 632 1934 cum
653 1895 743 1934 alio
766 1894 920 1943 Patre,
945 1895 1021 1945 qui
1056 1906 1179 1933 anno
1210 1893 1426 1944 proximo
1462 1892 1693 1944 Hispalim
1716 1906 1766 1933 se

125 1965 402 2015 contulerat,
429 1965 512 2016 qui
524 1965 692 2016 paucis
708 1969 824 2016 post
841 1965 1003 2005 diebus
1018 1965 1266 2014 M'onlerey
1283 1964 1508 2015 oppidum
1529 1964 1596 2003 sic
1616 1964 1765 2015 appel-

124 2033 275 2075 latum
290 2041 657 2087 progressurus
677 2040 765 2087 est,
788 2048 985 2088 cumque
1008 2036 1125 2076 alius
1147 2036 1257 2075 item
1274 2034 1495 2075 sacerdos
1527 2036 1761 2076 nonnullis

125 2117 231 2146 cum
253 2106 386 2147 laicis
405 2113 451 2147 et
473 2106 805 2159 Septimancis‚
828 2107 1123 2159 probationis
1145 2107 1298 2156 domo,
1323 2113 1366 2146 et
1387 2105 1659 2157 Methymna
1675 2106 1766 2146 huc

123 2177 269 2217 literis
290 2178 550 2218 instruendi
571 2178 902 2227 confluxerint,
921 2181 1023 2218 tum
1042 2176 1056 2195 ‘³
1079 2177 1264 2217 demum
1287 2187 1391 2216 cnm
1417 2177 1567 2217 sacris
1597 2177 1766 2217 initiati

122 2255 218 2289 tres
237 2249 409 2289 fratres
428 2250 615 2300 fuerint,
640 2250 718 2301 qui
747 2250 868 2289 hanc
903 2250 949 2289 in
981 2248 1353 2300 praesentiarum
1388 2248 1654 2288 habitamus
1682 2247 1764 2288 do-

123 2331 248 2359 mum
286 2319 635 2372 duodetriginta
676 2332 851 2360 sumus
893 2320 956 2359 Et
995 2330 1159 2358 eornm
1209 2318 1221 2336 ⁷
1265 2319 1535 2359 sacerdotes
1584 2319 1762 2367 decem,

123 2390 463 2442 duodeviginti
479 2395 594 2431 sunt
615 2395 773 2431 autem
794 2390 917 2430 laici.
943 2389 1096 2441 Atqui
1112 2390 1414 2429 sacerdotum
1445 2401 1622 2429 rursus
1643 2390 1766 2430 theo-

178 2526 187 2546 ¹
229 2525 281 2553 Ex
296 2527 421 2554 volum.
438 2526 517 2554 anni
534 2525 611 2560 155&
629 2526 867 2560 autographae
890 2525 1014 2560 duplici
1031 2525 1064 2552 in
1085 2525 1173 2552 solio.
1194 2532 1224 2552 n.
1240 2524 1445 2553 360.—l³1ura
1468 2525 1501 2552 in
1517 2525 1557 2552 iis
1577 2526 1766 2560 suppressit

121 2573 302 2607 Poianeus‚
320 2574 435 2609 aliqua
451 2582 710 2609 suppressorum
726 2575 798 2601 loco
814 2574 963 2607 scripsit:
986 2574 1044 2601 illa
1060 2580 1131 2606 nos,
1148 2577 1183 2600 ut
1207 2573 1310 2600 moris
1334 2573 1428 2600 nobis
1451 2577 1511 2606 est,
1534 2573 1660 2601 italicis
1675 2574 1767 2609 typis

111 2622 365 2656 describemus
382 2623 468 2650 haec
483 2623 527 2650 ad
542 2623 690 2657 paginae
708 2623 839 2649 calcem
854 2621 1084 2656 subjiciemus.

172 2669 186 2688 Ξ
225 2670 268 2697 de
284 2670 390 2697 rebus
406 2671 555 2697 nostris.
571 2670 765 2697 PoLANcus.

172 2717 186 2736 ³
225 2718 428 2745 certiorem.
447 2718 495 2745 ID.

173 2766 187 2785 ’ὃ
225 2767 310 2793 tunc
326 2773 488 2800 eramus,
504 2767 600 2794 inter
611 2774 707 2801 quos.
720 2766 769 2793 Io.

173 2812 187 2832 5
223 2813 447 2840 humaniores
461 2814 617 2841 litteras.
634 2814 688 2842 Io.

172 2858 187 2878 (ἶ
228 2868 279 2888 ac.
297 2860 345 2888 ID.

169 2907 188 2927 Ἴ
227 2916 270 2936 ex
286 2909 424 2943 quibus.
439 2909 488 2937 ID.
