2028 3328
786 106 869 142 AN.
903 107 993 143 1554
1665 110 1703 144 1⁷3.-
1703 126 1710 143 ›

82 205 171 244 huc
202 204 280 255 qui
314 202 668 252 calumnientur,
705 201 1050 253 patientiaeque
1078 202 1322 242 materiam
1358 215 1448 243 non
1479 205 1709 245 modicam

84 274 314 315 immerito
334 274 604 326 praebeant,
626 284 719 312 non
737 273 885 312 solam
907 272 1106 312 docendi
1125 273 1368 323 rationem,
1393 273 1447 313 de
1470 287 1560 325 qua
1583 287 1709 326 prae-

84 346 209 397 cipui
239 352 346 385 sunt
382 344 638 393 conflictus,
676 342 773 391 sed,
806 343 845 383 si
881 343 991 395 quid
1022 343 1161 383 etiam
1188 344 1234 383 in
1266 345 1438 384 ciuium
1467 346 1711 386 Vtilitatem

84 416 278 464 edimus,
311 421 571 467 carpentes.
595 414 891 466 Quamquam
920 426 1011 454 non
1032 414 1079 454 id
1101 415 1303 466 impune,
1327 416 1409 456 sed
1429 417 1551 456 vnde
1575 418 1712 457 maio-

86 499 184 527 rem
205 487 291 527 sibi
312 487 497 528 laudem
519 497 796 538 comparare
816 486 935 526 falso
951 485 1175 537 iudicant,
1202 486 1309 526 hinc
1331 488 1586 538 turpiorem
1606 500 1716 528 non-

88 558 198 598 nulli
220 558 435 610 (quorum
456 565 525 598 est
546 558 806 598 authoritas
828 558 1024 607 summa)
1046 557 1331 608 ignominiae
1352 565 1514 598 notam
1535 566 1715 599 contra-

90 630 218 670 hunt.
242 629 478 670 Adiiciam
499 628 812 680 ludimagistri
830 629 1072 669 cuiusdam
1094 629 1278 680 insigne
1300 636 1604 681 stratagema,
1629 643 1718 682 quo

89 706 315 752 quantum
346 701 480 741 nobis
507 700 612 741 fidei
639 699 886 740 detrahere
918 706 987 740 est
1017 706 1227 750 conatus,
1252 706 1432 740 tantum
1463 701 1548 741 sibi
1570 703 1721 753 acqui-

89 772 197 812 siuit
217 772 518 823 ignominiae.
543 771 662 812 Nam
684 771 751 822 (vt
772 778 976 821 caetera,
1005 783 1063 811 ne
1098 772 1185 811 sim
1219 771 1308 811 hac
1336 772 1382 811 in
1409 783 1459 812 re
1479 773 1718 824 prolixior,

90 843 335 893 omittam),
361 854 466 883 cum
486 842 681 894 Neapoli
710 842 801 882 huc
833 842 1101 893 adueniens,
1136 843 1426 883 aemulorum
1456 844 1637 883 solicita
1660 844 1721 884 di-

90 913 284 965 ligentia
318 915 615 964 subornatus,
655 914 842 953 scholas
876 920 1064 953 nostras
1099 914 1291 954 adiisset
1321 914 1642 966 coepissetque
1678 916 1721 955 in

91 985 402 1036 quorumdam
423 996 710 1025 summorum
734 985 947 1025 virorum
981 991 1250 1036 conspectu,
1280 985 1359 1037 qui
1386 992 1494 1025 tunc
1530 986 1723 1026 aderant

92 1057 512 1097 examinandorum
530 1056 865 1107 discipulorum
885 1057 1054 1108 gratia,
1074 1057 1303 1105 foelicem‚
1322 1064 1372 1097 vt
1389 1057 1720 1106 arbitrabatur,

94 1134 261 1169 nactus
297 1129 593 1169 occasionem
626 1128 841 1180 discipuli
875 1128 1119 1168 cuiusdam
1146 1128 1408 1180 epistolium
1438 1130 1608 1179 legere,
1646 1130 1724 1169 ini-

94 1200 210 1239 tium
243 1200 542 1251 reprehendit
567 1199 901 1251 imprudenter.
930 1199 1090 1251 Neque
1111 1200 1233 1240 enim
1267 1199 1360 1240 diei
1380 1212 1517 1251 posse
1539 1201 1726 1240 volebat

98 1271 277 1322 “recepi
300 1271 586 1322 epistolam‚„
611 1272 768 1322 immo,
793 1271 916 1322 quod
938 1271 1120 1323 turpius
1147 1277 1231 1322 est,
1255 1271 1432 1311 nullum
1452 1271 1624 1311 latinae
1646 1272 1726 1311 lin-

93 1353 214 1393 guae
245 1342 492 1382 authorem
520 1343 586 1383 ita
606 1342 749 1383 fuisse
784 1343 1002 1392 locutum,
1041 1343 1199 1383 nescio
1232 1354 1322 1394 qua
1344 1342 1489 1382 fretus
1512 1342 1724 1392 audacia,

94 1419 367 1453 constanter
390 1414 645 1454 asserebat.
669 1413 813 1454 Cuius
835 1414 912 1454 Vbi
943 1414 1062 1454 ratio
1094 1413 1407 1454 temeritatem
1434 1414 1726 1464 compressit,

94 1484 329 1524 volvimus
350 1485 592 1525 Ciceronis
621 1484 680 1525 ad
707 1484 919 1525 Atticum
941 1485 1176 1537 epistolas,
1211 1485 1287 1525 ubi
1309 1485 1542 1536 recepisse
1563 1497 1611 1525 se
1633 1485 1728 1524 lite-

95 1567 173 1596 ras
194 1562 238 1596 et
261 1556 484 1607 epistolas
505 1555 756 1596 fatebatur.
787 1555 923 1607 Quod
958 1567 1064 1596 cum
1092 1556 1366 1608 accepisset,
1390 1555 1543 1596 famae
1566 1566 1730 1595 consti—

83 1628 209 1677 *lens,
233 1628 322 1667 alio
344 1638 406 1675 se,
432 1627 593 1667 relicta
616 1626 824 1678 Perusia,
848 1628 1058 1668 contulit.
1083 1627 1238 1679 Atque
1262 1628 1378 1667 haec
1400 1627 1456 1667 de
1478 1627 1657 1667 studiis.

179 1697 309 1748 Quae
333 1710 444 1738 vero
468 1698 526 1738 ad
548 1698 809 1750 spiritualia
830 1699 1079 1750 pertinent,
1103 1699 1221 1738 haec
1242 1699 1344 1739 istis
1364 1698 1507 1738 nihilo
1527 1705 1632 1738 sunt
1653 1698 1732 1737 mi-

99 1781 231 1809 nora.
268 1768 440 1809 Totum
475 1775 656 1820 tempus
696 1770 1126 1821 quadragenarium
1160 1774 1565 1809 sacramentorum
1593 1769 1734 1808 admi-

101 1841 369 1880 nistrationi
406 1851 683 1881 concessum
711 1848 795 1891 est,
829 1853 885 1881 ex
918 1853 1008 1893 quo
1045 1853 1137 1881 non
1158 1853 1334 1892 paruus
1362 1841 1623 1880 animarum
1645 1839 1736 1879 fru-

96 1917 219 1952 ctus.
240 1911 373 1952 Multi
393 1912 622 1963 siquidem
633 1912 691 1952 ad
705 1913 946 1953 meliorem
962 1913 1088 1953 vitae
1104 1924 1318 1953 normam
1335 1923 1438 1952 sese
1455 1911 1736 1962 redigentes,

100 1983 278 2023 relictis
300 1983 550 2033 erroribus,
575 1982 759 2024 Christo
787 1984 1116 2031 adhaeserunt,
1140 1995 1340 2036 quorum
1374 1983 1546 2034 partim
1567 1982 1738 2022 adulte-

104 2054 200 2102 riis,
224 2054 394 2105 partim
416 2054 567 2104 furtis,
600 2055 786 2106 plurimi
814 2055 1092 2107 capitalibus
1122 2055 1240 2095 odiis
1271 2066 1326 2094 ac
1348 2054 1593 2103 diuturnis,
1619 2053 1738 2093 aliis-

98 2136 193 2177 ·que
223 2125 269 2165 id
298 2136 448 2175 genus
478 2125 731 2166 sceleribus
758 2126 965 2178 impediti
1003 2126 1189 2166 fuerant
1220 2137 1310 2177 quo
1340 2125 1492 2165 minus
1515 2137 1539 2164 a
1562 2124 1737 2172 decem,

106 2195 386 2247 quindecim,
420 2196 605 2246 viginti,
639 2197 779 2237 etiam
805 2197 996 2248 triginta
1028 2197 1162 2237 annis
1189 2201 1594 2236 sacramentorum
1624 2195 1741 2234 salu-

108 2267 196 2307 tari
217 2267 373 2317 gratia
407 2266 688 2308 fruerentur.
713 2268 814 2309 Hoc
842 2269 943 2320 ipso
976 2275 1185 2320 tempore
1213 2268 1535 2308 adolescentes
1558 2266 1745 2306 circiter

109 2343 303 2389 septem,
327 2338 404 2389 qui
427 2339 601 2378 nostris
623 2339 978 2391 confitebantur,
1004 2340 1163 2380 diuino
1185 2351 1234 2379 se
1256 2345 1378 2379 totos
1401 2338 1623 2389 obsequio
1656 2344 1746 2377 tra-

105 2409 285 2457 didere,
316 2421 374 2449 ex
405 2409 570 2461 quibus
601 2410 679 2449 alii
700 2416 806 2450 sunt
828 2411 1103 2462 religionem
1139 2410 1357 2461 ingressi,
1382 2409 1459 2450 alii
1482 2409 1604 2449 idem
1627 2420 1747 2448 asse-

112 2480 191 2532 qui
211 2480 448 2520 festinant.
473 2480 701 2521 Effectum
723 2488 793 2522 est
814 2482 955 2522 etiam
976 2489 1027 2522 vt
1049 2482 1333 2531 sacerdotes,
1359 2481 1523 2532 quibus
1546 2480 1602 2520 ob
1623 2480 1749 2519 Vitae

113 2550 356 2591 infamiam
377 2551 527 2591 sacris
549 2557 649 2591 erat
670 2552 983 2604 interdictum,
1009 2553 1068 2593 ad
1097 2553 1295 2604 pr1stina
1323 2551 1474 2592 officia
1495 2550 1621 2591 omni
1641 2555 1752 2590 nota

113 2623 304 2673 purgati
332 2623 706 2663 restituerentur.
737 2623 952 2676 Plerique
980 2624 1154 2676 duplici
1191 2635 1382 2664 carcere
1417 2622 1636 2673 exempti,
1674 2621 1752 2672 qui

116 2693 317 2733 vinculis
335 2706 362 2733 a
383 2692 491 2733 R.d0
514 2693 706 2734 Vicario
729 2695 912 2736 liberati
933 2696 1068 2736 nobis
1099 2695 1404 2736 tradebantur
1426 2705 1532 2745 quo,
1556 2692 1754 2733 strictio-

114 2763 246 2804 ribus
266 2771 571 2816 peccatorum
592 2765 789 2806 nexibus
810 2767 963 2817 soluti,
978 2767 1221 2807 liberiores
1238 2764 1521 2806 incederent.
1544 2763 1659 2804 Sunt
1679 2763 1755 2814 qui

119 2834 292 2885 peioris
313 2835 439 2876 vitae
457 2837 750 2877 correctione
771 2837 956 2878 animae
977 2839 1154 2890 pariter
1176 2843 1220 2878 et
1237 2836 1448 2888 corporis
1470 2836 1667 2875 salutern
1690 2844 1756 2873 re-

119 2912 422 2956 cuperarunt.
445 2906 592 2947 Porro
621 2908 705 2948 sub
733 2908 855 2948 diem
877 2908 1180 2959 Parasceues,
1205 2920 1261 2948 ne
1296 2907 1399 2959 quis
1421 2907 1515 2946 otio
1548 2910 1756 2950 vacaret,
