2028 3328
853 60 935 95 ΑΝ.
968 59 1058 95 1554
1720 62 1789 99 143

143 164 241 198 tuin
264 169 377 197 vero
399 168 484 197 nos
506 156 669 196 vocari
692 155 826 194 iussit
848 167 903 194 ac
924 156 1060 206 pleno
1088 155 1325 194 intellectu
1357 156 1605 206 multisque
1637 158 1786 208 lacry-

145 229 232 268 mis
254 228 488 277 confessa,
518 239 699 267 necnon
736 231 1071 265 sacrosanctae
1093 225 1422 265 Eucharistiae
1444 226 1619 266 viatico
1642 229 1786 267 muni-

144 306 206 349 ta,
231 311 291 339 ex
313 299 384 339 his
405 298 607 339 miseriis
628 296 850 347 migrauit
872 296 931 336 ad
954 296 1223 336 Dominum.

226 370 277 410 In
296 370 602 410 concionibus
620 373 842 408 consueto
858 367 992 417 (alias
1009 367 1197 418 saepius
1215 369 1419 407 seruatol
1441 368 1578 407 modo
1598 379 1788 419 progre-

147 441 285 481 ditur.
312 440 421 480 Post
443 441 733 489 concionem,
759 439 804 478 in
826 438 899 478 die
920 438 1192 478 Natiuitatis
1221 438 1394 478 Beatac
1426 438 1602 478 Mariae
1634 439 1789 489 Virgi-

146 513 218 552 nis
240 512 463 561 habitam,
488 510 717 563 quaedam
738 511 889 561 virgo,
915 521 1143 561 pomposa
1161 516 1205 549 et
1223 510 1483 549 saecularis
1502 510 1630 550 iuxta
1654 510 1792 549 huius

146 583 322 622 saeculi
357 584 641 633 prauitatem
675 588 720 622 et
750 581 1033 632 superbiam,
1069 586 1217 621 totam
1244 593 1378 620 suani
1410 592 1696 632 componens
1727 582 1791 620 vi-

146 660 256 703 tam,
281 660 564 705 compuncta
585 664 777 705 prorsus
799 652 857 692 ad
880 664 951 692 me
974 652 1116 701 venit,
1143 652 1300 692 omnia
1323 664 1407 692 sua
1429 652 1631 692 offerens
1658 664 1791 692 orna-

146 732 317 775 menta,
343 725 510 776 quibus
531 725 758 765 hactenus
780 723 953 764 mundo
976 724 1168 775 eiusque
1190 724 1372 775 pompis
1391 725 1577 775 placere
1599 725 1789 774 studuit,

147 808 364 836 asserens
386 808 434 836 se
457 797 657 848 amplius
678 796 799 836 nolle
817 795 1003 835 diabolo
1022 796 1106 835 sub
1124 795 1225 835 istis
1243 794 1494 846 figmentis,
1519 796 1601 835 sed
1619 795 1720 835 Deo
1745 796 1792 835 in

146 868 272 907 omni
300 868 559 907 humilitate
590 867 650 907 ad
677 873 874 907 mortem
904 878 1052 918 vsque
1081 867 1199 906 Velle
1229 866 1446 906 militare.
1478 866 1572 906 Alii
1608 878 1793 918 quoque

146 940 358 979 nonnulli
388 939 631 990 Vtriusque
666 950 807 979 sexus
834 949 894 978 ex
924 938 1181 988 adulteriis,
1214 937 1620 988 fornicationibus,
1656 938 1789 988 odiis,

147 1010 375 1050 iniustitia
405 1010 602 1062 aliisque
624 1009 957 1061 multiplicibus
988 1015 1293 1060 peccatorum
1314 1009 1581 1060 generibus,
1607 1010 1790 1049 concio-

146 1092 259 1121 num
280 1080 720 1133 confessionumque
753 1080 918 1121 mediis
951 1080 1157 1132 quotidie
1190 1080 1249 1120 ad
1279 1080 1469 1120 saniora
1493 1087 1790 1120 reuocantur.

227 1152 330 1192 Huc
348 1164 531 1204 quoque
549 1158 729 1204 spectat
746 1152 929 1192 silentio
943 1151 1132 1191 minime
1145 1151 1558 1203 praetereundum,
1580 1151 1793 1191 Revffnum

147 1223 433 1275 Episcopum
461 1224 770 1264 Leodiensem
791 1223 815 1274 ¹,
836 1224 893 1263 ad
910 1223 1184 1263 instantiam
1201 1223 1260 1263 D.
1280 1222 1493 1274 Pictauii,
1513 1222 1795 1264 Cancellarii

146 1295 435 1345 Leodiensis,
468 1295 602 1336 nobis
633 1295 812 1335 litteras
845 1307 929 1335 suo
966 1295 1119 1346 sigillo
1151 1295 1356 1334 munitas
1393 1295 1592 1345 dedisse,
1626 1295 1795 1346 quibus

148 1366 394 1418 approbat,
414 1375 457 1406 et
480 1367 538 1407 ad
561 1366 874 1406 uniuersalem
896 1378 980 1417 per
999 1374 1145 1406 totam
1165 1377 1300 1406 suam
1320 1366 1572 1406 dioecesim
1590 1366 1795 1417 publica-

146 1438 334 1487 tionem,
357 1449 443 1477 nos
461 1444 505 1477 et
522 1438 679 1477 omnia
701 1443 862 1477 nostra
895 1437 1098 1477 admittit
1126 1437 1389 1489 priuilegia.
1415 1436 1541 1477 Idem
1562 1436 1794 1477 Dominus

147 1509 589 1559 Cancellarius,iam
602 1510 778 1549 electus
799 1509 1059 1560 Episcopus
1077 1508 1358 1549 Morinensis
1380 1508 1409 1558 ⁶³,
1433 1509 1584 1560 primo
1603 1520 1788 1560 quoque

148 1587 357 1632 tempore
380 1581 457 1620 vbi
479 1580 782 1620 confirmatus
801 1580 955 1630 fuerit,
981 1580 1146 1621 Patres
1168 1592 1222 1620 ac
1242 1580 1434 1620 Fratres
1455 1579 1705 1620 Societatis
1728 1580 1786 1620 ad

149 1664 253 1692 eam
274 1652 517 1692 vocandos
542 1652 672 1701 dixit,
699 1663 817 1703 quos
846 1652 989 1691 tantis
1025 1652 1222 1692 intendit
1258 1652 1421 1692 dotare
1457 1652 1717 1692 honoribus
1749 1658 1792 1691 et

149 1723 402 1773 beneficiis,
422 1729 473 1762 vt
491 1724 548 1762 ab
567 1723 667 1774 ipso
685 1723 784 1763 solo
803 1723 945 1763 totius
964 1723 1101 1763 huius
1122 1723 1362 1763 Inferioris
1384 1723 1668 1763 Germaniae
1690 1724 1795 1775 Epi-

155 1794 285 1845 scopi
307 1795 573 1845 exemplum
596 1794 655 1834 ad
676 1794 839 1834 eadem
861 1779 1076 1834 facienda
1098 1806 1282 1834 sumere
1305 1800 1540 1846 poterunt.

235 1864 566 1916 Superioribus
586 1865 748 1905 diebus
770 1865 931 1906 Patres
958 1866 1108 1906 nostri
1136 1879 1163 1906 a
1190 1866 1485 1906 Cancellario
1520 1865 1533 1885 ³
1556 1872 1601 1907 et
1623 1865 1682 1906 D.
1707 1866 1797 1905 Ho-

153 1937 224 1977 zio
246 1935 260 1955 ⁴
276 1936 499 1976 Leodium
519 1936 691 1986 vocati,
714 1936 868 1987 gratia
890 1936 1132 1988 praefatae
1150 1937 1520 1978 confirmationis
1539 1938 1798 1989 suscipien-

153 2009 256 2059 dae,
280 2008 437 2059 plures
465 2008 555 2048 illis
582 2008 846 2048 obtulerunt
873 2008 1037 2048 domos
1058 2020 1165 2048 cum
1194 2008 1342 2049 hortis
1366 2009 1540 2049 eisdem
1564 2009 1814 2049 adiunctis,

153 2091 239 2131 pro
263 2079 461 2130 collegio
493 2079 664 2119 ibidem
692 2079 966 2120 extruendo.
992 2079 1155 2120 Patres
1176 2092 1290 2120 vero
1318 2080 1364 2120 in
1393 2091 1656 2132 congruum
1687 2087 1799 2120 tem-

152 2162 238 2202 pus
260 2162 423 2190 eorum
445 2155 557 2190 vota
587 2150 874 2201 disponenda
905 2157 1228 2202 seposuerunt,
1262 2151 1602 2203 respondentes
1623 2152 1683 2192 ad
1706 2152 1798 2192 col-

152 2221 328 2272 legium
363 2220 673 2261 extruendum
704 2222 844 2261 aedes
874 2228 919 2262 et
949 2223 1109 2262 hortos
1152 2234 1244 2262 non
1273 2222 1499 2273 sufficere,
1538 2222 1619 2263 sed
1651 2224 1795 2263 etiam

152 2293 362 2333 redditus
384 2293 567 2344 aliaque
590 2292 649 2332 ad
671 2293 758 2332 hoc
780 2293 953 2345 requiri
975 2294 1260 2344 necessaria;
1283 2306 1368 2334 nec
1401 2294 1669 2335 dubitamus
1693 2295 1798 2334 illos

152 2364 282 2415 pium
303 2370 583 2415 conceptum
606 2375 752 2416 vsque
773 2363 833 2404 ad
860 2365 1314 2405 consummationem
1344 2372 1663 2417 promoturos,
1688 2378 1798 2418 quo-

153 2447 258 2476 rum
279 2441 476 2476 conatus
498 2435 729 2475 Dominus
759 2435 819 2476 acl
847 2436 1049 2486 gloriam
1080 2442 1124 2476 et
1152 2436 1378 2477 honorem
1401 2449 1536 2478 suum
1573 2437 1800 2490 perficere

153 2507 387 2558 dignetur,
412 2518 590 2558 nosque
618 2506 762 2546 fortes
793 2512 837 2547 et
866 2507 1049 2547 alacres
1080 2508 1140 2547 ad
1171 2507 1417 2548 colendam
1447 2520 1582 2549 suam
1603 2509 1799 2549 vineam

213 2692 222 2712 ¹
264 2691 434 2726 Georgius
449 2692 489 2718 ab
507 2691 661 2718 Austria.

208 2740 221 2758 ‘-'
259 2738 449 2766 Gulielmus
471 2739 509 2765 de
532 2739 701 2772 pictavia,
724 2738 763 2765 de
779 2746 843 2772 quo
866 2739 941 2765 vide
967 2747 1082 2774 supra.
1109 2745 1132 2768 t.
1153 2748 1187 2775 11,
1203 2748 1280 2775 pag.
1308 2740 1370 2771 ¹262.
1397 2745 1514 2768 annot.
1538 2741 1565 2775 Δ;
1589 2746 1621 2769 et
1640 2749 1717 2776 pag.
1736 2741 1803 2773 263,

155 2790 271 2815 annot.
290 2788 316 2814 1.

210 2835 223 2852 ⁵
262 2833 442 2868 Gulielmo,
460 2834 500 2861 de
512 2841 576 2868 quo
591 2841 702 2862 sermo
719 2833 817 2861 estin
835 2835 1055 2869 praecedenti
1072 2835 1308 2863 annotatione.

210 2883 223 2902 >4
262 2881 476 2909 Theodorico
490 2881 602 2908 Hezio.
