2028 3328
888 72 970 107 ΛΝ.
1003 71 1093 117 1554
1737 73 1805 109 100

163 171 386 220 omnium,
412 182 518 211 cum
538 170 651 210 foris
673 169 720 209 in
753 169 928 209 scholis
964 169 1258 217 versabatur,
1298 177 1398 211 erat
1433 168 1730 208 familiaritas
1759 175 1801 209 et

163 241 464 282 consuetudo.
490 241 739 282 Caeterum
759 240 896 280 huius
932 239 1256 279 universitatis
1293 239 1512 279 doctores
1549 241 1796 290 praeclari,

163 317 262 352 tum
283 319 475 364 propter
496 323 727 353 summam
752 322 866 362 erga
900 323 986 351 nos
1021 311 1313 360 charitatem,
1338 317 1436 350 tum
1458 316 1506 349 ut
1530 322 1693 349 omnes
1715 322 1800 350 nos

165 384 379 434 doceant,
403 384 753 435 quaestionibus
769 384 965 423 libenter
993 383 1237 422 intersunt:
1264 393 1383 421 unus
1418 382 1622 421 maxime
1658 382 1803 421 frater

166 453 441 495 Dominicus
480 454 504 506 ¹,
530 456 605 507 qui
642 455 823 506 publice
854 455 900 494 in
935 454 1108 494 scholis
1150 454 1268 493 hora
1315 453 1582 504 vespertina
1619 464 1807 493 sacram

166 526 454 576 theologiam
476 526 735 578 profitetur:
760 526 925 566 doctus
948 525 1149 577 quidem,
1173 524 1414 573 honestus,
1439 531 1484 564 et
1511 524 1686 575 probus
1717 524 1805 573 vir,

167 608 343 647 nosque
366 598 411 637 in
433 598 621 638 Christo
643 598 846 638 maxime
868 597 1033 648 diligit:
1059 608 1197 648 quem
1220 602 1488 636 nostrorum
1511 597 1807 647 praeclaram

167 667 423 714 modestiae
446 669 724 721 virtutisque
745 675 984 709 servatam
1004 679 1234 717 normam,
1259 679 1352 707 non
1375 667 1549 706 amisso
1574 667 1718 706 animi
1739 678 1808 706 ar-

165 738 279 789 dore
308 739 574 791 ingeniique
603 740 818 780 acumine
841 739 961 779 inter
997 738 1441 789 argumentandum,
1476 738 1600 789 apud
1635 737 1810 777 fratres

166 820 275 849 suos
297 810 423 850 domi
445 812 651 851 maxime
672 810 891 851 laudasse
913 810 1047 850 nobis
1070 811 1344 850 nunciatum
1369 816 1453 850 est.

247 881 322 920 Ad
344 881 517 922 Christi
538 883 815 931 doctrinam,
839 893 980 934 quam
1001 882 1158 932 palam
1176 882 1222 921 in
1240 882 1413 932 templo
1430 881 1654 922 docemus
1672 881 1810 933 (quae

168 963 349 992 summa
385 952 473 993 Dei
507 961 599 1005 opt.
624 960 694 994 est
728 953 929 1004 bonitas)
961 953 1183 1005 frequens
1219 954 1419 1005 populus
1454 953 1709 993 concurrit.
1733 951 1809 992 Ad

169 1024 425 1064 audiendas
461 1025 799 1076 confessiones,
837 1025 924 1066 etsi
959 1026 1104 1065 multo
1137 1026 1294 1077 plures
1330 1036 1556 1076 essemus,
1594 1025 1812 1065 omnibus

168 1095 443 1136 satisfacere
465 1109 558 1137 non
578 1108 839 1148 possemus:
862 1103 992 1137 tanta
1016 1104 1085 1137 est
1103 1097 1345 1137 hominum
1365 1097 1705 1148 poenitentium
1737 1108 1810 1136 co—

170 1167 261 1219 pia,
286 1168 363 1219 qui
381 1168 586 1208 maximo
601 1168 743 1208 animi
761 1169 930 1209 ardore
944 1180 998 1208 ac
1017 1168 1264 1219 desiderio,
1284 1175 1334 1208 ut
1352 1174 1655 1220 peccatorum
1667 1179 1813 1207 onere

173 1239 414 1279 eleventur
437 1252 491 1279 ac
513 1240 798 1291 reficiantur,
829 1240 888 1280 ad
916 1252 1001 1281 nos
1023 1240 1231 1280 veniunt.
1268 1240 1383 1280 Item
1405 1240 1465 1280 ad
1498 1240 1711 1280 homines
1737 1251 1808 1279 ae-

171 1317 415 1362 grotantes
437 1312 697 1352 visitandos
717 1312 833 1353 adeo
855 1324 941 1353 nos
960 1318 1139 1364 petunt,
1163 1319 1228 1363 ut,
1265 1313 1305 1352 si
1339 1312 1386 1352 id
1416 1323 1704 1361 curaremus,
1728 1311 1821 1351 vix-

172 1383 299 1423 aliud
316 1395 432 1434 opus
454 1389 696 1434 praestare
717 1395 976 1435 possemus
1001 1384 1107 1424 Duo
1129 1384 1266 1424 huius
1287 1383 1444 1435 oppidi
1460 1384 1589 1424 cives
1607 1383 1654 1423 in
1672 1383 1812 1423 domo

173 1460 335 1494 nostra
357 1454 403 1494 in
424 1455 558 1494 bonis
579 1455 897 1506 spiritualibus
919 1467 968 1496 se
989 1461 1320 1506 exercuerunt3
1345 1455 1423 1507 qui
1445 1461 1628 1495 tantum
1650 1455 1697 1494 in
1721 1454 1811 1494 vir-

173 1531 287 1576 tute,
311 1526 577 1577 cognitione
599 1526 684 1575 sui,
709 1525 889 1578 Deique
911 1539 1013 1578 ope,
1039 1527 1171 1567 brevi
1191 1533 1401 1578 tempore
1425 1526 1739 1578 profecerunt,
1764 1532 1813 1564 ut

175 1597 223 1636 in
243 1597 333 1637 hac
355 1609 404 1637 re
426 1597 628 1637 maxime
649 1598 709 1638 sit
730 1597 946 1639 Christus
973 1604 1066 1650 opt.
1099 1598 1384 1639 laudandus:
1418 1609 1550 1650 quos,
1582 1597 1692 1649 quia
1713 1597 1814 1637 noti

176 1668 391 1708 omnibus
408 1676 514 1708 sunt
537 1669 583 1708 in
604 1669 693 1709 hac
714 1669 905 1709 civitate
927 1668 1044 1720 (Deo
1066 1676 1160 1721 opt.
1186 1681 1311 1710 max.
1332 1669 1621 1719 auxiliante),
1642 1668 1815 1709 multos

177 1740 237 1780 ad
257 1751 423 1779 verum
445 1739 619 1780 Christi
641 1740 817 1780 cultum
838 1752 892 1780 ac
922 1740 1159 1792 pietatem,
1198 1741 1342 1781 veluti
1372 1741 1512 1780 hamo
1539 1741 1709 1792 pisces,
1738 1750 1812 1779 ca-

177 1811 340 1857 pturos
362 1816 620 1857 speramus,
644 1805 737 1856 Ille,
758 1806 836 1857 qui
856 1818 936 1847 eos
956 1807 1163 1858 vocavit,
1188 1813 1232 1846 et
1250 1807 1297 1846 in
1318 1807 1415 1846 vita
1434 1806 1693 1846 christiana
1708 1816 1812 1845 con-

178 1876 381 1929 spicuos,
407 1882 451 1916 et
472 1877 518 1916 in
539 1887 622 1916 suo
645 1876 867 1928 obsequio
888 1877 936 1917 in
968 1878 1067 1918 dies
1096 1877 1405 1929 perfectiores
1434 1876 1615 1925 reddat,
1636 1888 1816 1928 nosque

179 1959 342 1987 omnes
364 1959 454 1987 uno
494 1947 650 1987 animo
684 1959 837 1999 pares,
873 1954 1126 2000 utcumque
1161 1949 1288 1999 velit,
1327 1948 1511 1989 efficiat.
1549 1948 1816 1988 Praeclaris

178 2018 270 2058 tuis
317 2018 549 2070 obsequiis
597 2018 891 2071 assiduisque
936 2020 983 2060 in
1024 2020 1176 2060 Deum
1216 2020 1523 2070 orationibus,
1562 2019 1816 2060 admodum

179 2089 279 2130 ΗΜ
302 2089 368 2139 Ρ.,
392 2101 479 2130 nos
500 2102 676 2140 omnes,
701 2102 817 2142 quos
838 2091 885 2131 in
906 2091 1094 2132 Christo
1117 2103 1415 2143 summopere
1438 2092 1609 2143 diligis,
1633 2092 1760 2132 iuva.

262 2160 593 2211 Salmanticae,
621 2160 668 2201 18
689 2162 777 2201 cal.
798 2162 1012 2215 Januarn
1032 2162 1148 2203 1554.

261 2232 334 2272 Ex
356 2232 685 2272 commissione
706 2233 859 2274 Patris
880 2233 1156 2274 Fernandez
1176 2238 1206 2282 ²,

519 2304 694 2343 inutilis
716 2315 898 2355 servus,

1010 2412 1348 2453 FERDINANDUS
1371 2414 1551 2454 GOMEZ.

264 2582 619 2634 Superscrz'ptz‘o
654 2585 705 2623 ln
730 2585 938 2625 secunda
962 2585 1166 2636 pagina.
1200 2584 1313 2627 IHS.
1348 2585 1618 2627 Admodum
1653 2585 1755 2627 R.d0
1776 2586 1824 2626 in

188 2755 266 2783 anni
281 2760 450 2783 aestatem
463 2757 675 2791 praefectus.
698 2756 785 2783 Vide
809 2756 958 2784 Pomm-m
981 2757 1185 2792 chronicon,
1210 2762 1239 2785 t.
1266 2766 1304 2786 111
1319 2763 1353 2786 et
1378 2767 1426 2795 1v,
1448 2760 1504 2787 ubi
1521 2760 1561 2788 de
1578 2760 1742 2795 Collegiis
1766 2759 1826 2787 Sal

186 2803 391 2831 manticensi
406 2808 439 2831 et
456 2803 664 2831 Cordubensi
681 2805 806 2838 agitur.

243 2852 250 2870 ¹
292 2850 350 2878 Fr.
367 2851 489 2878 Petrus
502 2852 541 2878 de
559 2851 775 2887 Sotomayor.
793 2852 878 2879 Vide
897 2852 1046 2880 Forma
1063 2852 1198 2886 Clzron„
1212 2858 1234 2881 t.
1249 2861 1293 2888 lv,
1310 2862 1340 2882 11.
1356 2854 1419 2882 816.

241 2898 255 2917 ‘2
297 2898 524 2933 Frequentius
539 2900 711 2933 reperitur
725 2901 892 2934 scriptum
908 2899 1138 2928 Hernamlez.
