2028 3328
886 122 967 155 AN.
998 119 1087 155 1505
1740 116 1813 154 765

175 218 317 259 Pater
339 229 438 258 rem
460 229 696 269 exponere
724 216 890 266 coepit,
921 214 1238 266 responderit:
1271 214 1309 253 si
1336 225 1389 253 ea
1419 225 1468 253 re
1496 213 1705 253 diuinum
1731 225 1810 254 nu-

176 301 281 330 men
305 288 634 338 offenderetur,
658 300 707 327 se
729 293 945 338 paratum
968 297 1070 324 esse
1093 284 1363 324 inimicitias
1384 284 1542 323 statim
1560 284 1809 335 deponere;

178 361 427 411 multisque
450 359 598 410 signis
620 358 822 398 ostendit
844 368 892 396 se
915 357 962 396 id
988 362 1178 408 propter
1208 355 1360 394 Deum
1391 355 1586 394 libenter
1614 366 1717 394 esse
1746 355 1811 395 fa-

178 438 379 471 cturum.
404 431 489 471 Vir
511 430 698 482 quidam
722 429 841 469 alius
869 440 974 468 cum
1005 427 1326 478 comperisset,
1358 437 1545 466 seruam
1573 437 1706 465 suam
1735 426 1812 466 ho-

178 502 290 542 mini
313 502 497 542 cuidam
519 501 663 541 libero
684 501 914 551 nupsisse,
934 510 1038 538 eam
1055 497 1256 537 uendere
1280 496 1534 547 cogitabat,
1561 503 1604 535 et
1632 497 1674 536 in
1696 497 1814 536 alias

179 573 398 624 regiones
421 573 623 622 mittere,
646 582 811 611 verum
833 582 859 610 a
881 569 1019 610 Patre
1040 567 1242 620 quodam
1272 572 1434 607 nostro
1462 579 1516 606 ea
1545 567 1600 606 de
1629 579 1679 607 re
1707 578 1811 608 con—

178 650 348 683 uentus
380 643 537 683 statim
565 642 811 683 consilium
833 640 1047 681 mutauit.
1079 638 1224 679 Multa
1253 638 1343 678 alia
1375 638 1654 688 huiusmodi,
1688 639 1728 678 si
1755 639 1811 678 ad

182 714 338 754 omnia
362 713 526 754 Patres
557 714 849 762 haberemUS,
881 710 998 751 effici
1028 715 1241 762 possent:
1274 708 1355 749 sed
1386 719 1492 748 cum
1522 714 1705 748 tantum
1735 721 1815 749 eos

179 785 452 835 habeamus,
476 785 554 836 qui
575 784 634 824 ad
656 783 975 824 confessiones
996 780 1390 822 scholasticorum
1411 785 1518 819 sunt
1538 780 1810 825 necessarii,

179 857 325 896 multa
347 856 405 895 ob
429 856 473 896 id
495 856 647 896 minus
669 854 988 906 perficiuntur.
1012 851 1141 892 Deus
1163 857 1256 903 opt.
1280 862 1405 891 max.
1436 849 1610 890 nostris
1638 852 1813 890 conati-

183 927 269 967 bus
289 926 462 967 faueat.

262 997 379 1038 Cum
402 997 624 1048 Princeps
653 996 921 1037 Cardinalis
948 993 957 1013 ¹
988 994 1217 1045 singulari
1247 993 1393 1033 diuini
1422 993 1625 1032 numinis
1657 1004 1817 1033 amore

184 1069 243 1109 sit
266 1069 500 1119 incensus,
519 1069 652 1120 eique
670 1068 884 1108 omnibus
900 1067 947 1107 in
963 1066 1102 1106 rebus
1119 1067 1304 1117 placere
1322 1065 1623 1104 vehementer
1642 1064 1814 1116 cupiat,

181 1141 238 1180 ob
261 1151 458 1192 eamque
480 1151 578 1180 rem
606 1150 798 1179 suarum
829 1138 989 1178 ouium
1020 1136 1185 1177 salutis
1213 1135 1538 1188 perstudiosus
1569 1135 1642 1185 sit,
1681 1147 1708 1175 a
1738 1147 1815 1175 no-

183 1217 281 1251 stro
302 1211 441 1251 Patre
462 1211 643 1251 Mirone
665 1209 678 1228 ‘²
706 1210 838 1262 petiit
868 1215 917 1248 vt
948 1209 1007 1248 ad
1038 1220 1086 1248 se
1119 1207 1306 1247 Patrem
1337 1207 1636 1257 Episcopum,
1672 1206 1819 1257 magi-

184 1289 333 1323 strum
363 1282 605 1322 Andream
634 1280 648 1299 ⁵
675 1281 895 1330 mitteret,
930 1279 1150 1331 quoniam
1181 1279 1310 1318 illum
1339 1278 1525 1317 mittere
1557 1278 1742 1317 uolebat
1771 1278 1817 1317 in

182 1354 661 1405 Archiepiscopatum
691 1364 826 1392 suum
860 1350 889 1399 4,
929 1358 1025 1390 tum
1054 1356 1103 1390 vt
1139 1349 1393 1389 chrismate
1429 1349 1633 1388 initiaret
1668 1346 1696 1399 ⁵,
1722 1355 1819 1388 tum

182 1425 323 1465 etiam
344 1431 395 1465 vt
416 1425 704 1476 perspiceret
725 1434 815 1474 quo
836 1422 973 1462 modo
996 1433 1097 1461 sese
1120 1432 1194 1461 res
1216 1431 1381 1460 sacrae
1402 1420 1643 1460 haberent.
1667 1420 1711 1459 15
1737 1419 1821 1470 igi-

183 1503 260 1537 tur
281 1509 308 1536 a
329 1502 488 1536 nostro
511 1495 650 1535 Patre
671 1494 866 1545 Mirone,
890 1499 1088 1544 rogante
1117 1491 1332 1542 Principe
1363 1490 1603 1531 Cardinali
1631 1491 1818 1539 missus,

186 1567 245 1608 ad
266 1568 355 1608 hoc
379 1568 627 1618 collegium
648 1565 862 1618 peruenit
887 1564 934 1603 14
955 1562 1175 1604 calendas
1198 1562 1415 1611 octobriS,
1441 1567 1484 1601 et
1512 1567 1701 1613 postero
1730 1561 1817 1612 die,

185 1639 263 1690 qui
285 1639 385 1679 dies
407 1639 594 1679 ueneris
615 1638 713 1687 fuit,
738 1637 812 1677 hic
834 1637 882 1676 in
903 1635 1098 1685 collegio
1121 1640 1284 1674 nostro
1302 1634 1548 1673 nonnullos
1566 1632 1727 1684 primis
1750 1644 1820 1673 or-

183 1711 370 1751 dinibus
390 1710 604 1750 initiauit.
631 1708 853 1760 Sequenti
874 1713 1030 1746 autem
1052 1706 1124 1745 die
1153 1704 1348 1752 saturni,
1371 1716 1462 1756 quo
1487 1703 1559 1743 die
1577 1703 1689 1744 Diui
1704 1703 1821 1744 Mat-

185 1782 311 1822 thaei
330 1782 500 1822 festum
521 1780 862 1828 celebrabatur,
888 1778 935 1818 in
958 1778 1181 1828 templum
1203 1775 1458 1815 maximum
1489 1775 1564 1814 170
1590 1787 1818 1815 convene-

186 1861 307 1904 runt,
332 1853 411 1905 qui
433 1853 492 1893 ad
515 1862 677 1892 sacros
699 1850 887 1890 ordines
904 1847 1175 1901 promoveri
1195 1846 1511 1899 postulabant,
1535 1859 1558 1886 e
1581 1846 1748 1898 quibus
1767 1845 1820 1886 70

185 1924 428 1965 ordinibus
449 1923 598 1963 sacris
620 1921 808 1962 fuerunt
830 1919 1025 1960 initiati:
1050 1929 1141 1970 qua
1158 1918 1205 1958 in
1222 1930 1272 1958 re
1288 1917 1426 1958 Pater
1441 1917 1703 1968 Episcopus
1725 1928 1820 1957 mo-

185 2001 315 2036 ratus
338 2001 407 2035 est
424 2006 573 2046 vsque
590 1993 648 2033 ad
665 1993 766 2033 gam
783 1992 950 2032 horam
965 1989 1339 2042 pomeridianam
1356 1989 1619 2039 multasque
1638 1988 1704 2039 <vt
1720 1987 1822 2029 fieri

184 2066 317 2118 solet)
339 2078 424 2118 pro
447 2065 664 2106 ordinum
684 2063 915 2103 varietate
937 2073 991 2101 eo
1013 2068 1224 2111 tempore
1246 2059 1409 2099 habuit
1431 2059 1698 2109 conciones,
1725 2059 1822 2110 qui—

184 2139 271 2178 bus
291 2143 336 2178 et
356 2137 623 2177 auditorum
645 2142 690 2174 et
711 2144 888 2183 eorum,
914 2132 991 2184 qui
1008 2131 1329 2181 initiabantur,
1350 2130 1493 2170 animi
1510 2130 1693 2169 interna
1712 2141 1820 2181 qua-

186 2209 294 2250 dam
315 2215 360 2249 et
381 2209 457 2260 pia
480 2206 726 2247 affectione
749 2203 1191 2244 commonebantur:
1217 2201 1414 2252 denique
1437 2212 1543 2241 curn
1573 2201 1614 2240 ei
1645 2202 1822 2241 cereoli

186 2281 488 2329 donarentur,
513 2278 592 2330 qui
614 2276 756 2317 oblati
778 2276 979 2325 fuerant,
1005 2285 1084 2314 eos
1101 2272 1242 2313 Pater
1258 2272 1522 2324 Episcopus
1540 2271 1821 2323 repudiauit3

187 2363 334 2403 quare
355 2351 417 2391 ibi
438 2349 652 2390 omnibus
674 2346 877 2398 expositi
898 2345 1050 2385 relicti
1071 2350 1192 2395 sunt,
1217 2343 1356 2395 idque
1378 2342 1512 2383 multi
1532 2349 1583 2382 vt
1603 2343 1823 2383 uirtutem

187 2423 443 2463 maximam
467 2432 561 2461 non
583 2420 683 2460 sine
705 2428 880 2468 magna
911 2415 1222 2456 admiratione
1247 2413 1696 2454 animaduerterunt.
1729 2413 1822 2454 An-

186 2500 262 2534 tea
283 2505 423 2545 quam
446 2492 505 2532 ad
527 2501 695 2531 munus
717 2489 805 2529 sibi
827 2487 1095 2538 delegatum
1115 2485 1507 2538 proficisceretur,
1531 2490 1688 2525 vestes
1711 2497 1822 2525 non-

241 2701 248 2720 ¹
291 2700 484 2728 Cardinalis
497 2698 672 2731 Henricus¹
690 2696 794 2730 Regis
810 2695 933 2722 frater.

239 2750 253 2768 ⁹-'
290 2749 326 2775 P.
342 2748 467 2781 Jacobo
484 2745 601 2775 Miron.
620 2743 816 2771 Lusitaniae
832 2741 1054 2769 Provinciam.

241 2797 253 2814 ⁵
290 2797 314 2823 P
345 2796 518 2822 Audi-eam
534 2793 573 2820 de
589 2791 728 2822 Oviedo.
744 2797 863 2817 recens
875 2789 916 2817 ad
933 2788 1172 2823 Episcopalem
1187 2787 1391 2821 dignitatem
1406 2790 1610 2822 promotum.

240 2845 252 2863 4
291 2843 475 2870 Eborensis
490 2840 778 2874 Archiepiscopus
793 2841 869 2864 erat
885 2836 1079 2864 Cardinalis
1094 2835 1277 2863 HenricuS.

243 2891 256 2910 3
294 2896 366 2918 tum
380 2895 416 2917 ut
432 2896 534 2916 sacro
547 2888 734 2915 chrismate
751 2886 950 2919 inungeret.
967 2884 1018 2911 lta
1035 2883 1090 2918 qui
1106 2883 1241 2910 litteras
1256 2882 1462 2915 emendavit;
1480 2881 1537 2908 sed
1553 2882 1681 2910 clarius
1696 2882 1826 2910 dicere·

187 2946 246 2966 uu·
261 2940 298 2965 ut
314 2937 600 2972 Confirmatz'onis
614 2935 884 2962 sacramentum
901 2933 1190 2960 admz‘nestraret.
