2028 3328
946 99 1029 135 ΑΝ.
1061 99 1152 135 1554
1820 102 1861 139 61

222 195 318 237 >hoc
340 207 501 247 regno.
534 195 640 235 Duo
668 200 823 235 autem
858 194 1076 234 inchoata
1104 200 1225 243 sunt,
1257 206 1454 245 quorum
1486 206 1628 235 vnum
1658 195 1863 237 Bibonae

227 268 278 308 fit
299 267 517 318 expensis
546 266 702 306 llmae.
726 265 971 315 Ducissae,
1002 271 1046 305 et
1077 265 1135 304 ad
1164 265 1286 305 illius
1316 265 1618 305 fundamenta
1651 268 1863 317 ponenda

230 339 323 378 duo
351 345 510 389 patres
531 336 742 389 profecti,
766 336 858 388 qui,
889 336 956 376 vti
987 335 1086 376 fieri
1108 336 1225 375 solet
1257 335 1303 375 in
1335 335 1558 376 aedificiis
1580 338 1866 379 extruendis,

231 409 434 461 primum
455 408 658 460 lapidem
688 413 957 459 posuerunt.
989 406 1114 447 Illius
1140 406 1306 447 domus
1336 406 1611 446 Paternitati
1642 413 1748 447 tuae
1779 408 1866 449 for-

233 491 359 520 mam
387 480 613 529 misimus,
642 479 830 518 hortum
858 477 1021 518 eodem
1042 477 1089 517 in
1116 478 1219 518 loco
1250 477 1474 517 habemus
1496 477 1633 517 valde
1668 489 1868 519 commo-

231 551 345 591 dum
367 562 472 591 cum
494 561 721 602 aquarum
743 549 895 601 copia.

316 621 532 662 Alterum
563 621 822 673 Collegium
848 619 1099 672 Syracusis
1119 620 1352 661 extruitur
1381 631 1524 672 opera
1555 626 1599 660 et
1630 619 1871 671 diligentia

243 692 448 743 Assueri,
482 693 561 733 filii
591 692 827 743 Proregis,
857 692 935 743 qui
961 692 1115 732 locum
1144 691 1363 732 idoneum
1390 703 1417 730 a
1449 690 1628 731 ciuibus
1655 691 1872 742 impetra-

237 765 320 805 uit.
349 764 542 804 Reditus
569 764 767 804 offerunt
794 762 847 803 80
874 763 1136 813 vnciarum3
1166 774 1351 812 verum,
1385 762 1462 802 vbi
1498 762 1744 802 Vtilitatem
1780 763 1873 803 ani-

239 848 422 876 marum
454 836 581 876 ciues
610 835 844 885 uidebunt,
881 835 985 874 illos
1019 834 1223 875 maiores
1249 833 1430 874 futuros
1465 845 1725 885 speramus.
1757 833 1876 874 Nam

240 908 299 948 D.
331 906 583 957 Assuerus,
619 907 696 959 qui
726 905 902 947 ciuitati
925 911 1127 957 praeest,
1157 915 1240 956 pro
1276 910 1438 945 nostra
1469 903 1704 945 Societate
1741 905 1877 945 ualde

242 979 440 1028 laborat,
460 985 504 1019 et
526 979 692 1018 iterum
713 983 851 1030 atque
871 977 1041 1017 iterum
1062 977 1176 1028 petit
1197 976 1266 1017 vti
1287 976 1336 1016 P.
1368 976 1676 1016 Prouincialis
1698 976 1878 1027 aliquos

243 1050 415 1099 mittat;
445 1055 490 1089 et
521 1049 760 1090 mittentur
790 1060 895 1089 cum
922 1048 1125 1100 primum
1154 1048 1254 1088 fieri
1274 1047 1460 1099 poterit.
1487 1046 1712 1098 Magister
1734 1046 1877 1088 Anto-

243 1121 348 1161 nius
367 1121 525 1161 Vinch
547 1120 796 1173 Syracusis
816 1119 901 1160 fuit
923 1125 967 1160 et
988 1119 1333 1172 possessionem
1354 1119 1574 1171 suscepit.

326 1192 500 1233 Rector
534 1193 669 1232 huius
698 1191 893 1243 Collegii
921 1203 1025 1231 cum
1052 1191 1243 1232 Vicario
1273 1191 1572 1242 agrigentino
1603 1191 1746 1231 multa
1777 1191 1879 1231 loca

247 1263 399 1315 Regni
429 1264 745 1316 perlustrauit,
778 1263 823 1303 in
851 1263 1018 1315 quibus
1048 1268 1323 1315 repererunt
1350 1263 1563 1303 homines
1590 1262 1881 1302 densissimis

239 1342 549 1388 >peccatorum
581 1335 785 1376 tenebris
811 1342 1108 1384 excaecatos,
1142 1335 1260 1374 alios
1290 1334 1335 1374 in
1367 1333 1621 1384 adulteriis,
1654 1333 1882 1385 quosdam

240 1407 297 1447 ‘in
318 1407 647 1457 concubinatu,
672 1418 758 1446 nec
778 1417 955 1458 paucos
975 1406 1021 1446 in
1041 1417 1186 1446 vsura
1216 1412 1261 1446 et
1283 1406 1386 1445 aliis
1408 1405 1534 1445 vitiis
1555 1405 1784 1454 vitientes,
1805 1416 1882 1457 pa-

240 1485 402 1519 stores
423 1479 559 1519 simul
581 1489 685 1518 cum
708 1478 873 1518 ouibus
894 1478 1130 1526 errabant;
1155 1489 1274 1529 quae
1291 1477 1462 1528 omnia,
1483 1489 1767 1529 quamquam
1789 1488 1880 1516 non

251 1551 435 1602 penitus
470 1550 762 1600 sustulerint,
794 1555 951 1590 tamen
979 1560 1151 1600 magna
1182 1560 1241 1589 ex
1268 1555 1401 1600 parte
1428 1554 1753 1589 correxerunt.
1788 1547 1883 1588 Mo-

240 1621 458 1662 ‘nasteria
481 1621 650 1661 ibidem
672 1621 825 1672 aliqua
855 1620 1233 1661 reformauerunt
1262 1626 1306 1660 et
1335 1620 1393 1660 ad
1423 1620 1670 1672 pristinam
1706 1619 1886 1670 religio-

251 1694 324 1734 nis
345 1693 545 1733 formam
566 1697 922 1733 reuocauerunt.
947 1692 1020 1732 Ex
1046 1691 1127 1732 tali
1149 1691 1425 1732 lustratione
1454 1692 1663 1731 locorum
1692 1702 1796 1730 cum
1821 1691 1884 1730 vi—

250 1765 415 1805 derent
436 1764 574 1804 valde
604 1775 826 1816 magnum
851 1763 1054 1804 fructum
1076 1762 1135 1803 ad
1156 1763 1355 1803 salutem
1376 1762 1616 1802 hominum
1638 1774 1884 1814 promana-

251 1848 317 1887 re,
351 1836 640 1876 adornarunt
669 1835 903 1875 hominem
923 1835 1040 1875 bene
1067 1833 1257 1874 doctum
1278 1840 1323 1874 et
1344 1834 1485 1886 pium,
1511 1833 1588 1885 qui
1610 1832 1886 1885 peragrabit

206 1937 208 1940 -
242 1909 401 1957 vicos,
426 1908 618 1947 castella
643 1912 687 1946 et
708 1906 798 1946 alia
818 1907 938 1957 loca,
971 1911 1015 1946 et
1037 1905 1302 1946 communia
1324 1905 1401 1945 illa
1423 1911 1635 1956 peccata,
1661 1910 1888 1956 quantum

253 1980 354 2020 fieri
391 1984 564 2031 potest,
602 1978 886 2028 emendabit3
930 1977 1052 2030 quod
1088 1989 1179 2029 quo
1215 1976 1506 2018 commodius
1529 1976 1627 2026 fiat,
1665 1975 1887 2016 Vicarius

255 2050 582 2103 agrigentinus
603 2050 755 2101 ipsum
777 2049 824 2089 in
844 2049 933 2089 illis
954 2049 1093 2089 rebus
1114 2060 1196 2100 per
1219 2048 1317 2088 dies
1340 2048 1516 2100 aliquot
1545 2046 1767 2087 instituet.

336 2123 565 2174 Repertus
602 2127 672 2161 est
714 2127 958 2173 praeterea
998 2120 1164 2161 modus
1204 2119 1442 2160 minuendi
1486 2117 1887 2169 consuetudinem,

252 2206 396 2247 quam
427 2193 558 2234 multi
589 2193 635 2232 in
662 2193 749 2232 hoc
777 2192 940 2244 Regno
972 2192 1160 2240 habent,
1191 2191 1238 2231 in
1266 2203 1409 2231 vsura
1442 2189 1682 2239 frumenti,
1722 2189 1810 2229 olei
1847 2195 1892 2229 et

256 2266 544 2318 reliquarum
565 2275 737 2304 rerum.

337 2337 539 2377 Fructus
560 2341 717 2375 autem
737 2334 1037 2386 quotidianus
1063 2333 1214 2374 nostri
1234 2332 1432 2383 Collegii
1454 2344 1546 2372 non
1577 2332 1778 2384 exiguus
1807 2337 1890 2382 est;

249 2408 526 2458 conciones,
551 2406 789 2456 lectiones,
820 2405 1221 2446 xenodochiorum
1251 2403 1545 2444 visitationes
1567 2408 1611 2444 et
1632 2414 1891 2452 carcerum,

258 2492 344 2532 pro
381 2478 605 2520 coniectis
634 2477 680 2517 in
708 2488 948 2517 carcerem
969 2477 1044 2517 uel
1075 2476 1289 2516 triremes
1317 2474 1571 2515 liberandis
1603 2473 1895 2515 intercessio-

260 2563 366 2601 nes,
403 2551 555 2590 bonae
589 2548 943 2588 adhortationes
978 2554 1022 2588 et
1056 2559 1223 2588 sacrae
1258 2546 1610 2587 communiones
1647 2545 1896 2586 continuae

258 2628 389 2673 sunt,
433 2621 600 2674 quibus
639 2620 811 2660 multae
851 2619 1036 2659 animae
1074 2619 1332 2659 liberantur
1367 2630 1393 2657 a
1429 2617 1609 2669 laqueis
1645 2616 1817 2657 diaboli
1853 2622 1897 2655 et

252 2694 448 2735 Christo
482 2691 861 2732 reconciliantur.
899 2690 1010 2730 Eius
1045 2690 1112 2730 rei
1147 2689 1361 2741 exempla
1396 2689 1573 2740 aliquot
1608 2685 1896 2728 subiicienda

254 2770 391 2806 sunt:
421 2763 640 2814 foemina,
676 2773 795 2813 quae
824 2767 1016 2813 propter
1045 2760 1201 2801 mariti
1228 2760 1424 2800 iniurias
1452 2771 1502 2800 se
1533 2765 1681 2799 totam
1714 2758 1899 2798 diabolo

257 2837 541 2886 deuouerat,
579 2846 634 2874 ea
668 2832 952 2883 conditione,
988 2837 1039 2872 vt
1074 2843 1123 2872 se
1159 2844 1186 2872 a
1219 2831 1323 2871 viro
1357 2831 1599 2881 liberaret,
1636 2829 1748 2870 facti
1779 2834 1899 2880 post-

256 2919 320 2948 ca
341 2907 602 2959 poenitens,
626 2905 753 2945 venit
774 2904 833 2944 ad
854 2904 1079 2955 templum
1106 2909 1332 2951 nostrum,
1357 2908 1401 2942 et
1431 2913 1530 2942 rem
1557 2901 1686 2941 Patri
1717 2899 1902 2939 cuidam
