2028 3328
844 147 924 183 ΑΝ.
958 146 1047 202 loss)
1693 150 1765 185 617

134 243 326 283 stitissct
349 244 597 284 multorum
624 244 933 284 oblatratibus
962 251 1006 284 et
1035 245 1302 293 calumniis,
1333 244 1601 284 iamdudum
1630 252 1763 285 extra

130 312 337 353 Galliam
359 314 594 365 profligati
616 314 883 355 fuissemus.
908 314 1042 354 Adde
1064 315 1185 365 quod
1208 316 1389 355 aulicae
1419 316 1651 365 mulieres,
1685 317 1763 356 hu·

135 384 392 425 iuscemodi
417 386 662 426 calumniis
680 387 874 426 obrutae
891 387 1045 437 potius
1064 398 1204 437 quam
1220 386 1439 437 imbutae,
1460 387 1506 426 in
1522 399 1607 426 nos
1624 388 1765 427 etiam

136 466 295 494 coram
318 455 446 506 Rege
468 456 832 508 debacchantur,
858 469 943 496 nec
965 465 1189 497 verentur
1219 469 1304 497 nec
1338 458 1617 497 erubescunt
1646 458 1763 497 insa-

135 537 222 566 nas
243 528 500 567 sententias
522 527 704 568 effutire
725 535 769 568 et
790 528 1194 580 impudentissimo
1216 535 1356 580 atque
1380 530 1562 579 impuro
1585 541 1664 568 ore
1681 541 1766 569 nos

133 596 408 638 dilacerare.

218 668 416 709 Tantam
440 671 572 711 nobis
594 672 854 712 conflarunt
876 671 1082 712 omnium
1105 671 1331 711 inuidiam
1352 672 1583 720 doctores,
1617 682 1766 722 neque

136 745 293 780 tamen
316 741 468 781 adhuc
491 749 678 782 cessant
700 743 994 794 iurisperitos
1017 743 1302 783 exacerbare
1324 748 1367 782 et
1390 743 1500 782 totis
1522 742 1767 782 conatibus

140 812 392 859 concitare,
418 812 509 852 imo
531 821 572 853 et
596 814 745 865 ipsum
768 815 954 865 vulgus,
978 825 1089 854 suas
1110 821 1335 865 perpetuo
1357 820 1401 853 et
1422 813 1643 864 Episcopi
1664 825 1766 853 cen-

136 893 272 922 suras
293 883 560 924 iactitantes
583 892 631 925 vt
654 897 738 925 nos
760 885 948 925 tandem
970 885 1191 926 deiiciant
1210 897 1217 935 ;
1240 886 1285 925 in
1308 897 1387 925 ore
1411 885 1642 934 omnium,
1669 885 1768 924 siue

135 953 359 994 nobilium
383 955 479 996 siue
503 956 791 1006 ignobilium,
823 958 1142 1008 praelatorum
1170 968 1250 996 seu
1272 956 1588 1007 priuatorum,
1619 956 1767 995 erudi-

136 1030 289 1065 torum
313 1037 368 1065 ac
390 1027 574 1066 rudium
596 1027 764 1068 fabella
787 1039 960 1068 sumus.
985 1027 1172 1068 Nullum
1193 1028 1457 1067 celebratur
1479 1027 1764 1076 conuiuium,

138 1096 314 1136 nullum
336 1098 602 1148 prandium,
626 1099 751 1138 nulla
774 1110 938 1149 coena,
963 1099 1008 1138 in
1029 1099 1197 1150 quibus
1218 1098 1341 1138 mille
1362 1098 1513 1138 modis
1535 1110 1627 1138 non
1658 1098 1768 1138 dila·

137 1178 364 1207 ceremur.
390 1168 477 1208 Vel
500 1169 585 1220 ipsi
609 1170 898 1220 professores
920 1181 1086 1210 sacrae
1108 1159 1374 1221 theologiae
1396 1170 1442 1209 in
1465 1170 1561 1210 suis
1590 1171 1770 1221 praele-

136 1238 368 1279 ctionibus
391 1252 482 1279 non
505 1252 613 1280 raro
637 1240 919 1281 inuehuntur
941 1242 986 1281 in
1008 1241 1275 1282 Institutum
1297 1248 1524 1281 nostrum.
1548 1240 1596 1281 si
1612 1241 1769 1280 omnia

139 1321 259 1360 quae
282 1311 500 1350 dicuntur
522 1318 566 1351 et
589 1311 872 1352 obiiciuntur
893 1324 1139 1353 recensere
1161 1313 1411 1362 studerem,
1437 1318 1583 1353 totum
1605 1323 1678 1351 me
1696 1311 1768 1351 de-

137 1380 295 1420 ficeret
318 1388 515 1433 tempus.

217 1450 306 1492 Sed
344 1464 429 1492 nec
463 1453 646 1494 silentio
682 1455 1075 1505 praetereundum
1107 1455 1229 1506 quod
1260 1466 1352 1495 non
1387 1455 1561 1495 dudum
1592 1454 1651 1494 ad
1685 1466 1770 1493 nos

139 1523 272 1573 quasi
294 1524 621 1564 schismaticos
652 1525 888 1565 sorbonici
916 1525 1165 1577 quemdam
1192 1525 1297 1566 fidei
1325 1526 1648 1577 inquisitorem
1678 1525 1769 1564 Au-

137 1594 423 1644 gustiensem
459 1595 591 1645 (sse),
620 1596 773 1636 virum
805 1608 917 1636 sane
944 1597 1142 1647 probum
1169 1609 1223 1637 ac
1254 1603 1549 1637 mansuetum
1579 1596 1769 1636 manda-

138 1671 259 1715 runt,
284 1667 361 1716 qui
384 1678 440 1705 ne
464 1678 546 1706 suo
570 1667 751 1707 deesset
773 1667 922 1707 officio
947 1669 1160 1708 minusue
1187 1674 1406 1720 suscepto
1434 1668 1565 1708 oneri
1588 1667 1770 1707 satisfa-

140 1742 282 1785 ceret,
321 1738 462 1776 alium
499 1738 747 1777 accersiuit
778 1739 929 1778 virum
967 1739 1289 1779 doctissimum
1323 1751 1377 1778 ac
1411 1749 1682 1790 syncerum,
1721 1743 1771 1777 vt

138 1806 401 1847 [nstitutum
418 1815 628 1848 nostrum
647 1811 962 1860 explorarent.
978 1809 1136 1850 Vnum
1152 1822 1210 1850 ex
1226 1810 1450 1850 fratribus
1467 1810 1767 1859 conueniunt,

138 1878 213 1917 cui
236 1878 456 1918 diuturna
479 1880 769 1931 experientia
791 1881 919 1920 clara
942 1887 1076 1920 erant
1098 1881 1269 1931 omnia,
1293 1892 1429 1933 quem
1451 1892 1590 1932 quum
1615 1881 1770 1930 singil-

139 1949 267 1988 latim
287 1949 662 2001 interrogassent
684 1963 825 2003 quam
847 1951 1020 1992 dudum
1044 1959 1087 1992 et
1109 1964 1135 1991 a
1165 1953 1333 2003 quibus
1354 1952 1471 1992 haec
1492 1959 1613 1992 esset
1645 1951 1770 1991 insti-

138 2025 235 2059 tuta
258 2019 458 2072 Religio,
482 2022 608 2062 circa
630 2034 750 2074 quae
771 2023 1068 2074 potissimum
1089 2030 1376 2074 versaretur,
1401 2024 1457 2063 de
1484 2023 1638 2063 forma
1664 2034 1770 2062 con-

138 2092 435 2140 uersationis,
473 2093 629 2133 victus
669 2099 713 2133 et
751 2093 954 2143 habitus,
998 2102 1041 2134 et
1082 2101 1236 2134 Vtrum
1277 2106 1439 2134 omnes
1478 2095 1577 2134 sine
1616 2094 1771 2146 aliquo

138 2161 422 2212 discrimine,
446 2163 686 2215 Religiosi,
717 2165 992 2215 facinorosi,
1024 2166 1434 2214 excommunicati,
1465 2165 1768 2215 schismatici,

140 2240 185 2274 et
207 2241 393 2274 caetera
417 2235 462 2275 id
483 2246 633 2286 genus
655 2236 1027 2287 admitterentur,
1053 2237 1221 2289 quibus
1242 2237 1382 2277 etiam
1405 2237 1528 2276 votis
1545 2238 1772 2287 astringe-

138 2316 310 2355 remur,
335 2306 521 2357 quando
540 2306 881 2358 profiteremur,
900 2319 1016 2359 quas
1032 2308 1311 2348 haberemus
1328 2308 1643 2359 probationes3
1662 2307 1772 2347 item

140 2376 196 2416 de
217 2377 383 2416 studiis
405 2378 588 2429 aliaque
609 2378 858 2430 permulta,
881 2390 1002 2430 quae
1025 2390 1270 2419 recensere
1292 2380 1487 2430 longum
1508 2384 1654 2418 esset:
1677 2379 1771 2430 qui-

140 2448 225 2488 bus
259 2449 473 2488 omnibus
509 2449 570 2489 ita
610 2449 836 2490 satisfecit
872 2450 1024 2490 dictus
1058 2450 1225 2500 frater,
1255 2456 1306 2490 vt
1333 2450 1525 2490 tandem
1558 2450 1771 2501 obstupe-

140 2525 324 2559 scentes
352 2519 719 2569 admirarentur,
749 2521 873 2561 vnde
904 2526 972 2561 tot
1000 2521 1261 2561 calumniae
1289 2521 1583 2572 improbique
1612 2532 1771 2560 nasce-

140 2596 299 2630 rentur
333 2602 571 2642 rumores‚
609 2597 928 2643 quantumque
967 2592 1284 2643 periculosum
1321 2593 1380 2632 sit
1420 2592 1486 2632 eis
1525 2603 1772 2632 assensum

137 2660 364 2712 praebere
385 2663 718 2703 acclamarent.
742 2662 905 2714 Itaque
927 2674 1032 2703 cum
1053 2663 1260 2703 maxima
1277 2663 1687 2714 congratulatione
1706 2662 1774 2702 In-

138 2732 348 2772 stitutum
386 2740 599 2774 nostrum
634 2734 1018 2785 comprobanteS‚
1050 2734 1306 2775 humillime
1341 2734 1528 2774 veniam
1557 2734 1775 2785 depreca-

139 2803 325 2854 bantur,
345 2803 559 2856 quodque
575 2815 671 2845 non
688 2805 920 2845 maleuolo
939 2805 1094 2845 animo
1107 2805 1431 2853 accessissent,
1451 2804 1532 2845 sed
1549 2805 1595 2844 id
1611 2804 1700 2845 sibi
1715 2816 1775 2844 ex

140 2873 292 2914 officio
325 2873 618 2923 incumbere;
649 2882 692 2916 et
722 2875 912 2927 quinam
944 2883 1114 2926 essent,
1148 2875 1283 2916 fratri
1317 2876 1392 2916 cui
1427 2875 1616 2916 omnino
1648 2875 1773 2915 inco-

146 2945 264 2990 eniti
287 2953 434 2997 crant,
459 2945 832 2996 manifestarunt,
863 2951 907 2986 et
934 2946 1102 2986 obnixe
1130 2958 1233 2987 sese
1261 2946 1348 2998 piis
1374 2946 1582 2987 omnium
1609 2946 1775 2987 suffra-
