2028 3328
822 117 905 154 AN.
937 116 1027 153 1555
1668 120 1738 157 409

106 217 369 252 mentorum
391 224 497 253 cum
519 224 691 263 magno
711 212 898 253 feruore
920 202 975 253 ac
997 213 1185 253 uirtutis
1202 220 1246 253 et
1263 214 1485 255 bonitatis
1503 217 1732 268 exemplo;

107 290 150 322 et
182 283 298 324 adeo
320 283 552 324 Dominae
573 284 718 334 ipsius
746 285 881 324 aulae
903 284 1062 335 regiae
1090 284 1450 335 abnegationem
1472 292 1516 326 et
1551 288 1732 336 altiora,

104 365 244 393 uerae
266 355 454 394 virtutis
476 367 649 403 amore,
675 356 983 403 aemulantur,
1009 361 1057 394 ut
1079 367 1170 395 non
1200 367 1382 406 paucae
1411 357 1530 397 inter
1552 370 1600 397 se
1623 370 1730 398 con-

105 425 318 465 uenerint
340 431 389 465 ut
412 425 579 477 (quoad
603 426 714 477 ipsis
737 426 794 465 ab
830 427 923 465 alto
945 424 1107 465 datum
1135 426 1194 465 sit
1225 433 1273 466 ut
1301 427 1526 467 mundum
1554 429 1734 479 possint

103 496 365 547 relinquere
387 503 431 536 et
452 497 725 548 religionem
747 496 960 547 ingredi),
981 497 1136 548 quoad
1152 497 1347 548 possint,
1372 498 1620 548 religiosos
1637 499 1733 539 imi-

105 573 277 617 tentur;
302 573 439 618 atque
468 568 532 607 ita
562 567 608 607 in
634 574 866 608 secretum
902 567 1150 619 quemdam
1180 569 1347 618 locum,
1372 569 1557 620 quoties
1585 570 1650 609 eis
1671 571 1734 610 ui-

104 637 254 686 detur,
286 650 388 677 sese
411 639 710 690 recipientes,
748 639 859 678 inibi
890 650 1030 678 unam
1058 639 1266 690 ipsarum
1294 646 1419 679 sorte
1455 640 1501 680 in
1529 641 1735 692 superio-

104 720 201 748 rem
224 708 414 759 eligunt,
450 710 524 749 cui
547 722 628 761 per
650 721 789 749 unam
812 709 1154 750 hebdomadam
1183 722 1344 750 omnes
1366 712 1602 751 humiliter
1631 712 1732 751 obe-

103 779 247 828 diunt,
273 780 452 831 ipsique
475 781 705 832 superiori
722 793 882 821 omnes
902 793 1012 821 suas
1031 783 1208 833 culpas,
1234 784 1307 822 uel
1329 783 1374 822 in
1391 783 1639 834 loquendO,
1660 784 1734 823 uel

101 850 147 889 in
169 850 425 900 recitando,
450 859 529 892 aut
551 852 666 892 alias
689 852 983 901 confitentur,
1008 853 1065 893 ab
1086 865 1233 905 eaque
1256 861 1471 905 receptas
1495 855 1730 906 poeniten-

102 922 194 961 tias
215 933 376 962 coram
399 923 501 962 aliis
522 923 756 963 humiliter
777 930 1025 975 peragunt;
1039 936 1095 964 ac
1113 925 1254 964 etiam
1278 936 1383 965 cum
1407 925 1472 965 eis
1489 932 1559 966 est
1577 932 1734 965 actum

102 999 151 1031 ut
173 993 390 1033 dominae
411 993 597 1034 famulis
619 995 715 1034 suis
737 995 969 1046 aliquibus
992 995 1298 1036 hebdomadis
1320 996 1561 1036 obediant:
1593 998 1731 1048 parti-

97 1064 324 1104 culariter
345 1071 500 1104 autem
522 1072 712 1116 possent
733 1066 825 1106 dici
846 1067 1006 1117 multa,
1031 1078 1120 1118 quo
1141 1066 1324 1106 facilius
1347 1074 1505 1117 posset
1535 1068 1733 1119 intelligi

101 1145 302 1186 magnus
323 1136 561 1187 profectus
581 1148 744 1177 earum
766 1137 811 1177 in
833 1136 919 1177 Dei
941 1138 1148 1189 seruitio,
1173 1138 1255 1178 sed
1277 1150 1397 1190 quae
1418 1145 1618 1189 secreto,
1646 1139 1729 1179 sci-

104 1206 210 1246 licet
233 1206 278 1246 in
301 1207 688 1259 confessionibUS,
713 1208 979 1259 audiuntur,
999 1209 1059 1249 ad
1076 1209 1314 1260 publicam
1336 1222 1429 1250 non
1453 1210 1732 1261 perueniunt

99 1277 330 1328 notitiam,
356 1279 560 1319 maxime
581 1291 687 1320 cum
709 1291 735 1319 a
756 1280 970 1331 personis
992 1281 1331 1332 principalibus
1353 1281 1621 1322 audiuntur.

182 1348 512 1390 Confessiones
541 1352 788 1402 generales
822 1364 914 1392 non
948 1352 1115 1392 desunt
1142 1352 1288 1392 ferme
1323 1353 1521 1403 singulis
1553 1353 1731 1404 diebus,

99 1420 242 1460 etiam
264 1422 543 1472 aliquorum,
568 1422 647 1473 qui
669 1434 774 1462 cum
803 1423 919 1463 alias
945 1423 1216 1475 frequenter
1244 1424 1525 1464 accederent
1552 1425 1611 1465 ad
1643 1425 1732 1465 hoc

100 1490 472 1544 Sacramentum,
499 1499 577 1532 aut
603 1493 886 1534 uerecundia
916 1502 995 1535 aut
1027 1495 1209 1535 incuria
1237 1496 1517 1536 confessarii
1548 1496 1595 1536 in
1631 1508 1729 1548 per—

100 1562 342 1613 quirendo,
366 1575 449 1614 per
471 1565 639 1604 multos
670 1577 819 1605 annos
847 1565 893 1605 in
923 1566 1110 1606 mortali
1137 1573 1334 1618 peccato
1362 1567 1595 1607 uixerunt.
1630 1567 1733 1608 Plu-

101 1645 178 1673 res
200 1633 324 1674 docti
346 1641 390 1674 et
411 1635 694 1687 principales
720 1637 857 1676 huius
887 1637 1044 1677 curiae
1077 1644 1215 1688 atque
1243 1639 1403 1689 plures
1431 1639 1631 1679 ministri
1661 1651 1731 1679 su-

98 1705 263 1745 blimes
285 1706 450 1746 domus
472 1707 631 1757 regiae
657 1707 733 1758 pio
757 1719 811 1747 ac
833 1708 1002 1748 deuoto
1025 1709 1181 1749 animo
1212 1709 1336 1761 apud
1365 1722 1451 1750 nos
1480 1710 1732 1751 confessio-

97 1788 179 1816 nes
202 1783 455 1824 sectantur;
480 1778 690 1829 adeoque
712 1779 960 1818 innotescit
989 1779 1034 1819 in
1065 1780 1163 1819 dies
1185 1779 1366 1820 fructus
1389 1781 1730 1832 proficientium

97 1848 144 1887 in
166 1847 397 1899 frequenti
419 1847 833 1889 Sacramentorum
867 1861 969 1900 vsu,
1001 1857 1049 1890 ut
1076 1851 1215 1891 etiam
1238 1858 1372 1891 extra
1402 1852 1628 1903 oppidum
1655 1853 1727 1892 de-

95 1925 275 1968 gentes,
315 1931 372 1958 ex
403 1919 600 1959 diuersis
637 1920 863 1971 partibus,
894 1921 1063 1971 pluuiis
1098 1929 1141 1961 et
1168 1922 1270 1962 aliis
1293 1922 1600 1963 incommodis
1636 1935 1730 1963 non

95 1989 402 2038 obstantibus,
430 1989 488 2030 ad
509 2001 594 2029 nos
618 1990 825 2030 ueniant.
851 1991 900 2031 In
923 1992 1010 2032 hoc
1031 1992 1233 2032 iubilaeo
1256 1994 1512 2034 novissime
1539 2006 1727 2034 conces-

95 2071 146 2100 so
169 2067 213 2100 et
231 2061 277 2100 in
299 2061 677 2112 quadragesima,
698 2068 857 2102 tantus
877 2063 961 2103 fuit
979 2074 1239 2104 concursus
1258 2065 1545 2105 venientium
1568 2066 1627 2106 ad
1644 2078 1731 2105 nos

95 2131 154 2171 ad
175 2131 492 2172 confitendum
513 2139 708 2183 peccata
742 2145 842 2183 sua,
867 2140 915 2174 ut
935 2135 1147 2185 patribus
1169 2135 1216 2174 in
1248 2136 1338 2175 hac
1361 2136 1500 2176 domo
1523 2136 1728 2188 degenti-

95 2203 181 2242 bus
202 2215 295 2243 non
315 2203 513 2243 defuerit
536 2204 751 2244 assiduus
768 2205 898 2245 labor
916 2217 942 2244 a
960 2217 1141 2246 summo
1160 2218 1296 2246 mane
1314 2219 1462 2258 usque
1480 2208 1539 2248 ad
1556 2208 1729 2248 bonam

93 2280 278 2324 partem
318 2275 468 2314 noctis
504 2282 740 2325 exactam,
774 2288 859 2316 nec
894 2283 1051 2317 tamen
1086 2278 1299 2318 omnibus
1338 2278 1614 2320 satisfacere
1651 2291 1728 2331 po-

94 2350 263 2385 terant.

175 2415 291 2456 Tres
318 2418 391 2456 uel
419 2424 640 2468 quatuor,
671 2429 696 2457 a
726 2418 873 2458 literis
901 2431 993 2458 non
1025 2419 1354 2469 abhorrentes,
1380 2421 1439 2461 ad
1467 2421 1726 2472 ingredien-

98 2487 207 2526 dum
229 2493 438 2527 nostram
474 2487 758 2528 Societatem
788 2501 879 2529 non
902 2490 1086 2530 modica
1104 2490 1353 2531 deuotione
1375 2503 1424 2531 se
1443 2491 1638 2533 affectos
1659 2505 1729 2533 os-

94 2558 307 2608 tendunt;
322 2570 519 2610 quorum
534 2558 722 2610 quidam
735 2566 804 2599 est
820 2560 1067 2612 theologus
1084 2573 1245 2601 curam
1258 2573 1428 2613 gerens
1446 2564 1724 2604 animarum:

96 2629 171 2668 hic
194 2629 300 2668 fecit
324 2630 565 2679 exercitia,
590 2637 633 2670 et
656 2642 762 2670 cum
793 2632 910 2671 alias
938 2632 1094 2672 multis
1126 2633 1260 2673 annis
1283 2634 1490 2674 studiose
1512 2635 1724 2687 uixisset,

95 2699 339 2740 confessus
361 2707 430 2740 est
452 2712 501 2740 se
524 2712 669 2752 usque
691 2702 750 2741 ad
771 2702 884 2742 illud
905 2708 1103 2754 tempus,
1128 2715 1219 2755 quo
1247 2704 1357 2745 fecit
1387 2706 1627 2756 exercitia,
1652 2718 1727 2747 ue-

94 2782 199 2810 ram
221 2770 347 2811 uiam
367 2770 469 2811 Deo
492 2771 726 2812 seruiendi
748 2772 1009 2823 ignorasse.

175 2841 511 2882 Restitutiones
531 2843 688 2894 plures
709 2842 839 2894 fiunt,
862 2851 907 2884 et
935 2845 1056 2885 inter
1078 2846 1195 2886 alias
1216 2847 1407 2898 quidam
1430 2848 1569 2889 Pater
1590 2849 1728 2890 huius

98 2912 266 2952 domus
288 2912 532 2953 cuiusdam
554 2913 894 2955 confessionem
917 2915 1113 2968 audiuit,
1144 2918 1224 2969 qui
1250 2919 1387 2959 simul
1417 2931 1523 2961 cum
1550 2921 1641 2961 alio
1662 2921 1729 2961 fu-
