2028 3328
859 128 940 164 AN.
973 129 1062 165 1553
1708 129 1779 167 587

144 224 441 266 Societatem.
478 224 599 265 Reus
628 225 676 266 P.
701 225 834 265 Prior
877 225 884 243 ¹
926 226 1128 277 incoepit
1170 228 1346 278 aliquot
1387 227 1594 267 redditus
1616 239 1698 278 pro
1720 229 1778 268 iis

144 308 436 348 comparare,
470 298 547 349 qui
570 298 625 338 de
661 296 892 338 Societatc
915 297 973 337 ad
991 309 1076 336 nos
1098 298 1282 337 venturi
1305 306 1426 338 sunt.
1461 298 1563 350 Ipse
1591 311 1776 351 quoque

144 367 344 408 Senatus
365 369 631 409 ostenderet
652 368 873 409 Societati
895 380 1079 408 omnem
1097 369 1487 419 benevolentiam,
1512 370 1551 409 si
1573 369 1776 410 Societa-

145 439 204 478 tis
220 440 295 479 hic
319 440 463 491 aliqui
484 447 652 480 essent.

225 509 496 551 Praeteritis
524 512 624 552 istis
654 512 889 552 mensibus=
921 511 1227 562 plurimorum
1257 511 1413 551 audiui
1441 512 1775 563 confessiones,

144 581 263 620 inter
286 593 402 633 quos
423 582 610 622 fuerunt
632 583 709 634 qui
735 582 780 622 is
803 583 937 623 annis
958 594 1051 622 non
1073 589 1207 622 erant
1228 582 1345 622 bene
1373 583 1590 623 confessi:
1614 583 1775 623 habui-

146 664 246 691 mus
283 653 422 692 etiam
453 637 597 693 unum
633 654 1014 694 concionatorem
1050 653 1360 702 haereticum,
1389 654 1540 693 vii-um
1568 654 1772 704 doctum,

143 723 220 774 qui
241 724 489 775 plusquam
509 724 561 764 ‘20
582 726 716 765 annis
738 725 987 764 haereticis
1010 724 1313 774 cohabitauit,
1333 732 1376 764 et
1396 725 1508 775 ipsis
1526 726 1777 765 conciona-

142 801 216 833 tus
237 801 321 845 est,
346 795 424 846 qui
446 795 539 835 iam
561 808 619 836 ex
639 802 736 836 toto
769 796 909 836 corde
947 796 1005 835 ad
1040 795 1215 836 Christi
1238 797 1487 836 ecclesiam
1518 807 1777 836 conuersus

143 871 232 915 est,
266 866 564 918 maximaque
596 867 873 907 contritione
906 866 1061 907 cordis
1093 867 1164 906 sui
1199 867 1459 907 detestatus
1495 874 1564 906 est
1592 879 1778 907 omnem

122 943 301 985 ,actam
321 936 368 976 in
402 937 490 977 hac
523 938 682 978 schola
715 939 889 978 malam
923 950 1058 978 suam
1089 938 1251 987 vitam,
1290 939 1352 978 ita
1388 945 1438 978 ut
1474 939 1689 978 omnibus
1719 939 1780 979 sit

145 1008 359 1059 exemplo
376 1016 421 1048 et
450 1009 763 1049 admirationi:
795 1009 1079 1060 generaliter
1109 1017 1178 1048 est
1207 1009 1340 1049 nobis
1376 1010 1632 1059 confessus,
1657 1016 1779 1050 etex

146 1078 286 1118 corde
309 1079 367 1118 ad
385 1079 638 1119 Dominum
659 1092 931 1120 conuersus.
958 1080 1075 1120 Puto
1098 1080 1223 1132 quod
1243 1086 1400 1120 noster
1423 1080 1683 1132 Episcopus
1705 1080 1718 1099 ‘²
1737 1082 1779 1121 ei

150 1149 243 1189 iam
263 1150 520 1201 prouiderit
540 1158 586 1191 vt
609 1152 802 1202 incipiat
823 1152 1067 1191 catholicis
1090 1151 1380 1203 praedicare.

225 1220 423 1271 Quidam
445 1223 802 1262 sacramentarii
824 1223 897 1262 hic
915 1223 1055 1274 capti,
1082 1223 1201 1262 inter
1240 1234 1357 1274 quos
1391 1230 1460 1262 est
1495 1223 1568 1263 vir
1589 1223 1780 1274 quidam

144 1292 192 1331 in
213 1292 507 1332 naturalibus
529 1293 781 1333 admodum
803 1293 1027 1345 eruditus,
1052 1294 1133 1345 qui
1153 1295 1324 1334 multos
1346 1294 1434 1334 sibi
1456 1294 1597 1334 habet
1614 1295 1779 1334 cohae-

144 1369 314 1413 rentes,
339 1363 479 1403 etiam
502 1376 560 1404 ex
581 1364 900 1415 superioribus
922 1365 1140 1415 ciuitatis,
1166 1365 1319 1416 ipsum
1341 1365 1659 1406 defendentes.
1689 1365 1779 1405 Hic

143 1434 292 1474 voluit
314 1441 363 1474 vt
379 1435 565 1486 publica
584 1436 836 1487 disputatio
854 1436 983 1476 fieret
1001 1435 1056 1476 de
1074 1435 1346 1476 Venerabili
1363 1435 1672 1477 Sacramento
1690 1437 1778 1477 Eu-

144 1504 412 1545 charistiae:
436 1506 517 1546 sed
543 1506 669 1546 facta
703 1519 797 1547 non
819 1514 888 1546 est
919 1507 1039 1547 sicut
1060 1508 1220 1547 voluit.
1259 1507 1310 1547 In
1331 1508 1566 1548 vacantiis
1601 1514 1671 1548 est
1700 1509 1778 1548 hic

144 1587 259 1626 mos,
283 1576 400 1616 Vtin
420 1577 581 1617 schola
613 1577 936 1628 theologorum
972 1579 1242 1619 baccalauri
1272 1578 1381 1619 dent
1419 1591 1528 1619 suas
1566 1581 1777 1631 proposi-

146 1647 316 1698 tiones,
360 1660 476 1699 quas
515 1655 687 1688 statuto
727 1648 800 1688 die
837 1649 1087 1689 defendere
1132 1650 1293 1690 velint.
1332 1650 1580 1691 Confrater
1618 1657 1780 1691 noster

146 1718 206 1758 M.
242 1718 446 1772 Joannes
477 1720 532 1759 de
562 1719 773 1760 Cathena
809 1720 1174 1772 disputationem
1210 1721 1371 1762 habuit
1416 1722 1471 1762 de
1508 1722 1779 1763 Venerabili

145 1787 452 1830 Sacramento
474 1790 814 1841 Eucharistiae,
838 1803 1104 1843 magnaque
1137 1804 1243 1833 cum
1277 1793 1433 1843 gratia
1471 1794 1685 1833 omnibus
1707 1806 1779 1834 sa-

145 1860 331 1912 tisfecit,
356 1862 419 1901 ita
442 1868 491 1901 vt
512 1874 605 1902 non
626 1868 748 1902 esset
769 1862 846 1913 qui
867 1874 959 1902 non
987 1863 1339 1903 commendaret
1368 1864 1466 1904 eius
1496 1865 1778 1905 modestiam

146 1939 191 1972 et
212 1931 475 1972 doctrinam
495 1933 542 1973 in
577 1932 918 1984 respondendo:
951 1945 1035 1974 sua
1072 1934 1226 1974 studia
1262 1935 1502 1974 continuat
1538 1941 1582 1975 et
1618 1936 1781 1976 diebus

146 2003 391 2043 dominicis
419 2004 744 2045 concionatur.

222 2073 473 2114 Adfuimus
494 2075 634 2116 etiam
655 2075 850 2116 infirmis
875 2076 1044 2127 vocati,
1070 2088 1270 2128 quorum
1300 2076 1621 2117 confessiones
1650 2077 1778 2117 audi—

147 2146 313 2195 uimus,
346 2157 520 2197 eosque
542 2147 588 2186 in
624 2146 827 2187 Domino
862 2148 1094 2188 consolati
1128 2160 1301 2196 sumus,
1340 2160 1397 2187 ex
1436 2148 1602 2200 quibus
1638 2149 1782 2200 aliqui

147 2216 411 2267 migrarunt
443 2217 503 2257 ad
524 2216 795 2268 Dominum,
827 2218 970 2269 aliqui
1004 2220 1321 2270 reualuerunt,
1354 2226 1398 2259 et
1419 2220 1567 2259 vitam
1602 2231 1661 2259 ex
1681 2226 1781 2259 toto

146 2288 387 2339 corrigere
409 2288 609 2329 student.
651 2288 808 2329 Vicini
839 2290 989 2330 nostri
1024 2290 1067 2329 in
1091 2302 1254 2330 eorum
1288 2290 1411 2330 bona
1442 2291 1782 2331 consuetudine

147 2358 398 2399 confitendi
419 2359 615 2410 singulis
633 2360 1001 2407 hebdomadibus
1022 2362 1166 2401 semel
1187 2368 1507 2413 perseuerant‚
1547 2374 1653 2402 cum
1686 2374 1780 2402 ma-

147 2436 217 2470 tre
239 2429 299 2470 M.
329 2429 525 2483 Joannis
551 2429 671 2470 Redt
707 2430 734 2471 ⁵.
773 2431 1039 2483 Aliquando
1077 2432 1218 2472 etiam
1250 2433 1555 2473 concionatus
1589 2445 1706 2485 sum,
1737 2439 1782 2474 et

147 2499 368 2540 studiosis
391 2500 698 2541 christianam
719 2500 983 2542 doctrinam
1004 2503 1278 2553 praelegere
1300 2503 1498 2554 incoepi.

222 2570 454 2611 Dominus
475 2572 650 2622 dirigat
670 2583 864 2623 gressus
886 2579 1073 2613 nostros
1095 2573 1142 2613 in
1169 2585 1255 2613 sua
1289 2573 1583 2625 beneplacita
1619 2575 1781 2615 volun-

145 2648 256 2692 tate,
282 2649 331 2682 vt
353 2642 398 2682 in
417 2643 516 2683 dies
533 2644 637 2694 plus
652 2643 833 2683 fructus
850 2643 1053 2684 Domino
1072 2644 1256 2684 adferre
1277 2646 1535 2696 valeamuS‚
1560 2652 1604 2686 et
1622 2653 1671 2686 vt
1692 2646 1786 2688 hoc>

200 2800 209 2820 ¹
252 2801 289 2829 P.
306 2801 481 2830 Gerardus
496 2803 756 2831 Kalckbrenner
771 2803 979 2838 (Hammont,
996 2803 1288 2839 Hammontanus).
1303 2805 1508 2834 Carthusiae
1523 2807 1630 2841 prior.

199 2849 213 2868 ²¹
250 2849 395 2877 Adolfus
409 2850 457 2877 III
474 2859 506 2877 v.
523 2850 781 2885 Sehauenburg.

199 2896 214 2916 ⁵
251 2896 300 2924 De
317 2897 392 2931 hoc,
409 2899 503 2933 cujus
518 2899 644 2926 mentio
660 2901 797 2934 saepius
813 2900 906 2927 facta
922 2904 974 2927 est
990 2899 1114 2935 fietque
1130 2904 1202 2928 tum
1216 2901 1250 2928 in
1264 2901 1318 2928 his
1331 2900 1483 2929 Litteris
1498 2906 1569 2930 tum
1583 2903 1616 2930 in
1632 2903 1785 2932 Pommcx

149 2944 328 2979 Chronico,
342 2946 442 2980 plura
457 2947 630 2981 congessit
646 2946 798 2980 HANsEN‚
812 2948 832 2974 l.
849 2955 889 2982 c.‚
905 2955 984 2982 pag.
1003 2948 1061 2982 161,
1075 2954 1190 2976 annot.
1207 2950 1235 2976 1.
