2028 3328
167 123 238 160 408
687 124 913 161 LlTTERAE
930 134 1286 167 QUADRmOESTREs

169 233 279 261 cosa
311 221 354 261 di
379 222 610 273 maggior'
637 222 828 261 seruitio
846 233 945 270 suo,
970 221 1128 260 adiuto
1151 220 1224 260 del
1246 220 1491 271 prossimo,
1517 226 1561 260 et
1583 221 1793 260 consola·

169 293 294 332 tione
312 292 367 332 de
385 286 490 333 tutti
513 294 590 333 noi
612 293 732 333 altri.

249 363 309 402 Di
332 362 487 403 Padoa
509 364 540 404 il
652 362 661 382 ¹
685 364 741 403 de
761 363 924 414 Aprile
950 364 1062 402 1555.

249 433 307 474 Di
331 434 389 474 V.
414 434 466 474 R.
492 434 816 485 indignissimo
839 435 884 474 in
908 434 1098 473 Christo
1120 433 1316 483 fiinoIo,

1348 574 1580 613 HEMERIO.

251 789 373 829 Loco
409 788 831 840 superscriptionis
867 787 914 826 in
943 786 1149 826 secunda
1179 785 1369 837 pagina
1403 786 1516 825 haec
1549 785 1801 837 leguntur:

172 860 524 911 Quadrimestre
546 859 591 898 di
613 859 785 899 Padoa.

249 931 359 970 Alsa
382 942 543 971 mmm:
564 930 769 970 Padoua:
791 931 857 969 55.
881 928 988 969 Sine
1012 929 1100 968 die:
1132 928 1177 968 di
1206 927 1381 979 Aprile.

753 1354 1212 1408 GGOL‘XXVHI

243 1584 290 1619 i).
314 1582 472 1620 Petrus
492 1583 745 1620 Domencch

291 1649 410 1684 Patri
429 1648 598 1692 ignatio
619 1648 671 1683 de
696 1648 874 1694 Loyola.

335 1714 608 1759 Vallisoleto‚
633 1714 648 1749 1
672 1713 774 1760 Mnji
798 1713 888 1750 1555
907 1715 932 1748 ²¹.

944 1867 1041 1944 (ἧς

250 2064 517 2105 Admodum
538 2064 811 2105 Reuerende
833 2064 972 2105 Pater
992 2064 1038 2104 in
1060 2064 1179 2116 Xpo.

251 2136 417 2177 Gratia
438 2141 482 2175 et
513 2147 606 2187 pax
636 2135 827 2176 Domini
852 2136 999 2175 nostri
1021 2134 1131 2187 Jesu
1154 2135 1328 2176 Christi
1357 2135 1415 2175 sit
1437 2147 1619 2187 semper
1649 2136 1801 2176 nobis-

174 2218 293 2246 cum.
317 2206 483 2246 Amen.

247 2277 379 2328 Quod
401 2277 489 2317 hoc
518 2277 848 2329 quadrimestri
877 2278 1131 2328 praeterito
1163 2277 1321 2317 diuino
1344 2278 1519 2317 auxilio
1547 2283 1705 2317 actum
1733 2284 1805 2317 est

169 2349 215 2388 in
236 2348 325 2388 hac
356 2355 518 2388 nostra
548 2349 828 2388 domuncula
865 2349 1022 2400 (quam
1056 2348 1148 2388 cito
1180 2349 1324 2388 multo
1355 2348 1651 2400 capaciorem
1685 2348 1803 2388 futu-

175 2431 278 2458 ram
314 2431 407 2458 non
443 2419 728 2467 dubitamus,
761 2431 867 2459 cum
894 2431 987 2459 non
1016 2418 1168 2459 desint
1197 2419 1274 2470 qui
1302 2419 1418 2459 alias
1447 2419 1611 2459 domos
1631 2418 1804 2458 nostris

170 2489 442 2540 adiungant,
466 2497 513 2529 ut
536 2490 771 2541 copiosior
793 2490 940 2541 possit
966 2501 1068 2530 esse
1097 2501 1321 2530 numerus
1343 2490 1390 2530 in
1417 2502 1471 2530 ea
1508 2501 1801 2529 commoran-

169 2560 314 2610 tium),
339 2566 407 2600 est
429 2566 554 2600 certe
575 2561 730 2611 gratia
751 2561 942 2601 Domini
968 2573 1062 2601 non
1089 2561 1343 2612 modicum,
1377 2562 1441 2601 ita
1469 2561 1655 2612 quidem
1681 2567 1730 2600 ut
1759 2561 1806 2600 in

170 2631 325 2670 multis
346 2631 474 2681 locis,
494 2632 786 2681 potissimum
802 2632 848 2672 in
867 2634 972 2672 aula
992 2632 1123 2684 regia
1137 2631 1260 2683 apud
1277 2632 1540 2684 Principem
1558 2632 1710 2683 ipsam
1731 2631 1744 2649 ⁵
1761 2638 1806 2671 et

171 2712 331 2741 omnes
353 2702 473 2741 illius
495 2702 674 2752 domUS,
700 2715 792 2742 non
813 2703 872 2743 sit
895 2715 1049 2743 sermo
1070 2703 1159 2743 nisi
1178 2703 1234 2743 de
1250 2703 1625 2754 frequentatione
1646 2714 1805 2743 sacra-

166 2849 171 2855 ·
227 2834 238 2854 ¹
277 2835 432 2869 Spatium
448 2837 496 2863 ita
511 2844 658 2863 vacuum
673 2838 831 2864 relictum
846 2842 910 2864 est.

227 2882 240 2900 ²
278 2883 527 2917 Autographae
542 2884 667 2917 duplici
683 2885 773 2918 folio,
789 2885 898 2918 primo
914 2893 946 2912 n.
960 2885 1023 2919 434,
1040 2886 1153 2912 altero
1169 2893 1251 2913 vero
1267 2893 1333 2914 non
1348 2889 1537 2914 numerato.

229 2929 242 2948 5
279 2928 445 2962 Joannam
461 2930 607 2964 Philippi
623 2930 652 2957 11
668 2938 831 2965 sororem,
854 2933 950 2966 regni
973 2933 1259 2966 gubernatricem.
