2028 3328
192 167 264 204 492
704 165 930 202 LITTERAE
957 171 1314 207 QUADmMESTREs

193 263 375 306 exactis
395 262 632 303 mensibus
655 261 778 314 apud
794 272 880 302 nos
901 266 1036 312 gesta
1055 265 1177 311 sunt,
1197 270 1337 310 quam
1353 257 1629 298 breuissime
1646 262 1827 308 potero,

195 335 528 388 perstringam.

275 407 430 458 Atque
447 405 676 457 imprimis
698 417 723 444 a
746 403 1044 445 sanctissimo
1061 401 1372 442 confessionis
1393 405 1691 440 sacramento
1716 399 1828 439 inci-

195 479 336 531 piam,
361 477 484 529 quod
505 477 778 528 quotidiana
800 474 1073 515 assiduitate
1095 478 1139 512 et
1168 471 1430 522 frequentia
1459 482 1554 510 non
1589 470 1730 522 pauci
1751 470 1825 510 de-

194 550 437 590 uotissime
459 548 710 588 celebrant.
740 546 813 586 Ex
842 546 915 585 his
948 542 1306 584 honestissimae
1336 541 1568 593 quaedam
1602 552 1658 581 ac
1692 541 1829 580 huius

195 621 323 661 urbis
344 619 660 660 nobilissimae
683 624 926 658 matronae
947 615 1084 655 facile
1101 614 1278 665 primas
1308 618 1480 653 tenent.
1504 611 1624 652 Nam
1645 612 1827 664 primae

195 692 369 741 statim,
395 690 570 742 apertis
593 689 753 740 portis,
777 688 1001 737 templum
1030 691 1243 725 nostrum
1271 684 1615 735 ingrediuntur3
1650 683 1830 735 primae

194 763 339 803 etiam
360 768 467 802 ante
498 772 684 801 sacram
706 769 916 799 mensam
942 769 992 797 se
1023 756 1248 796 adiiciunt
1279 762 1323 795 et
1351 760 1654 807 prosternunt
1683 754 1832 794 coele-

194 840 407 885 stemque
427 843 610 884 panem,
635 829 895 882 praemissa
915 827 1097 868 feruida
1127 826 1338 867 oratione
1360 832 1404 866 et
1425 825 1831 873 reconciliatione,

195 904 489 956 saepiuscule
511 901 811 950 manducant;
836 898 1009 939 nemini
1031 897 1222 938 dubium
1243 897 1355 949 quin
1381 908 1467 937 sua
1497 896 1726 947 singulari
1759 895 1833 935 de-

197 976 385 1016 uotione
407 975 467 1014 ad
487 973 727 1014 meliorem
762 971 909 1011 uitam
938 969 1194 1021 permultos
1215 968 1421 1008 trahant.
1450 966 1541 1008 Sed
1570 967 1688 1007 haec
1723 972 1831 1007 sunt

197 1058 360 1098 parua,
385 1046 424 1085 si
445 1055 550 1084 cum
571 1044 626 1084 iis
649 1042 966 1091 conferantur,
991 1051 1110 1092 quae
1130 1044 1238 1079 sunt
1259 1039 1468 1079 maxima
1490 1038 1738 1088 miracula;
1763 1049 1831 1078 so-

197 1118 286 1158 lius
307 1117 429 1157 enim
450 1115 539 1156 Dei
559 1113 730 1154 accidit
753 1111 1078 1153 misericordia
1100 1110 1225 1162 quod
1247 1109 1484 1160 homines,
1509 1109 1586 1161 qui
1607 1114 1675 1149 tot
1697 1108 1832 1148 annis

196 1188 245 1229 in
264 1187 472 1240 peccatis
495 1187 735 1237 (tanquam
755 1184 803 1224 in
824 1194 1027 1223 coenoso
1057 1181 1179 1231 lacu)
1202 1181 1468 1232 iacuerunt,
1499 1180 1560 1221 ad
1594 1180 1830 1220 saniorem

198 1266 401 1301 mentem
441 1257 654 1305 redeant,
694 1256 964 1306 sceleraque
1011 1253 1264 1294 commissa
1298 1252 1560 1303 generatim
1596 1251 1833 1291 sacerdoti

196 1336 431 1372 enarrent.
467 1328 668 1379 Quidam
690 1326 749 1366 ad
769 1337 856 1366 nos
876 1324 1018 1375 uenit,
1043 1324 1121 1375 qui
1140 1335 1191 1363 se
1219 1335 1246 1363 a
1274 1329 1452 1374 septem
1484 1322 1671 1363 circiter
1696 1321 1833 1362 annis

197 1415 291 1443 non
312 1401 579 1442 confessum
602 1398 798 1448 dicebat,
824 1407 962 1448 quem
990 1394 1106 1435 adeo
1136 1399 1442 1446 peccatorum
1463 1405 1654 1433 suorum
1676 1392 1832 1444 poeni-

197 1475 339 1523 tebat,
376 1480 424 1512 ut
447 1483 537 1523 quo
559 1469 711 1520 magis
739 1480 793 1508 ea
822 1468 901 1518 (ne
928 1465 1222 1518 desperaret)
1267 1464 1406 1505 Pater
1436 1464 1835 1505 excusatiunculis

198 1544 483 1592 defenderet,
508 1554 562 1582 eo
583 1540 836 1581 instantius
857 1551 906 1579 se
929 1537 1198 1579 accusabat.
1230 1536 1473 1588 Colloquia
1495 1547 1601 1575 cum
1623 1547 1677 1576 eo
1700 1547 1725 1575 a
1751 1534 1833 1575 Pa-

197 1616 347 1657 tribus
382 1615 540 1655 habita
578 1614 749 1653 bonam
783 1611 919 1651 nobis
954 1621 1085 1661 spem
1119 1608 1380 1648 iniecerunt
1418 1607 1571 1659 ipsum
1612 1606 1834 1657 deinceps

198 1685 586 1727 christianissime
609 1684 857 1724 uicturum.
882 1680 1099 1721 Accessit
1120 1679 1370 1729 secundUS,
1396 1678 1473 1730 qui
1496 1678 1636 1718 etiam
1658 1683 1833 1717 errato-

198 1770 301 1798 rum
323 1757 561 1797 sarcinam
582 1754 766 1803 abiecit,
792 1765 883 1805 qua
905 1764 987 1804 per
1007 1751 1260 1792 triennium
1282 1750 1435 1790 fuerat
1453 1754 1699 1800 grauatus.
1726 1747 1834 1788 Duo

197 1835 458 1881 praeterea,
483 1827 561 1879 qui
578 1826 746 1866 abhinc
769 1824 936 1876 uiginti
957 1824 1093 1864 annis
1115 1829 1160 1863 et
1181 1822 1380 1873 amplius
1410 1832 1651 1872 nunquam
1673 1819 1833 1871 poeni-

196 1906 398 1949 tuerant,
427 1899 693 1947 sanitatem,
718 1895 915 1936 salutari
943 1893 1252 1935 medicamine
1282 1892 1506 1942 adhibito,
1531 1897 1830 1942 receperunt.

198 1971 424 2012 Dedimus
446 1981 629 2022 quoque
652 1979 844 2020 operam
864 1973 913 2007 ut
935 1966 1013 2018 qui
1030 1971 1221 2017 propter
1242 1975 1323 2004 aes
1344 1964 1548 2004 alienum
1573 1963 1619 2002 in
1641 1973 1834 2002 carcere

200 2043 540 2091 detinebantur,
574 2041 882 2081 soluerentur:
923 2037 1199 2078 confidimus
1231 2037 1388 2088 plures
1418 2034 1577 2074 diuina
1607 2045 1693 2085 ope
1727 2033 1834 2072 libe-

199 2114 389 2154 randos.

282 2184 565 2226 Scholastici
587 2182 783 2233 Collegii
811 2181 961 2222 nostri
991 2186 1235 2231 tantopere
1264 2178 1490 2229 religione
1525 2176 1834 2226 delectantur,

200 2261 252 2296 ut
276 2267 381 2296 cum
402 2255 712 2295 admonentur
733 2260 917 2304 tempus
946 2252 1126 2302 adesse,
1165 2262 1256 2302 quo
1281 2248 1456 2290 Christi
1483 2248 1663 2288 uicario
1691 2247 1836 2286 facto-

202 2338 306 2367 rum
328 2327 557 2366 rationem
585 2325 781 2366 reddere
802 2329 1032 2374 tenentur,
1063 2334 1155 2362 uno
1187 2333 1268 2361 ore
1295 2331 1456 2361 omnes
1490 2320 1757 2359 exclamant
1786 2328 1836 2357 se

204 2408 307 2437 esse
328 2403 535 2449 paratos;
560 2402 723 2436 sancta
747 2395 1046 2436 contentione
1076 2393 1195 2433 alius
1218 2392 1363 2432 alium
1389 2389 1668 2430 antecedere
1699 2382 1835 2429 cona-

203 2475 291 2508 tur.
319 2468 469 2519 Quam
490 2468 581 2508 sint
604 2467 886 2517 obedientes,
911 2466 988 2506 vel
1008 2477 1067 2505 ex
1088 2464 1177 2504 hoc
1199 2464 1299 2504 solo
1330 2461 1573 2508 iudicabis,
1597 2459 1720 2512 quod
1741 2471 1836 2500 ma—

202 2539 340 2589 iores,
365 2539 443 2590 qui
463 2540 611 2578 solent
630 2540 902 2589 plerumque
924 2548 1026 2577 esse
1043 2535 1267 2585 difficiles,
1287 2533 1346 2574 ad
1363 2544 1524 2573 eorum
1541 2532 1700 2583 pedes,
1720 2542 1837 2582 quos

203 2610 347 2650 verbo
371 2616 448 2649 aut
469 2610 593 2649 facto
614 2610 864 2659 laeserunt,
895 2608 1060 2659 culpae
1081 2606 1270 2646 veniam
1303 2610 1533 2656 petentes,
1564 2614 1704 2654 saepe
1734 2613 1836 2653 pro-

205 2681 440 2731 cumbant,
466 2680 838 2720 emendationem
864 2679 912 2719 in
941 2684 1182 2730 posterum
1210 2676 1553 2728 promittentes.
1577 2673 1712 2725 Quod
1732 2673 1772 2713 si
1794 2680 1839 2712 et

204 2757 379 2791 terram
401 2751 666 2791 deosculari
697 2751 982 2801 iuberentur,
1006 2747 1311 2789 libentissime
1340 2753 1385 2787 et
1414 2745 1575 2786 sedulo
1607 2744 1836 2784 facerent.

205 2820 257 2860 In
284 2822 447 2861 studiis
476 2821 716 2861 literarum
751 2817 893 2860 breui
917 2826 1126 2871 tempore
1150 2818 1283 2860 multi
1304 2829 1399 2858 non
1414 2827 1614 2869 paruum
1634 2815 1838 2855 fructum

206 2891 431 2942 fecerunt;
455 2893 502 2932 in
524 2892 622 2932 dies
644 2892 907 2931 uberiorem
937 2891 1042 2940 (Dei
1063 2888 1369 2941 benignitate)
1393 2897 1651 2940 speramus.
1677 2884 1838 2926 Solent

207 2962 361 3001 ueneti
383 2962 520 3012 paulo
540 2962 757 3002 libentius
780 2962 827 3001 in
849 2962 992 3012 agris,
1023 2960 1213 3012 zephiro
1234 2960 1391 3008 flante,
1421 2958 1590 3008 rurari,
1625 2962 1670 2996 et
1695 2955 1836 3007 potis·
