2028 3328
917 103 997 140 ΛΝ.
1030 104 1119 140 1554
1791 108 1838 144 09

906 554 1133 609 ΟΟΟῙΧ

273 782 468 829 joannes
492 783 673 821 'Valerio

323 848 447 885 Patri
468 849 637 895 Ignatio
657 849 710 887 de
730 849 914 896 Loyola.

366 914 549 961 Mutina,
571 914 617 952 29
636 915 833 963 Augusti
854 915 946 952 1554
965 915 991 950 ¹,

969 1072 1065 1149 ntis

280 1269 345 1309 La
370 1271 526 1321 gratia
549 1278 593 1310 et
615 1281 730 1321 pace
752 1269 824 1310 del
841 1269 1030 1321 Signor’
1056 1270 1126 1309 sia
1150 1280 1334 1321 sempre
1358 1281 1447 1309 con
1469 1282 1562 1310 n01.
1587 1269 1756 1311 Amen.

281 1341 577 1382 Hauendomi
611 1342 812 1393 imposto
847 1342 891 1382 la
927 1341 1073 1383 Santa
1109 1341 1373 1382 obedientia
1415 1341 1460 1382 di
1490 1343 1778 1384 manifestar'
1811 1356 1837 1384 a

200 1418 363 1453 vostra
385 1412 626 1453 Paternita
646 1414 686 1454 le
709 1425 816 1453 cose
838 1413 924 1453 che
944 1414 987 1453 la
1009 1413 1168 1453 diuina
1190 1413 1437 1453 clementia
1458 1425 1540 1465 per
1575 1425 1706 1454 mezo
1728 1415 1784 1455 de
1806 1416 1838 1456 li

201 1484 304 1524 suoi
326 1485 452 1524 serui
472 1485 624 1525 inutili
645 1485 705 1525 ha
733 1491 926 1536 operato
947 1485 994 1525 in
1015 1491 1179 1536 questa
1201 1491 1327 1525 terra
1349 1485 1500 1536 questi
1524 1494 1690 1536 quatro
1722 1487 1838 1527 mesi

202 1556 396 1607 passati3
428 1556 491 1596 mi
525 1556 733 1597 sforzaro
764 1556 1133 1605 (confidandomi
1153 1557 1228 1597 nel
1257 1555 1415 1596 diuino
1443 1556 1629 1606 fauore)
1660 1558 1716 1598 de
1737 1558 1835 1598 dire

202 1638 335 1667 come
357 1627 507 1679 quelle
528 1639 644 1668 sono
665 1634 876 1679 passate,
905 1639 995 1668 con
1017 1628 1169 1679 quella
1190 1627 1372 1668 breuita
1403 1628 1489 1668 che
1518 1633 1653 1679 potro
1679 1640 1832 1669 usare.

278 1698 660 1739 Incominciando
702 1698 762 1739 da
808 1699 962 1751 quello
1013 1699 1100 1739 che
1144 1711 1238 1739 non
1274 1700 1533 1740 solamente
1566 1712 1592 1740 a
1625 1700 1656 1739 li
1692 1700 1837 1740 animi

199 1770 382 1821 deuoti,
420 1781 497 1810 ma
532 1770 773 1821 etiamdio‚
809 1783 842 1811 av
866 1771 897 1811 li
931 1770 1124 1821 Angioli
1159 1782 1316 1811 essere
1350 1771 1448 1811 sole
1483 1771 1539 1811 de
1574 1772 1837 1823 allegrezza

200 1841 396 1893 grande.
419 1842 560 1882 Molte
582 1841 794 1882 adonche
815 1842 999 1893 publice
1020 1842 1297 1894 peccatrici,
1314 1853 1452 1890 ,mose
1474 1853 1558 1894 per
1584 1843 1741 1893 gratia
1763 1843 1837 1883 del

201 1912 406 1964 signor’,
432 1913 491 1954 da
512 1913 578 1964 gli
600 1913 703 1954 suoi
730 1913 879 1954 errori
906 1925 1021 1954 sono
1056 1920 1178 1954 state
1211 1913 1430 1965 liberate;
1460 1913 1534 1954 fra
1569 1914 1695 1966 quali
1730 1914 1834 1965 due,

201 1996 356 2025 mosse
391 1996 481 2025 con
515 1984 694 2036 grande
725 1985 1026 2035 contritione,
1064 1996 1179 2025 sono
1209 1985 1382 2026 intrate
1415 1986 1536 2026 nelle
1557 1986 1835 2026 conuertite.

201 2056 252 2097 L'
278 2057 415 2106 altre,
440 2067 523 2108 per
544 2057 687 2096 molta
709 2061 936 2097 stretezza
956 2057 1020 2097 dil
1039 2057 1181 2107 luogo
1202 2059 1230 2107 ²,
1254 2056 1294 2097 si
1314 2068 1462 2097 sonno
1481 2056 1837 2097 accommodate

200 2139 291 2168 con
312 2139 510 2179 persone
532 2127 577 2167 di
597 2133 734 2168 santa
755 2127 866 2168 vita.
890 2127 979 2168 Per
999 2129 1043 2168 13
1061 2129 1170 2180 qual
1187 2139 1298 2168 cosa
1314 2128 1496 2179 grande
1514 2128 1837 2168 consolatione

202 2199 360 2239 hanno
380 2204 601 2251 receputo
622 2198 728 2239 tutti
749 2200 883 2250 quell’
906 2199 920 2239 i
942 2199 1068 2251 quali
1089 2210 1203 2240 sono
1224 2199 1367 2239 zelosi
1396 2199 1452 2239 de
1482 2200 1526 2239 la
1547 2200 1696 2239 salute
1717 2199 1773 2239 de
1795 2201 1837 2239 le

203 2270 371 2311 anime.
394 2271 452 2311 Et
473 2270 693 2310 massime
713 2282 796 2322 per
812 2282 967 2311 essere
981 2271 1178 2311 liberata
1195 2277 1268 2311 tra
1286 2271 1437 2323 quelle
1454 2282 1547 2310 una
1562 2270 1836 2322 giouenetta

203 2342 249 2382 di
271 2347 388 2382 sette
409 2353 436 2382 o
456 2347 552 2382 otto
575 2342 685 2382 anni
706 2341 751 2381 la
769 2342 876 2393 qual
897 2342 955 2382 da
973 2354 1065 2382 uno
1088 2342 1404 2394 (quantunche
1425 2341 1623 2382 douesse
1636 2341 1699 2381 lui
1715 2353 1834 2381 esse—

202 2425 252 2454 re
272 2414 396 2454 lume
417 2419 461 2453 et
483 2412 713 2464 sapientia
733 2423 760 2453 a
781 2413 813 2453 li
830 2413 957 2461 altri)
981 2417 1005 2453 e
1026 2418 1151 2454 stata
1167 2413 1359 2453 violata.
1378 2412 1436 2453 Et
1456 2413 1610 2464 quella
1630 2424 1713 2464 per
1729 2423 1835 2463 gra-

202 2484 267 2525 tia
288 2484 334 2525 di
354 2483 445 2524 Dio
466 2488 491 2524 e
508 2483 682 2524 intrata
703 2483 1116 2525 medesimamente
1145 2496 1201 2524 ne
1221 2484 1264 2524 le
1298 2484 1573 2524 conuertite.
1606 2482 1735 2524 Iddio
1763 2483 1836 2523 be-

201 2555 390 2596 nedetto
412 2555 478 2607 gli
499 2554 575 2595 dia
597 2554 751 2605 gratia
769 2553 815 2594 di
837 2555 1129 2606 perseuerar’
1150 2555 1285 2595 insin'
1308 2556 1352 2595 al
1373 2554 1477 2595 fine.

281 2626 424 2667 Molte
459 2625 781 2678 superstitioni
809 2626 1134 2667 abomineuole
1159 2626 1226 2677 (le
1253 2627 1407 2678 qualle
1443 2626 1522 2678 piu
1557 2626 1642 2666 che
1676 2637 1769 2665 non
1799 2625 1839 2665 si

201 2709 347 2748 pensa
369 2708 645 2749 regnauano
666 2696 713 2736 in
736 2703 898 2748 queste
929 2697 1075 2748 parti)
1097 2697 1157 2737 ha
1194 2698 1309 2738 tolto
1340 2697 1372 2738 il
1406 2696 1604 2748 Signore
1627 2698 1685 2737 da
1708 2696 1839 2736 molti

260 2882 266 2900 ¹
308 2882 575 2917 Autographurn
590 2881 623 2909 in
639 2881 765 2916 duplici
781 2881 872 2914 solio,
888 2890 946 2910 nn.
967 2881 1017 2910 128
1031 2888 1063 2911 et
1083 2884 1143 2910 129.

257 2930 270 2948 ἲ
309 2928 375 2956 Seu
391 2930 470 2964 quia
485 2931 578 2957 locus
593 2930 641 2957 eis
657 2930 690 2956 in
705 2928 958 2958 Conversarum
974 2931 1069 2957 domo
1086 2938 1150 2958 non
1166 2928 1251 2958 (rat.
