2028 3328
874 168 958 206 AN.
980 169 1082 206 .1555
1736 172 1813 209 582

169 266 359 316 quando
379 268 405 305 5
426 267 501 306 vel
520 269 677 318 plures
700 265 969 306 deficientes
990 272 1035 306 et
1056 267 1387 307 semimortuos
1410 279 1522 318 prae
1544 269 1688 309 nimia
1711 275 1799 310 tur>

170 337 243 387 ba,
267 347 386 388 quae
409 337 455 377 in
484 337 583 377 dies
610 337 884 388 augebatur,
915 343 1164 388 propterea
1188 337 1311 389 quod
1343 338 1636 379 diuersorum
1658 351 1799 392 pago-

170 419 272 447 rum
292 407 474 448 incolae
496 414 633 460 atque
661 408 802 448 etiam
833 408 963 448 multi
993 420 1051 448 ex
1078 407 1248 449 Insulis
1272 407 1281 427 ¹
1306 409 1442 460 (quae
1464 410 1632 450 ciuitas
1655 418 1725 451 est
1752 412 1797 452 in

168 478 390 519 Flandria
412 479 624 527 celebris)
648 479 707 519 ad
729 491 833 519 eum
853 490 1029 530 pagum
1046 479 1125 518 vbi
1143 480 1307 519 concio
1325 480 1585 521 habebatur
1602 482 1802 522 conflue-

170 549 297 599 bant;
312 561 395 601 per
407 561 524 601 quas
541 549 728 602 quidem
741 550 990 590 conciones
1007 555 1145 601 atque
1163 551 1303 590 etiam
1326 551 1660 602 confessiones,
1682 565 1800 604 quae

167 619 574 672 frequentissimae
608 622 793 662 fuerunt
822 621 988 673 (neque
1020 628 1178 661 tamen
1209 621 1361 662 adhuc
1389 622 1478 662 illis
1507 622 1801 664 satisfactum

166 697 251 742 est,
275 699 528 733 accurrunt
556 693 678 733 enim
705 692 900 733 subinde
928 693 987 733 ad
1015 704 1101 732 nos
1131 693 1318 744 plurimi
1340 700 1390 733 vt
1422 693 1734 734 confiteantur
1756 703 1799 735 et

167 763 544 814 communicent),
568 765 700 804 multi
721 764 961 815 haeretici,
989 764 1202 815 adulteri,
1232 764 1558 815 fornicatores,
1583 766 1798 806 concubi-

165 834 286 873 narii
307 834 494 885 publici,
517 835 827 887 resipuerunt;
851 847 943 875 una
966 835 1188 875 meretrix
1207 847 1544 876 conuersarum
1565 844 1795 877 monaste-

163 905 284 944 rium
306 905 514 956 intrauit,
538 907 814 947 vacillantes
835 907 881 946 in
902 906 991 947 fide
1014 906 1293 946 confirmati.

243 975 418 1016 Audiui
439 988 542 1028 ego,
567 977 644 1029 qui
666 977 784 1017 haec
804 978 958 1018 scribo
982 980 1047 1027 (Vt
1071 977 1221 1018 obiter
1237 979 1326 1018 hoc
1344 978 1529 1029 dicam),
1552 980 1799 1021 cuiusdam¹

163 1047 368 1088 rusticae
396 1049 603 1089 mulieris
629 1050 903 1089 lutheranae
931 1056 975 1090 et
1004 1050 1405 1090 sacramentariae
1434 1049 1577 1091 filiam
1606 1051 1652 1091 in
1685 1063 1789 1092 con-

161 1118 380 1170 fessione,
405 1130 524 1170 quae
546 1121 687 1160 etiam
718 1120 776 1160 ad
804 1121 980 1173 aliquot
1010 1132 1160 1161 annos
1188 1121 1352 1161 eadem
1382 1121 1632 1162 haereseos
1662 1129 1796 1173 peste

161 1188 332 1230 infecta
354 1190 521 1230 suerat.
555 1190 646 1232 Sed
667 1197 771 1243 post
793 1191 1000 1232 auditum
1021 1191 1071 1231 Ρ.
1095 1192 1387 1232 Bernardum
1414 1196 1427 1215 2
1454 1193 1609 1233 aiebat
1631 1206 1681 1234 se
1702 1200 1793 1234 sta-

161 1260 243 1300 tim
259 1260 455 1302 rediisse
473 1262 532 1302 ad
548 1268 765 1303 mentem:
786 1263 1069 1303 remansisse
1086 1269 1243 1303 tamen
1260 1263 1325 1303 illi
1341 1265 1612 1315 scrupulum
1630 1277 1792 1314 unum,

160 1332 353 1384 scilicet,
378 1345 437 1372 an
460 1345 544 1384 pro
566 1340 715 1374 matre
736 1346 872 1374 orare
894 1334 1082 1375 deberet
1100 1335 1194 1374 iam
1210 1334 1428 1375 defuncta
1451 1335 1497 1375 in
1519 1335 1792 1388 Germania,

161 1414 252 1454 quo
289 1416 337 1444 se
374 1406 636 1444 contulerat
666 1405 938 1446 Flandriam
964 1406 1202 1457 deserenS,
1240 1406 1298 1446 ob
1333 1406 1554 1447 haereses
1582 1409 1793 1449 securius

158 1474 371 1526 tuendaS,
395 1483 439 1516 et
458 1476 763 1517 valedicendo
785 1477 843 1517 ab
865 1477 966 1528 ipsa
989 1477 1163 1517 monita
1186 1477 1339 1517 fuerat
1360 1477 1483 1518 serio
1503 1490 1560 1518 ne
1583 1491 1789 1531 vnquam

159 1556 242 1596 pro
264 1558 327 1596 se,
352 1546 440 1586 hoc
462 1554 546 1598 est,
570 1559 654 1587 sua
675 1553 839 1597 matre,
863 1548 1022 1588 audita
1045 1548 1191 1600 ipsius
1219 1554 1368 1588 morte
1389 1560 1597 1600 anuam
1627 1561 1800 1600 preces⁴

162 1616 278 1656 vllas
298 1615 527 1668 funderet3
552 1629 689 1669 quem
711 1619 997 1669 scrupulum,
1020 1619 1149 1659 vtilli
1167 1619 1434 1670 eximerem,
1454 1621 1691 1671 respondi:
1710 1623 1792 1662 tali

156 1694 408 1739 praecepto
438 1689 602 1729 matris
629 1701 724 1729 non
750 1701 852 1729 esse
881 1690 1151 1741 obnoxiam,
1183 1690 1265 1731 sed
1292 1702 1435 1731 verae
1463 1703 1576 1732 suae
1608 1693 1789 1742 matris,

157 1759 384 1799 ecclesiae
406 1760 683 1811 catholicae,
708 1767 962 1812 praecepto
991 1761 1143 1813 magis
1165 1762 1327 1812 teneri,
1351 1773 1470 1813 quae
1497 1763 1622 1804 iubet
1653 1775 1790 1804 orare

157 1841 242 1880 pro
274 1830 488 1871 omnibus
517 1831 762 1881 defunctis,
796 1831 851 1872 de
883 1832 1051 1884 quibus
1081 1844 1174 1872 non
1206 1840 1274 1873 est
1306 1839 1486 1874 certum
1517 1834 1564 1874 in
1591 1842 1795 1886 peccato-

157 1902 342 1941 mortali
362 1901 470 1942 hinc
493 1902 737 1952 migrasse.
758 1902 868 1943 Post
886 1903 1010 1954 quod
1032 1915 1306 1955 responsum
1330 1904 1457 1945 illam
1478 1905 1595 1945 bene
1617 1907 1790 1947 laetam

155 1978 199 2012 et
217 1973 423 2013 alacrem
444 1973 491 2013 in
511 1973 713 2014 Domino
735 1974 904 2023 dimisi,
928 1980 971 2014 et
995 1974 1210 2026 quamuis
1228 1974 1275 2014 in
1296 1976 1522 2026 praefatis
1542 1976 1679 2028 pagis
1694 1989 1788 2017 non

155 2042 387 2096 defuerint
408 2044 646 2094 haeretici,
672 2045 750 2096 qui
773 2043 819 2085 Ρ.
845 2045 1087 2085 Bernardo
1110 2053 1154 2085 et
1175 2045 1272 2085 suis
1295 2046 1600 2087 concionibus
1614 2059 1698 2098 pro
1721 2049 1785 2088 vi-

153 2114 227 2153 rili
262 2114 578 2166 detraherent,
614 2122 838 2156 vocantes
875 2116 1002 2156 illum
1031 2116 1362 2156 antichristum
1393 2123 1437 2156 et
1469 2117 1788 2171 hypocritam,

150 2185 306 2237 pergit
328 2191 482 2226 tamen
504 2188 703 2238 populus
732 2187 834 2227 Deo
862 2187 1055 2237 seruire,
1079 2193 1130 2227 vt
1159 2188 1326 2239 coepit,
1357 2194 1401 2228 et
1424 2189 1609 2240 quidem
1641 2191 1787 2231 multo

153 2256 369 2297 devotius
399 2258 549 2308 solito,
584 2258 857 2298 detestando
887 2258 992 2298 fidei
1023 2258 1287 2299 catholicae
1319 2270 1504 2299 errores
1535 2266 1580 2300 et
1606 2261 1723 2301 vitia
1755 2261 1783 2312 ³,

151 2338 260 2367 nam
282 2328 329 2367 in
350 2327 624 2368 Pentecoste
641 2329 853 2380 proxime
875 2331 1035 2380 elapsa
1052 2328 1240 2369 fuerunt
1257 2330 1303 2369 in
1321 2330 1523 2381 quodam
1541 2342 1666 2383 pago
1687 2332 1785 2373 fere

152 2398 347 2438 trecenti
362 2399 520 2450 plures
537 2399 672 2439 solito
690 2400 1101 2450 communicantes,
1122 2412 1271 2451 neque
1288 2400 1416 2452 piget
1433 2401 1535 2442 illos
1553 2402 1785 2443 interdum

150 2468 427 2521 intempesta
449 2476 588 2510 nocte
609 2481 804 2522 surgere
825 2477 876 2511 vt
893 2471 1150 2511 matutinae
1169 2472 1386 2512 concioni
1401 2471 1452 2512 P.
1471 2473 1702 2514 Bernardi
1719 2475 1789 2515 in·

149 2540 315 2580 tersint
335 2540 555 2581 Tornaci.
587 2541 799 2593 Denique
827 2553 910 2593 per
937 2542 1150 2582 eumdem
1182 2542 1369 2582 Patrem
1397 2549 1505 2583 sunt
1532 2545 1783 2585 nonnullae

148 2612 430 2652 concordiae
457 2619 693 2663 peractae.

199 2796 207 2815 ¹
247 2796 381 2824 “Insula
399 2798 470 2824 sive
487 2797 632 2830 Inzuiae,
655 2797 752 2824 l’IsIe
767 2797 889 2832 Gallis,
909 2797 1004 2824 l'Illa
1020 2797 1127 2829 Italis,
1149 2797 1278 2832 Ryssel
1299 2797 1426 2832 Belgis,
1446 2799 1527 2825 urbs
1549 2799 1659 2834 Belgii
1684 2807 1782 2834 prae

144 2843 241 2870 clara
255 2844 484 2876 mercimonio.
500 2847 532 2872 in
548 2845 731 2873 Flandriae
745 2846 864 2880 primis
882 2845 1012 2877 habita,
1029 2844 1118 2872 inter
1133 2844 1326 2872 Tornacum
1340 2845 1358 2872 5
1377 2850 1410 2872 et
1433 2844 1586 2874 Duacum
1601 2847 1618 2873 8
1632 2847 1718 2875 leuc.
1733 2850 1778 2876 ab

144 2889 274 2925 Hypris
288 2892 305 2919 6
319 2892 351 2919 in
363 2893 549 2927 meridiem,
566 2893 598 2920 in
612 2893 784 2925 Artesiae,
799 2898 833 2920 et
849 2893 1026 2920 Annoniae
1043 2892 1218 2926 confinis„
1234 2892 1501 2927 FERRAR1,Lex.
1520 2893 1715 2929 Geograplz.

202 2939 215 2957 ’ὲ
253 2938 292 2966 P.
311 2939 524 2967 Bernardurn
540 2939 738 2968 oliverium.

200 2988 214 3006 5
251 2987 399 3019 Scilicet,
410 2995 545 3015 errores
557 2987 633 3015 fidei
645 2989 838 3016 catholicae
851 2988 1078 3016 adversantes
1091 2993 1122 3015 et
1138 2988 1234 3018 vitia,
1247 2996 1332 3022 quac
1349 2988 1429 3015 fides
1442 2988 1615 3016 calholica
1627 2989 1787 3022 damnat..
