2028 3328
838 107 921 144 ΑΝ.
955 108 1044 144 1:355
1690 109 1760 146 487

123 201 170 241 in
194 203 307 242 locis
330 202 489 243 datum
521 210 605 254 est,
629 214 801 254 magna
825 210 868 243 et
895 199 1126 243 charitate
1147 210 1191 243 et
1214 203 1301 243 fide
1324 215 1406 242 suo
1431 216 1621 244 munere
1649 211 1756 245 sunt

121 271 281 313 functi.
306 272 422 314 Sunt
444 274 633 325 quidam
654 274 795 314 ctiam
816 273 909 319 alii,
934 273 1010 325 qui
1033 274 1128 313 suis
1149 274 1359 325 pecuniis
1382 280 1562 325 emptos
1585 277 1754 315 multos

120 355 267 394 panes
288 344 333 384 in
355 345 536 385 uicinos
558 357 707 397 pagos
728 351 771 385 et
794 345 964 396 oppida
988 351 1247 396 asportant,
1281 356 1453 396 eosque
1475 347 1625 395 gratis
1647 358 1755 397 pau-

120 415 310 465 peribus
331 416 618 467 dispensant:
643 429 701 457 ex
729 428 819 468 quo
850 416 898 456 fit
920 423 969 456 ut
991 416 1205 467 corporis
1233 422 1277 455 et
1304 416 1487 456 animae
1515 417 1754 457 interitum

120 486 249 526 multi
272 486 489 527 euadant.

198 556 356 597 Habes
377 558 622 598 charitatis
643 559 873 609 exempla,
899 570 1023 598 nunc
1052 558 1304 609 patientiae
1333 558 1651 598 testimonium
1681 570 1751 598 ac-

119 628 234 679 cipe.
260 627 542 669 Accesserat
564 629 731 669 nobilis
753 628 941 680 quidam
963 629 1049 679 uir,
1070 629 1151 669 sed
1173 641 1285 668 sane
1303 630 1548 680 superbus,
1573 629 1619 668 in
1637 640 1752 668 mer—

117 700 292 739 catoris
313 700 556 740 cuiusdam
578 701 781 751 domurn,
805 701 861 740 ab
883 712 937 740 eo
959 700 1118 740 nescio
1147 712 1264 751 quas
1286 707 1526 751 empturus
1555 711 1751 739 merces:

117 782 143 809 a
165 782 256 821 quo
274 771 474 821 pretium
492 783 599 811 cum
615 771 967 822 interrogasset,
988 783 1128 822 quam
1145 772 1293 822 potuit
1316 772 1388 811 ille
1411 771 1567 810 uerbis
1590 771 1749 810 humil<

115 841 236 880 limis
258 841 531 882 satisfacere
553 849 750 883 conatus
771 849 863 882 est:
888 854 1051 882 Verum
1074 849 1255 882 tantam
1276 854 1368 881 non
1392 854 1558 893 passus
1587 842 1657 881 uir
1680 853 1747 881 ar-

115 913 476 962 rogantissimus
499 914 876 964 submissionem,
901 914 979 953 uix
1001 913 1204 953 ferendis
1226 914 1353 952 illum
1375 913 1556 953 iniuriis
1574 913 1744 960 affecit,

116 994 171 1022 ac
203 983 488 1034 turpissimis
523 985 672 1036 sputis
706 985 827 1025 illius
863 986 1042 1025 uultum
1083 985 1364 1035 deturpauit,
1408 984 1530 1035 quod
1569 990 1749 1023 tantum

116 1054 249 1094 abest
271 1062 318 1094 ut
342 1057 534 1095 moleste
555 1056 859 1108 grauiterque
882 1056 955 1095 ille
978 1056 1148 1106 tulerit,
1182 1063 1230 1096 ut
1253 1062 1440 1106 praeter
1471 1055 1517 1095 id
1548 1055 1660 1094 nihil
1681 1067 1748 1095 re-

114 1125 355 1176 sponderit
377 1126 517 1167 aliud:
548 1128 743 1168 libenter
772 1128 860 1167 hoc
888 1128 1066 1179 (inquit)
1103 1135 1146 1167 et
1176 1128 1358 1167 maiora
1386 1129 1530 1167 multa
1558 1127 1748 1167 Domini

114 1197 205 1236 mei
220 1196 331 1249 Jesu
350 1197 523 1238 Christi
539 1210 698 1238 amore
717 1198 952 1239 sufferam.
969 1198 1208 1239 Succurrit
1225 1206 1269 1238 et
1285 1198 1410 1238 aliud
1427 1211 1520 1238 non
1537 1198 1644 1238 huic
1660 1198 1747 1237 dis-

113 1268 263 1307 simile
285 1270 551 1320 exemplum
573 1270 765 1309 alterius
794 1270 1051 1317 cuiusdam,
1076 1270 1152 1321 qui
1175 1276 1219 1309 et
1249 1270 1348 1321 ipse
1383 1276 1544 1309 nostro
1576 1270 1747 1320 templo

114 1346 183 1378 est
206 1338 572 1391 addictissimus,
596 1341 669 1380 cui
698 1352 803 1380 cum
831 1348 953 1380 esset
975 1353 1080 1381 cum
1111 1341 1253 1381 nobili
1281 1341 1484 1392 quodam
1512 1341 1612 1380 uiro
1635 1339 1742 1380 iudi-

113 1410 185 1449 cio
208 1409 558 1461 decertandum,
583 1418 835 1463 antequam
857 1411 1023 1452 iudicis
1041 1418 1345 1463 conspectum
1363 1412 1560 1462 adirent,
1585 1412 1656 1451 vir
1672 1412 1747 1451 ille

111 1481 295 1532 nobilis,
328 1488 427 1521 turn
448 1482 571 1533 quod
593 1493 642 1522 se
664 1483 834 1522 iniuria
856 1484 1126 1523 lacessitum
1154 1483 1459 1533 existimaret,
1484 1490 1582 1522 tum
1603 1483 1746 1522 maxi-

116 1563 190 1591 me
212 1552 335 1603 quod
358 1553 487 1592 illum
509 1565 532 1593 e
553 1559 714 1593 nostro
737 1565 838 1593 esse
860 1565 1054 1594 numero
1075 1554 1396 1604 intellexisset,
1421 1554 1746 1605 spectantibus

112 1623 341 1674 plurimis,
366 1624 412 1663 in
434 1624 497 1675 pii
518 1624 607 1664 uiri
628 1631 948 1676 contemptum
969 1626 1123 1676 coepit
1154 1625 1449 1676 interrogare
1471 1625 1712 1665 Nicolinus
1737 1625 1745 1643 ¹

110 1706 168 1734 ne
190 1695 332 1735 esset?
355 1695 437 1745 (sic
459 1695 582 1735 enim
603 1701 790 1736 nostros
808 1696 872 1736 illi
894 1697 1145 1748 appellant,
1171 1696 1248 1748 qui
1263 1697 1417 1736 minus
1435 1708 1548 1748 erga
1566 1708 1653 1736 nos
1669 1708 1745 1736 no-

110 1772 330 1817 stiaeque
361 1765 612 1807 Societatis
642 1778 785 1818 opera
813 1767 930 1807 bene
959 1774 1065 1807 sunt
1087 1767 1273 1818 affecti);
1304 1768 1546 1819 respondit
1576 1768 1665 1817 ille,
1699 1773 1746 1806 ut

108 1848 337 1888 syncerus
359 1843 459 1877 erat
480 1837 551 1877 uir
573 1843 617 1877 et
639 1837 836 1888 integer:
860 1838 1041 1878 vtinam
1070 1838 1250 1890 (inquit)
1275 1851 1384 1879 uere
1412 1838 1655 1879 Nicolinus
1680 1850 1746 1878 es-

108 1920 221 1949 sem.
245 1907 309 1949 At
331 1909 422 1948 ille:
441 1914 491 1948 tu
512 1908 781 1948 huiusmodi
802 1920 908 1949 curn
929 1909 1007 1959 sis,
1033 1921 1187 1949 nonne
1209 1921 1325 1961 quos
1347 1910 1603 1960 infringam
1626 1910 1744 1949 cola-

106 1980 240 2031 phos,
265 1986 344 2019 aut
364 1990 564 2031 pugnos,
589 1991 738 2031 aequo
760 1980 917 2020 animo
934 1981 1231 2032 perpetieris?
1253 1980 1522 2032 Cogebatur
1545 1992 1673 2031 sane,
1698 1981 1744 2020 li-

107 2057 180 2091 cet
200 2051 273 2090 uir
293 2050 488 2102 perditis
511 2050 732 2101 moribus,
765 2062 869 2091 eam
891 2051 1103 2092 confiteri
1124 2051 1364 2102 Nicolinis,
1385 2063 1525 2103 quam
1541 2063 1634 2092 non
1653 2052 1745 2092 lau-

110 2123 268 2172 dabat,
302 2122 454 2161 inesse
488 2121 724 2162 uirtutem.
763 2121 842 2162 Ille
877 2133 1006 2173 uero,
1043 2123 1274 2163 submisse
1309 2124 1613 2174 respondens,
1653 2135 1745 2162 non

107 2194 228 2233 haec
252 2193 430 2244 (inquit)
451 2193 605 2243 modo,
639 2193 720 2232 sed
741 2200 786 2233 et
807 2194 879 2233 his
901 2195 1050 2245 plura,
1076 2194 1235 2234 diuina
1262 2195 1434 2245 gratia,
1465 2206 1537 2234 me
1559 2206 1743 2246 perpes-

107 2276 270 2305 surum
292 2276 444 2315 spero.
480 2263 668 2315 Vixque
691 2276 746 2304 ea
773 2264 971 2315 dixerat,
1006 2278 1061 2305 ac
1089 2265 1439 2305 crudelissimas
1469 2265 1543 2305 ille
1565 2266 1611 2305 in
1639 2278 1746 2305 eum

107 2335 266 2375 iniecit
287 2346 469 2384 manUS,
494 2342 537 2375 et
558 2335 730 2386 pugnis
749 2335 959 2386 grauiter
980 2336 1195 2376 caecidit.
1219 2335 1310 2377 Sed
1331 2348 1385 2375 eo
1411 2337 1485 2376 hic
1508 2337 1664 2377 mitius
1687 2339 1744 2376 le-

105 2407 302 2458 niusque
323 2418 602 2458 responsum
624 2407 839 2458 reddidit,
863 2419 953 2459 quo
975 2408 1050 2448 ille
1071 2409 1223 2459 magis
1244 2408 1291 2448 in
1313 2420 1419 2448 eum
1439 2408 1740 2449 insaeuierat.

105 2477 262 2529 Quare
275 2489 344 2528 ea,
360 2489 452 2529 qua
465 2484 566 2518 erat
583 2479 954 2530 mansuetudine,
976 2479 1281 2531 respondens,
1298 2479 1428 2519 dixit:
1447 2479 1607 2531 quidni
1626 2481 1743 2520 haec

101 2561 187 2601 pro
209 2548 394 2589 Christo
416 2549 655 2589 leuissima
676 2549 845 2600 patiar,
869 2551 947 2601 qui
970 2562 1053 2602 pro
1075 2562 1148 2590 me
1170 2551 1376 2590 maxima
1399 2551 1640 2590 sustinuit?

181 2620 254 2660 Ex
274 2620 346 2659 his
374 2621 512 2671 plane
534 2620 711 2671 paucis,
746 2621 961 2672 quamuis
991 2622 1167 2673 reliqua
1201 2621 1384 2661 silentio
1418 2622 1738 2672 inuolttantur,

100 2692 197 2732 iarn
225 2691 340 2731 satis
371 2692 477 2731 licet
505 2691 765 2742 intelligere
796 2699 997 2743 quantus
1024 2693 1083 2732 sit
1113 2693 1368 2744 spiritualis
1397 2693 1659 2734 animarum
1692 2693 1740 2733 in

99 2763 302 2803 Domino
348 2762 544 2803 fructus.
586 2762 662 2802 Ad
703 2763 979 2814 religionem
1019 2776 1131 2804 uero
1178 2771 1388 2804 nostram
1430 2765 1739 2816 aspirantium

154 2876 161 2894 ⁴
203 2875 331 2902 Nomen
352 2874 477 2901 nostris
499 2873 774 2902 Messanensibus
798 2875 973 2910 impictun
999 2883 1049 2909 eo,
1074 2881 1110 2904 ut
1132 2877 1280 2910 videtur,
1304 2877 1390 2911 quod
1414 2878 1587 2911 templum,
1604 2884 1669 2911 quo
1694 2875 1738 2903 ad

102 2922 294 2950 ministeria
308 2923 506 2956 utebantur,
523 2921 648 2949 Sancto
664 2921 805 2950 Nicolao
821 2930 958 2950 sacrum
973 2928 1057 2951 erat.
