2028 3328
881 118 965 154 AN.
996 117 1088 154 1555
1726 119 1797 156 323

161 217 318 268 guitar
337 217 364 256 l’
389 227 642 268 empressa,
667 214 824 266 perch'
853 213 1051 253 essendo
1082 214 1222 253 tirato
1245 214 1290 252 in
1320 220 1531 254 costume
1562 214 1604 254 d'
1631 216 1794 256 andar'

162 289 270 339 ogn'
295 299 417 328 anno
440 288 470 327 il
491 287 640 338 primo
662 285 707 325 di
728 284 784 324 de
813 284 1077 336 (11131-6511113
1109 284 1316 323 huomini
1339 290 1381 324 6(
1411 284 1562 324 (1011116
1585 287 1628 325 31
1659 293 1794 338 porto

161 359 396 409 ballando,
421 358 630 398 sonando
653 362 697 397 et
718 356 973 406 cantando,
1004 361 1047 395 et
1069 355 1132 395 iui
1160 356 1310 394 anche
1330 355 1402 394 far
1434 356 1574 396 molte
1603 357 1793 397 dissolu-

160 430 277 470 tioni
299 436 343 470 et
364 430 410 470 in
431 431 496 470 tal
517 429 654 469 modo
676 428 881 468 ritornar
903 426 979 466 fin'
1000 427 1090 466 alla
1113 427 1287 476 chiesa,
1312 432 1476 478 questo
1499 439 1620 468 anno
1644 441 1735 469 non
1756 430 1794 469 si

163 505 187 540 6
209 501 341 551 fatto,
367 499 707 551 accorgendosi
734 498 922 538 alchuni
951 498 1071 538 della
1102 497 1222 537 festa
1244 497 1329 538 che
1356 498 1419 548 gli
1446 499 1693 539 voleuamo
1725 500 1797 540 far

162 573 305 613 molto
327 571 552 612 dissimile
574 571 662 610 alla
685 581 783 610 sua.
808 569 875 609 La
898 569 1021 621 qual'
1045 580 1127 608 era
1149 569 1194 609 di
1216 574 1379 620 questo
1403 569 1555 619 modo,
1580 570 1665 610 che
1687 583 1794 622 qua-

162 650 234 684 tro
257 643 302 683 di
323 644 473 683 nostri
494 642 629 694 padri
650 648 694 682 et
712 640 884 681 fratelli
904 640 982 691 gia
1012 642 1141 680 eran’
1175 641 1219 680 al
1240 647 1399 692 porto,
1425 640 1533 681 duoi
1561 641 1607 681 in
1638 653 1796 682 mezza

159 713 337 764 strada,
357 714 435 754 dui
452 714 496 753 al
512 712 757 765 principio,
780 718 824 752 et
845 717 1006 751 nostro
1027 711 1356 762 predichatore
1373 723 1462 751 con
1479 714 1556 751 vn'
1582 713 1701 752 altro
1720 725 1795 764 ap-

162 796 325 837 presso
341 786 385 824 13
398 784 580 836 13136613
598 784 671 824 (161
686 783 892 833 Borgho,
909 794 990 833 per
1007 782 1267 832 receuergli
1288 794 1376 822 con
1393 783 1630 833 prediche,
1650 782 1798 823 ribaffi

162 861 207 896 6(
229 855 545 906 6550113110111;
569 854 688 895 011(16
711 855 875 894 31611116
906 853 1080 898 (1011116,
1104 853 1144 893 16
1166 853 1291 904 quali
1312 853 1391 904 gia
1421 855 1548 893 eran’
1577 855 1722 895 vscite
1752 855 1799 894 di

163 938 290 978 casa,
314 926 465 966 subito
494 927 578 966 che
601 926 839 966 vedettero
871 923 931 964 M.
963 923 1149 965 Giouan
1176 923 1389 964 Lorenzo
1421 924 1536 965 farsi
1563 926 1795 975 incontro,

162 1009 212 1038 se
234 996 467 1037 retirorno
490 996 536 1036 in
564 1007 698 1046 casa,
729 995 926 1036 dicendo
955 1007 1050 1035 non
1071 996 1236 1035 vuoler
1263 1007 1290 1035 a
1317 1001 1481 1047 questo
1504 996 1642 1036 modo
1670 1009 1798 1038 esser

163 1067 394 1118 ribaffate3
417 1074 461 1107 6(
483 1070 581 1107 cosi
600 1074 730 1107 tanto
752 1066 1031 1107 scandalosa
1058 1066 1361 1106 dissolutione
1382 1066 1431 1106 fu
1460 1079 1543 1118 per
1563 1068 1717 1118 gratia
1740 1069 1796 1109 de

163 1145 325 1180 nostro
348 1138 545 1189 Signore
567 1138 802 1190 impedita.

243 1211 295 1251 L'
337 1210 633 1261 occupationi
673 1209 931 1261 spirituali,
972 1209 1175 1249 maxime
1214 1210 1333 1249 nelle
1373 1209 1678 1261 confessioni,
1715 1222 1798 1261 per

163 1281 319 1334 gratia
342 1281 383 1321 d’
416 1280 546 1321 Iddio
575 1293 669 1321 non
697 1292 949 1331 mancano,
975 1280 1078 1320 anzi
1109 1286 1240 1320 tanto
1261 1280 1339 1332 piu
1360 1292 1518 1321 vanno
1541 1281 1798 1322 crescendo

163 1361 340 1405 quanto
361 1352 441 1404 piu
462 1364 621 1392 cresce
642 1352 673 1392 il
695 1363 922 1392 concorso
944 1351 989 1392 di
1017 1352 1254 1403 peregrini
1280 1358 1325 1392 6(
1346 1358 1521 1404 quanto
1543 1353 1622 1404 piu
1648 1353 1797 1394 siamo

164 1423 501 1476 cognosciutti‚
526 1423 724 1464 essendo
746 1423 895 1463 anche
922 1422 1008 1463 che
1028 1423 1235 1474 potiamo
1258 1423 1474 1464 sodisfar’
1501 1424 1579 1464 alli
1599 1424 1795 1474 italiam,

163 1495 385 1545 francesi,
409 1495 675 1547 spagnuoli,
697 1494 971 1546 flamenghi,
1000 1494 1224 1545 tedeschi,
1255 1495 1341 1535 che
1375 1495 1434 1535 da
1462 1506 1583 1546 gran
1614 1496 1796 1547 agiutto

165 1580 192 1608 a
227 1573 392 1620 questa
427 1573 591 1607 sancta
627 1578 739 1607 casa
766 1572 810 1607 6(
837 1566 1159 1607 consolatione
1189 1578 1216 1606 a
1246 1567 1499 1619 peregrini.
1531 1567 1663 1608 Molti
1691 1580 1795 1608 con-

164 1650 369 1679 corrono
396 1636 513 1678 delle
541 1643 665 1678 terre
692 1637 1029 1689 circonuicine‚
1058 1637 1315 1689 Recanata,
1352 1638 1609 1690 Macerata,
1639 1638 1798 1680 Monte

164 1710 289 1761 fano,
318 1709 476 1750 Monte
507 1707 666 1759 Santo,
699 1708 855 1749 Castel
887 1707 1139 1757 Fichard0‚
1176 1714 1283 1760 etc.,
1316 1721 1399 1761 per
1426 1710 1711 1751 confessarsi
1738 1711 1797 1751 da

163 1781 290 1832 nuoi,
328 1792 422 1821 non
456 1780 700 1821 volendosi
728 1779 968 1820 confessar
995 1779 1102 1826 dall'
1133 1781 1261 1830 altri,
1284 1781 1465 1822 benche
1486 1781 1797 1823 confessiamo

163 1853 212 1893 in
244 1863 339 1892 vno
375 1851 630 1892 medesimo
664 1851 832 1892 luocho
868 1852 953 1892 che
987 1852 1110 1901 lor0,
1148 1863 1224 1892 ma
1258 1852 1339 1903 piu
1376 1858 1533 1904 presto
1576 1854 1796 1904 vogliono

166 1929 405 1976 3513611316
434 1923 578 1963 1110110
607 1921 742 1962 tardo
770 1934 796 1962 o
823 1921 1029 1963 ritornar
1050 1934 1139 1963 con
1168 1934 1254 1963 suo
1276 1923 1432 1964 danno
1459 1935 1600 1964 senza
1622 1924 1800 1965 confes-

163 1995 312 2045 sione,
351 1994 436 2034 che
470 2005 565 2034 non
599 1993 775 2045 godere
801 1994 846 2034 13
872 1994 1114 2046 spirituale
1141 1993 1463 2035 sodisfattione
1492 1996 1564 2036 ch’
1595 2008 1799 2048 sperano

163 2066 276 2106 dalli
314 2065 478 2106 nostri.
522 2063 653 2105 Onde
692 2064 840 2105 siamo
880 2065 968 2105 3116
1007 2065 1134 2106 volte
1179 2065 1373 2106 sforzati
1416 2067 1639 2118 privarne
1677 2066 1799 2108 della

164 2137 381 2178 dolcessa
403 2136 524 2177 (16113
543 2147 699 2176 1116553
720 2142 765 2176 et
785 2135 919 2176 solite
941 2136 1143 2176 orationi
1164 2143 1208 2177 et
1230 2137 1380 2177 anche
1401 2146 1554 2178 restas
1580 2139 1692 2179 nuoi
1712 2140 1798 2180 soli

164 2208 211 2248 in
233 2207 411 2259 chiesa,
435 2206 748 2248 confessando
770 2212 949 2247 mentre
971 2207 1057 2248 che
1085 2207 1415 2248 doueressemo
1438 2208 1641 2261 disnare,
1675 2221 1701 2250 o
1731 2222 1798 2251 65-

164 2290 267 2320 5616
293 2279 338 2319 13
365 2283 495 2319 110116
522 2278 581 2318 (13
611 2277 699 2318 due
727 2289 754 2318 o
782 2283 852 2318 tre
882 2278 997 2318 hore
1031 2278 1248 2319 ritornati
1283 2278 1331 2319 in
1366 2290 1493 2331 casa,
1530 2292 1625 2321 non
1660 2293 1801 2321 senza

162 2361 301 2402 pur...
328 2349 337 2369 ¹
361 2349 512 2391 anche
532 2355 696 2390 nostra
716 2349 896 2400 grande
914 2350 1255 2400 consolatione,
1273 2349 1487 2391 vedendo
1504 2351 1535 2391 il
1550 2351 1694 2392 frutto
1713 2353 1802 2394 che

163 2433 221 2462 ne
243 2432 362 2462 caua
382 2426 545 2462 nostro
567 2419 781 2472 Signore.
806 2420 939 2461 Molti
959 2420 1145 2462 sfratati
1167 2421 1206 2461 si
1227 2432 1376 2462 sonno
1397 2422 1595 2474 disposti
1617 2436 1643 2464 a
1666 2424 1803 2465 ritor-

162 2494 264 2533 narv'
289 2493 380 2532 alla
401 2492 554 2544 prima
574 2492 840 2543 vocatione,
864 2492 994 2533 molti
1023 2492 1276 2544 imperfetti
1302 2504 1330 2533 a
1360 2493 1533 2545 pigliar
1559 2495 1604 2536 13
1633 2496 1803 2546 perfet-

160 2564 304 2615 tione,
326 2563 458 2604 molti
476 2562 649 2615 grandi
668 2563 908 2615 peccatori
926 2575 953 2603 a
969 2569 1125 2604 mutar
1140 2564 1185 2604 13
1200 2563 1315 2615 vita,
1333 2565 1466 2605 molti
1483 2566 1525 2606 d’
1547 2567 1659 2618 ogni
1675 2573 1804 2609 sorte

164 2647 192 2676 a
211 2634 285 2675 far
318 2634 614 2675 confessione
641 2634 862 2685 generale
890 2633 937 2675 di
964 2635 1067 2675 suoi
1096 2635 1300 2687 peccati;
1330 2636 1371 2676 si
1397 2637 1632 2688 qualcuno
1660 2640 1805 2680 molto

163 2706 384 2746 tribulato
405 2712 450 2746 et
470 2706 692 2746 intricato
714 2705 754 2746 si
774 2705 954 2746 ritroua
976 2704 1251 2747 domandar'
1276 2707 1518 2750 confessor
1540 2720 1622 2761 per
1655 2710 1805 2751 sodis-

162 2777 294 2827 farsi,
319 2789 345 2817 a
368 2778 480 2818 nuoi
500 2777 544 2817 10
567 2776 820 2827 mandano;
844 2783 888 2817 et
916 2779 1015 2817 cosi
1043 2777 1195 2818 ancho
1222 2778 1365 2820 fanno
1394 2790 1559 2832 spesso
1586 2782 1649 2832 gl’
1680 2782 1807 2823 hosti

221 2937 231 2957 ¹
270 2937 407 2965 Attrita
422 2937 558 2972 charta,
574 2938 714 2964 verbum
732 2937 795 2964 hoc
812 2937 878 2972 legi
895 2943 960 2965 non
976 2941 1101 2973 potest.
