2028 3328
204 135 275 172 254
727 137 948 174 LITTERAE
967 148 1326 180 QUADRIMESTRES

202 245 433 284 germano
454 233 479 283 ¹,
503 246 686 285 semper
707 235 1007 285 subticuerat‚
1031 247 1124 274 non
1145 241 1395 286 propterea
1416 241 1572 275 tamen
1594 236 1842 278 abstinens-

203 317 231 345 a
253 316 392 344 sacra
414 306 756 356 communione,
780 306 968 346 tandem
991 307 1070 346 vni
1104 312 1314 345 nostrum
1352 306 1696 347 confessionem
1714 309 1836 349 debi-

203 383 300 416 tam
321 376 445 427 fecit,
466 383 510 416 et
528 377 586 416 ad
609 377 755 417 vitam
778 377 1068 428 spiritualem
1091 377 1294 416 anhelat.

283 447 507 488 Omittam
528 448 845 488 restitutiones
863 461 889 487 a
906 447 1248 499 poenitentibus
1269 447 1436 497 factas,
1457 460 1512 488 ac
1535 450 1831 501 concordias,

199 525 245 559 et
266 519 493 570 pecuniae
514 531 605 559 non
628 531 824 570 paruam
846 519 1155 570 quantitatem
1176 518 1222 557 in
1244 530 1356 558 Vsus
1378 530 1637 570 pauperum
1668 532 1832 571 croga-

198 596 310 630 tam.
335 590 438 631 Non
460 591 704 630 defuerunt
726 592 867 630 etiam
890 601 1024 640 quae,
1049 602 1072 628 e
1095 601 1241 629 coeno
1262 589 1464 630 libidinis
1486 603 1697 631 emersae
1722 592 1748 642 ²,
1774 593 1832 633 ad

198 662 535 702 monasterium
552 662 602 702 B.
623 662 947 711 Magdalenae,
968 662 1110 711 vulgo
1129 672 1480 711 conuersarurn,
1502 664 1827 713 conuolarunt,

196 733 316 773 duae
339 739 417 772 aut
439 739 549 773 tres:
573 733 692 772 aliae
714 733 889 783 aliquot
911 733 1169 771 collocatae
1191 731 1314 783 apud
1333 732 1553 772 honestas
1571 740 1828 785 matronas3

198 816 290 844 vna
313 816 339 843 a
361 804 563 855 quodam
584 804 749 843 iuuene
770 804 951 853 vitiata,
971 803 1136 853 eidem,
1157 815 1300 854 opera
1323 803 1567 844 cuiusdam
1587 804 1741 845 Patris
1755 818 1831 846 no-

195 876 295 924 stri,
316 876 472 915 iuncta
491 882 560 915 est
581 875 893 915 matrimonio.

277 946 477 997 Quidam
498 946 735 994 sacerdos,
755 957 969 985 sermone
983 945 1225 985 cuiusdam
1244 958 1302 985 ex
1314 946 1488 986 nostris
1501 954 1824 998 compunctus,

194 1018 353 1058 statim
382 1017 581 1058 accessit
615 1016 673 1056 ad
708 1016 1065 1066 confessionem,
1099 1025 1143 1056 et
1172 1017 1474 1068 sacrilegium
1509 1024 1552 1057 et
1580 1018 1824 1067 incestum,

191 1101 297 1129 cum
319 1089 498 1129 duabus
519 1089 701 1128 filiabus
722 1088 1040 1139 spiritualibus
1058 1088 1135 1128 diu
1153 1088 1491 1139 continuatum,
1512 1089 1652 1140 serio,
1679 1096 1727 1129 vt
1750 1102 1824 1142 ap-

189 1166 337 1211 paret,
363 1160 582 1200 deseruit.
608 1159 851 1210 Quaedam
872 1171 1069 1211 quoque,
1096 1171 1214 1211 quae
1236 1161 1489 1200 carnaliter
1511 1172 1560 1200 se
1581 1173 1608 1200 a
1640 1161 1826 1201 daemo-

188 1243 247 1272 ne
270 1232 496 1282 cognosci
526 1231 715 1282 saepius
749 1231 1042 1282 permiserat,
1081 1231 1219 1270 modo
1250 1231 1398 1271 vitam
1429 1238 1610 1271 castam
1644 1232 1757 1282 agit,
1781 1240 1826 1272 et

189 1303 432 1343 daemonis
452 1302 749 1352 tentationes,
773 1301 927 1342 Patris
949 1302 1193 1342 cuiusdam
1215 1302 1426 1352 consilio,
1451 1308 1640 1343 strenue
1665 1304 1820 1343 vincit=

268 1374 517 1414 Inuisimus
537 1386 722 1425 quoque
743 1374 993 1425 hospitalia
1015 1380 1059 1413 et
1080 1385 1197 1425 pene
1220 1374 1426 1414 omnium
1455 1374 1517 1414 ibi
1548 1375 1821 1415 decumben-

188 1445 301 1485 tium
325 1445 645 1484 confessiones
668 1444 945 1484 audiuimus.
977 1444 1340 1484 Procurauimus
1370 1457 1553 1496 quoque
1581 1447 1704 1497 apud
1732 1446 1821 1487 Gu-

184 1516 484 1556 bernatorem
514 1515 528 1534 ³
563 1516 701 1556 huius
733 1516 937 1556 ciuitatis
972 1524 1023 1556 vt
1057 1522 1358 1566 statueretur,
1395 1528 1452 1556 ne
1488 1516 1708 1568 deinceps
1738 1519 1822 1558 Vlli

185 1587 370 1638 aegroti
404 1587 450 1627 in
486 1587 623 1627 dictis
654 1587 965 1638 hospitalibus
1001 1587 1344 1638 reciperentur,
1381 1587 1470 1627 nisi
1500 1588 1630 1639 prius
1664 1596 1820 1630 essent

183 1657 400 1698 confessi:
424 1659 634 1698 nonnulli
655 1659 778 1698 enim
795 1658 857 1698 ibi
878 1658 1232 1708 decumbebant,
1257 1658 1335 1710 qui
1352 1670 1379 1698 a
1396 1659 1552 1698 multis
1572 1659 1708 1700 annis
1724 1671 1820 1700 non

182 1735 317 1769 erant
339 1729 555 1779 confessi,
579 1730 672 1769 imo
694 1730 835 1769 etiam
857 1729 935 1781 qui
967 1729 1216 1777 (haeresim
1250 1729 1411 1769 forsan
1445 1730 1696 1780 sapientes)
1731 1733 1818 1771 soli

180 1799 282 1840 Deo
304 1812 353 1840 se
375 1800 590 1841 confiteri
612 1802 728 1840 velle
749 1801 1123 1852 pronuntiarent.

260 1871 310 1912 In
333 1884 524 1912 carcere
547 1872 828 1912 constrictos
851 1872 1032 1923 aliquos
1054 1883 1236 1923 quoque
1258 1871 1520 1922 inuisimus,
1556 1878 1601 1912 et
1635 1884 1817 1913 eorum-

177 1942 283 1984 dem
304 1943 624 1984 confessiones
642 1943 921 1993 audiuimus3
945 1954 1040 1982 non
1061 1949 1219 1983 tamen
1240 1943 1369 1983 licuit
1392 1943 1524 1983 nobis
1543 1955 1815 1985 communes

176 2020 221 2054 et
258 2015 538 2066 praecipuos
575 2026 792 2054 carceres
828 2014 1026 2064 ingredi,
1064 2014 1171 2054 licet
1210 2014 1256 2054 id
1290 2014 1519 2054 instanter
1550 2017 1814 2066 postulaue-

175 2086 337 2126 rimus.

255 2156 419 2197 Adfuit
440 2169 624 2209 quoque
650 2156 699 2196 Ρ.
735 2163 896 2196 noster
923 2155 1048 2207 Mag.
1081 2156 1329 2207 Quintinus
1357 2157 1593 2197 haeretico
1627 2159 1816 2199 cuidam

173 2227 548 2278 peruersissimo,
572 2234 834 2267 extremum
854 2227 1132 2279 supplicium
1152 2228 1361 2278 patienti,
1387 2228 1464 2279 qui
1486 2240 1628 2269 ausus
1656 2230 1813 2270 fuerat

170 2299 274 2350 ipso
295 2299 414 2339 festo
431 2298 702 2340 Natiuitatis
719 2299 933 2350 proxime
950 2298 1124 2350 elapso,
1145 2299 1191 2339 in
1213 2310 1394 2339 summo
1411 2300 1598 2351 templo,
1619 2301 1666 2341 in
1688 2313 1810 2342 sum·

170 2381 248 2410 ma
269 2370 426 2420 missa,
451 2377 698 2421 praesente
719 2376 814 2410 toto
836 2371 1023 2421 populo,
1062 2382 1086 2409 e
1106 2370 1321 2410 manibus
1342 2370 1616 2421 sacerdotis,
1642 2383 1804 2412 conse-

170 2448 354 2480 cratam
374 2441 577 2481 hostiam
598 2442 772 2492 populo
802 2441 1094 2481 adorandam
1122 2441 1365 2491 eleuantis,
1398 2442 1446 2482 vi
1478 2442 1672 2493 eripere,
1696 2449 1741 2482 et
1761 2443 1810 2483 in

168 2516 345 2551 terram
364 2511 609 2562 proiicere,
634 2523 690 2551 ac
711 2511 905 2563 pedibus
927 2512 1205 2552 conculcare
1227 2510 1255 2552 ⁴:
1280 2512 1401 2562 huic,
1426 2512 1632 2564 inquam,
1659 2513 1808 2554 adfuit

166 2581 307 2621 Pater
329 2589 487 2622 noster
508 2582 752 2633 aliquoties
773 2582 820 2622 in
841 2594 1046 2634 carcere,
1080 2588 1124 2622 et
1158 2583 1456 2634 postmodum
1486 2595 1592 2624 cum
1624 2595 1807 2635 poenas

228 2768 233 2784 ¹
275 2765 411 2793 crimen
428 2765 627 2800 nefandum
643 2766 772 2793 incesti
786 2770 929 2801 semper
943 2767 1176 2794 subticuerat.
1193 2767 1373 2794 Polaticus.

222 2814 236 2832 Ξ
274 2814 512 2846 emergentes.
529 2812 581 2839 Id.

220 2861 234 2880 5
272 2860 304 2887 Is
320 2863 395 2887 erat
419 2859 615 2886 Florentius
636 2860 676 2886 de
698 2859 967 2897 Montmorcncy,
988 2869 1101 2889 comes
1123 2862 1162 2888 de
1183 2861 1371 2897 Montigny.
1388 2861 1584 2896 DELPLACE,
1600 2862 1650 2890 Le
1664 2863 1804 2891 Protes-

168 2909 343 2935 tantz'sme
359 2908 392 2934 ct
406 2907 441 2933 la
459 2906 674 2941 Compagnz‘e
690 2908 732 2934 de
746 2907 854 2942 Je‘sus
869 2909 889 2935 α’
910 2909 1067 2936 Τοιινηαι·
1081 2916 1127 2936 au
1142 2908 1243 2936 XVI-2
1259 2909 1378 2941 siecle,
1390 2917 1471 2943 pag.
1489 2910 1532 2937 19.

218 2957 234 2976 4
270 2956 358 2983 Vide
375 2954 607 2988 DELP1,ACE,I.
624 2961 669 2988 c.,
683 2962 764 2989 pag.
786 2956 831 2982 13.
