2028 3328
838 121 922 158 ΑΝ.
953 121 1043 158 1555
1687 119 1755 157 321

117 228 281 274 *tempo
312 223 396 262 far’
429 222 460 262 il
486 221 634 262 simile
661 225 705 260 et
735 224 866 258 tanta
888 218 1142 258 mutatione
1168 217 1215 257 in
1244 229 1307 257 vn
1335 217 1520 269 populo,
1545 218 1664 257 com’
1689 217 1755 257 iui

126 294 278 334 hauea
298 293 415 333 fatto
437 297 597 332 nostro
618 290 816 341 Signore
837 300 920 340 per
941 300 1098 328 mezzo
1120 288 1166 328 di
1187 288 1335 328 nostri
1356 287 1510 328 Padri.

206 363 350 404 Pochi
384 363 539 415 giorni
572 362 724 413 doppo
757 371 885 400 esser
914 359 1130 399 ritornati
1165 358 1211 399 di
1244 358 1402 398 Monte
1432 358 1578 409 Fano,
1614 358 1753 399 furno

118 436 336 476 mandati
357 435 468 475 detti
491 434 600 475 duoi
620 432 760 473 Padri
781 431 840 471 ad
860 431 1084 471 instantia
1106 430 1178 470 del
1206 430 1414 470 Piouano
1444 436 1489 470 et
1518 430 1637 470 altre
1658 442 1763 482 per-

129 519 241 547 sone
263 507 305 546 d'
330 506 552 547 auttorita
572 504 645 545 del
665 502 1014 552 Castelficardo‚
1038 513 1122 553 per
1139 501 1451 541 annuntiarue
1474 502 1581 552 quel
1609 501 1760 541 mede-

116 578 247 618 ·simo
268 577 484 629 giubileo;
508 577 626 617 doue
647 581 818 615 stetero
835 573 955 614 dieci
988 573 1143 624 giorni
1163 583 1248 624 per
1267 573 1313 612 la
1342 572 1507 623 grand'
1538 572 1761 613 instantia

132 650 218 689 che
238 648 338 688 fece
359 648 464 700 quel
486 647 670 700 popolo,
695 644 1029 686 mandandomi
1055 655 1208 684 messo
1237 655 1264 683 a
1298 649 1435 694 posta
1468 654 1551 694 per
1578 644 1764 695 prolon-

134 721 235 771 gar'
259 719 290 759 11
310 719 508 759 termino
529 717 652 758 dato.
676 717 712 758 Il
730 716 873 757 frutto
890 715 975 756 che
991 714 1193 767 prodose
1208 720 1370 755 nostro
1391 713 1591 765 Signore
1618 713 1669 755 fu
1684 715 1764 766 piu

126 790 315 842 ‘grande
336 790 408 830 ch’
432 790 480 830 in
499 789 658 830 Monte
678 787 823 838 Fano,
843 798 925 839 per
947 787 1033 827 che
1054 787 1098 827 13
1120 792 1248 827 terra
1266 790 1291 826 e
1311 786 1391 838 piu
1405 785 1601 837 grande,
1622 792 1667 826 et
1684 798 1765 828 era

137 862 215 912 piu
236 861 543 912 trauagliata3
567 859 697 900 molti
718 857 1038 899 concubinarii
1064 857 1237 910 publici
1257 857 1471 898 lassorno
1488 868 1571 898 sue
1599 869 1766 898 concu-

136 933 242 972 bine
264 932 466 972 secondo
488 930 514 971 l’
537 930 697 972 ordine
713 929 893 981 datogli
913 928 1024 970 (13111
1045 928 1200 979 Padri;
1224 928 1263 968 si
1283 928 1440 969 fecero
1474 929 1615 969 molte
1636 929 1768 969 resti-

126 1003 317 1053 tutioni,
342 1009 386 1043 et
411 1003 531 1043 oltra
551 1014 645 1042 non
665 1001 814 1054 poche
842 999 1213 1041 reconciliationi
1239 1005 1313 1040 tra
1334 1000 1505 1051 moglie
1532 1005 1576 1040 et
1597 1000 1768 1051 mariti,

126 1081 184 1115 -et
205 1074 404 1126 parenti,
428 1074 620 1114 insieme
643 1073 681 1113 si
701 1071 855 1112 fecero
877 1071 1044 1122 cinque
1062 1071 1168 1122 paci
1193 1071 1240 1111 di
1266 1070 1433 1122 grand'
1459 1071 1768 1122 importanza,

141 1146 258 1186 delle
279 1145 405 1197 quali
426 1144 835 1196 particolarmente
855 1143 882 1182 l’
908 1154 997 1182 una
1021 1145 1045 1182 e
1076 1140 1229 1192 degna
1251 1142 1293 1182 d’
1326 1153 1481 1182 essere
1503 1142 1771 1182 manifesta-

142 1223 205 1258 ta.
224 1216 351 1257 Eran
373 1216 482 1257 duoi
501 1214 874 1267 gentilhuomini,
919 1213 1056 1265 primi
1077 1214 1196 1253 della
1219 1220 1359 1263 terra,
1389 1214 1560 1254 nemici
1589 1214 1775 1254 mortali

128 1288 201 1329 ¹da
222 1288 343 1329 dieci
363 1287 487 1338 anni,
511 1287 576 1338 gli
597 1286 723 1338 quali
743 1285 836 1326 mai
851 1296 945 1325 non
962 1285 1000 1325 si
1017 1290 1290 1336 puotessero
1308 1284 1558 1336 pacificare
1580 1285 1775 1336 (benche

145 1360 289 1401 molte
310 1370 508 1411 persone
543 1357 585 1398 d’
617 1357 841 1397 auttorita
875 1368 923 1396 se
957 1355 1138 1396 fossero
1174 1367 1257 1407 per
1278 1357 1343 1396 tal
1369 1355 1524 1396 effetto
1555 1356 1775 1408 sforzate)

142 1431 217 1472 fin’
240 1431 315 1470 all’
340 1429 458 1470 hora
479 1429 636 1469 elletta
651 1427 693 1467 d'
717 1427 845 1468 iddio
863 1427 1179 1479 omnipotente
1206 1438 1288 1478 per
1311 1428 1352 1467 13
1385 1439 1631 1468 commune
1665 1428 1773 1468 3116-

131 1513 313 1554 vgrezza
335 1501 391 1541 de
413 1506 534 1541 tutta
554 1501 600 1540 la
620 1499 905 1540 communita
939 1505 982 1539 et
1011 1498 1229 1550 maggior
1250 1498 1627 1539 manifestatione
1653 1499 1775 1540 della

144 1572 438 1625 Compagnia
455 1572 502 1612 in
519 1576 680 1623 queste
700 1569 867 1611 bande.
890 1569 1100 1610 Essendo
1124 1570 1337 1611 adunche
1358 1572 1458 1611 loro
1475 1570 1674 1622 disposti
1693 1582 1777 1623 per

143 1646 189 1686 la
211 1643 505 1685 confessione
525 1643 641 1683 satta
663 1654 690 1682 a
711 1641 824 1682 detti
843 1641 977 1693 padri
1012 1647 1056 1681 et
1086 1641 1445 1693 predichationi,
1483 1654 1533 1682 se
1564 1643 1780 1683 lassorno

135 1727 337 1757 menare
357 1715 415 1755 (13
436 1715 537 1754 loro
558 1714 650 1754 alla
677 1713 850 1763 chiesa,
881 1712 1193 1763 seguitandoli
1220 1713 1265 1753 la
1300 1713 1518 1764 maggior
1551 1718 1685 1764 parte
1706 1713 1781 1754 del

147 1787 341 1840 popolo;
366 1786 485 1826 doue
504 1784 621 1825 satta
643 1784 854 1824 oratione
881 1790 925 1824 et
953 1783 1173 1824 inuocato
1202 1784 1232 1823 il
1260 1782 1416 1835 Spirto
1445 1783 1606 1834 Samo,
1644 1796 1778 1825 corne

139 1860 267 1900 ‘nelle
288 1858 405 1898 altre
427 1855 533 1908 paci
553 1856 588 1896 s’
613 1866 695 1895 era
715 1854 845 1906 fatto,
870 1855 1215 1906 essortandogli
1237 1855 1262 1894 l'
1283 1867 1374 1896 uno
1397 1855 1444 1896 di
1466 1855 1600 1907 padri
1621 1855 1667 1896 di
1687 1868 1781 1896 me-

147 1931 230 1971 ter'
251 1930 340 1971 fine
368 1941 394 1969 a
421 1933 551 1969 tanto
576 1926 827 1979 pernitiose
854 1926 1088 1967 nemicitie
1111 1938 1206 1977 sue,
1232 1927 1555 1967 domandorno
1577 1927 1782 1980 publica-

146 2007 303 2043 mente
336 2001 365 2041 l'
403 2011 493 2040 uno
528 1999 602 2039 all’
641 1999 759 2039 altro
796 1998 1122 2050 perdonanza,
1164 1998 1585 2050 ingenochiandosi
1619 2000 1647 2039 l'
1688 2011 1784 2040 uno

150 2072 311 2114 auanti
329 2072 358 2112 l'
383 2071 517 2121 altro,
541 2076 586 2110 et
606 2069 1028 2110 abbracchiandosi
1049 2070 1243 2110 insieme
1266 2081 1356 2110 con
1378 2070 1782 2111 amoreuolissime

151 2145 312 2197 parole
334 2149 380 2184 et
399 2141 638 2183 lietissime
672 2141 884 2192 lagrime,
921 2140 1193 2192 giubilando
1229 2147 1273 2181 et
1308 2141 1577 2193 piangendo
1599 2141 1642 2182 d‘
1676 2142 1782 2183 alle-

151 2227 321 2267 grczza
341 2214 445 2255 tutt’
470 2213 500 2253 11
521 2223 766 2263 concorso,
790 2212 895 2253 anzi
915 2218 1035 2253 tutta
1063 2213 1106 2252 13
1134 2218 1276 2263 terra,
1302 2212 1463 2253 auanti
1489 2224 1572 2264 per
1593 2213 1785 2265 caggio-

153 2299 211 2328 ne
233 2287 279 2327 di
299 2291 486 2327 costoro
521 2283 670 2324 diuisa
703 2282 752 2323 in
772 2282 891 2323 duoe
925 2290 1074 2334 parte.
1112 2283 1296 2324 Adesso
1331 2289 1463 2324 tanto
1499 2283 1652 2336 questi
1673 2284 1784 2326 duoi

155 2357 189 2399 s'
210 2367 378 2398 amano
399 2354 593 2396 insieme
614 2353 701 2395 che
727 2353 861 2405 quasi
888 2365 984 2394 non
1016 2365 1205 2406 puonno
1229 2354 1468 2406 separarsi
1500 2353 1528 2394 l‘
1561 2366 1655 2396 vno
1685 2356 1776 2396 dell

146 2430 292 2469 altro.
316 2426 404 2468 Del
425 2430 544 2466 tutto
561 2424 630 2465 sia
650 2424 932 2476 ringratiato
953 2431 1116 2465 nostro
1139 2424 1356 2476 Signore.

237 2499 314 2540 Gli
339 2504 409 2539 tre
441 2496 592 2537 Vltimi
623 2495 780 2547 giorni
808 2496 1126 2537 mandassimo
1156 2495 1218 2537 M.
1255 2495 1444 2537 Giouan
1478 2496 1788 2550 Mortaignes,

157 2569 317 2623 perch'
340 2566 591 2610 intendeua
612 2567 718 2618 quel
736 2567 920 2619 popolo,
943 2567 976 2608 il
995 2568 1117 2620 qual'
1142 2571 1167 2608 e
1196 2579 1283 2619 pur
1312 2567 1509 2620 grande,
1542 2581 1638 2610 non
1657 2570 1791 2610 voler

147 2639 443 2683 confessarsi
464 2638 549 2678 che
570 2637 681 2678 (13111
702 2638 866 2690 nostri;
889 2638 1008 2679 onde
1027 2639 1076 2679 fu
1098 2639 1241 2679 molto
1263 2650 1291 2678 a
1313 2640 1554 2691 proposito
1572 2640 1618 2681 di
1639 2642 1794 2693 quella

160 2719 302 2763 terra3
325 2711 364 2752 si
386 2709 718 2751 comunicorno
750 2709 878 2750 circa
910 2708 990 2750 900
1019 2710 1172 2750 anime
1199 2709 1307 2750 delli
1334 2710 1481 2751 nostri
1507 2710 1664 2764 Padri,
1690 2718 1734 2753 et
1754 2713 1797 2754 51

151 2785 286 2825 'lasso
306 2783 386 2835 piu
405 2786 540 2833 parte
569 2779 660 2820 dell
679 2781 851 2832 populo
873 2780 1082 2832 disposto
1105 2793 1132 2820 a
1161 2780 1476 2822 comunicarsi
1510 2782 1622 2834 ogni
1642 2783 1799 2836 prima·

154 2853 442 2896 -domenicha
463 2851 536 2892 del
556 2863 696 2891 mese.
721 2850 795 2892 Gli
816 2851 891 2891 dia
913 2851 1084 2892 Nostro
1106 2851 1306 2903 Signore
1328 2863 1412 2903 per
1432 2854 1798 2896 sua-misericor-

156 2926 242 2967 dia
262 2921 628 2977 perseuerantia.
652 2921 687 2962 Il
716 2922 803 2962 che
823 2922 903 2973 gia
922 2934 1036 2974 pare
1061 2923 1100 2962 si
1122 2922 1263 2973 degni
1283 2923 1397 2974 fare,
1420 2924 1593 2975 perche
1610 2926 1664 2965 'al'
1680 2926 1803 2978 prin-

311 3001 359 3035 T.
391 3011 449 3034 ιιι.
1638 3013 1676 3036 21
