2028 3328
274 192 348 229 572
799 197 1020 234 LITTERAE
1039 208 1397 240 QUADRIMESTRES

276 296 527 341 mercator,
553 292 847 344 hispalensis,
873 294 1049 345 ingenii
1070 295 1307 334 docilitate
1330 294 1585 345 praeditus,
1617 307 1665 334 se
1687 294 1909 338 Societati

274 359 470 412 addixit,
497 368 542 402 et
563 374 736 414 magno
766 376 873 405 cum
900 366 1212 405 emolumento
1244 365 1467 404 exercitia
1490 366 1616 405 facit.
1650 366 1744 406 Alii
1767 368 1908 408 etiam

274 430 366 471 duo
388 440 680 485 exercentur,
705 435 845 475 herus
868 442 1006 488 atque
1027 435 1243 476 famulus:
1267 436 1408 475 herus
1429 437 1615 487 quidem
1637 443 1706 477 est
1724 438 1907 479 iuuenis

273 507 318 541 et
340 502 470 543 diues
492 505 622 555 satis,
648 507 818 558 quique
840 507 999 547 mundi
1020 508 1284 546 vanitatum
1307 514 1351 546 et
1372 508 1524 547 cultus
1545 508 1674 547 nimii
1696 514 1740 548 et
1760 509 1905 549 famu-

272 573 423 614 lorum
445 576 692 616 comitatus
723 578 978 618 insectator
1005 578 1175 618 nimius
1205 584 1344 629 atque
1367 579 1518 618 cultor
1546 579 1787 629 extiterat;
1823 581 1905 620 sed

270 649 367 683 tam
398 645 667 687 indifferens
698 649 757 688 ad
783 649 1008 688 sumenda
1040 648 1264 689 exercitia
1283 649 1426 698 Venit,
1451 655 1502 689 vt
1530 649 1715 690 omissis
1736 649 1900 700 fratre,

272 726 448 765 sorore,
473 717 646 759 famulo
668 719 714 759 in
736 720 851 759 toris
874 731 986 770 prae
1009 719 1303 770 aegritudine
1325 720 1598 770 iacentibus,
1620 721 1678 761 ad
1695 733 1781 761 nos
1798 733 1903 762 con-

267 788 481 838 cesserit,
505 801 761 840 persuasus
784 791 970 842 quidem
993 791 1235 831 cuiusdam
1254 790 1408 830 Patris
1429 791 1600 841 uerbis,
1622 792 1699 843 qui
1720 792 1763 832 ei
1779 792 1904 832 dixe-

269 863 344 897 rat
379 859 638 899 absentiam
675 873 701 900 a
737 861 963 912 religione
998 874 1079 913 per
1110 862 1300 902 unicam
1329 862 1451 902 diem
1479 861 1645 902 afferre
1681 874 1903 914 magnam

269 928 516 970 iacturam:
541 931 678 972 huius
698 932 898 972 famulus
917 945 942 972 a
969 933 1122 973 multis
1144 933 1306 973 diebus
1328 945 1377 973 se
1402 933 1625 974 Societati
1643 934 1897 974 dicauerat.

269 998 403 1039 Multi
425 1007 531 1041 sunt
554 1002 644 1053 alii,
670 1004 747 1054 qui
768 1009 930 1054 petunt
950 1004 997 1044 in
1018 1003 1301 1044 Societatem
1322 1005 1481 1056 recipi:
1508 1005 1596 1045 viri
1619 1011 1774 1045 autem
1794 1012 1902 1046 sunt

270 1072 509 1123 praecipui
530 1075 701 1124 plures,
727 1075 804 1125 qui
826 1075 1050 1116 exercitia
1077 1075 1235 1116 facere
1263 1075 1544 1126 desiderant,
1569 1087 1717 1128 eaque
1743 1075 1900 1116 facere

269 1142 362 1181 iam
384 1142 429 1181 in
452 1144 658 1184 animum
681 1145 906 1186 induxere
928 1158 1078 1187 suum.

347 1212 679 1255 Confessiones
702 1224 809 1257 sunt
832 1217 1053 1268 quotidie,
1086 1219 1537 1258 communicationes
1559 1218 1785 1270 similiter,
1810 1221 1897 1259 col-

266 1284 479 1334 legarum
501 1292 544 1325 et
567 1287 973 1340 scholasticorum;
999 1289 1080 1329 sed
1101 1289 1323 1340 quoniam
1352 1289 1546 1329 Patrum
1575 1290 1731 1341 inopia
1755 1291 1896 1330 omni—

264 1354 350 1393 bus
377 1355 652 1397 satisfacere
683 1370 776 1398 non
804 1371 1070 1410 possumus,
1101 1372 1194 1400 non
1222 1367 1319 1400 tam
1350 1361 1515 1400 crebro
1537 1360 1626 1400 hoc
1648 1362 1898 1412 collegium

262 1424 575 1478 frequentant,
600 1440 740 1480 quam
759 1430 798 1470 si
819 1437 977 1471 essent
994 1431 1071 1483 qui
1088 1442 1171 1470 eos
1184 1431 1420 1471 consolari
1438 1438 1643 1483 possent.
1665 1432 1897 1472 Dominus

265 1502 419 1537 autem
440 1497 840 1552 Archiepiscopus
860 1502 907 1541 in
928 1502 1027 1553 dies
1048 1503 1271 1554 patefacit
1292 1514 1516 1553 amorem,
1537 1514 1673 1554 quem
1691 1514 1804 1554 erga
1817 1503 1895 1544 So-

263 1567 480 1609 cietatem
514 1571 648 1621 gerit,
688 1572 826 1623 idque
857 1584 969 1613 sane
1007 1574 1209 1614 ostendit
1237 1580 1282 1614 et
1315 1585 1366 1613 re
1392 1580 1437 1614 et
1465 1574 1892 1625 congressionibus,

261 1638 427 1688 quibus
449 1639 504 1680 de
527 1654 580 1681 ea
603 1654 756 1683 sermo
779 1643 991 1685 habetur.
1017 1643 1192 1684 Omnes
1213 1656 1297 1695 pro
1318 1644 1452 1684 nobis
1470 1651 1594 1684 stare
1612 1645 1831 1685 videntur
1847 1645 1894 1685 in

261 1708 349 1749 hac
384 1711 512 1762 vrbe,
551 1713 691 1753 etiam
727 1715 959 1765 monachi,
1004 1716 1081 1766 qui
1120 1714 1369 1756 Societatis
1408 1715 1518 1768 Jesu
1553 1722 1712 1767 partes
1751 1727 1893 1767 agere

260 1780 460 1821 student.

338 1851 380 1891 Is
401 1864 514 1893 vero
537 1856 669 1895 nobis
691 1868 826 1897 suum
848 1857 1063 1909 spiritum
1083 1857 1329 1909 largiatur,
1360 1869 1449 1909 quo
1479 1869 1662 1909 semper
1683 1858 1889 1899 eiusdem

257 1922 403 1963 simus
424 1926 626 1966 omnino.
652 1926 856 1979 Tuisque
884 1929 1175 1969 orationibus
1206 1936 1251 1970 et
1274 1929 1662 1970 charissimorum
1698 1930 1889 1970 Patrum

253 1998 393 2044 atque
415 1994 634 2037 Fratrum
657 1999 794 2039 isthic
815 2001 1210 2041 commorantium
1233 2001 1447 2052 cupimus
1478 2000 1578 2040 Deo
1601 2000 1775 2052 optimo
1796 2012 1889 2041 ma-

253 2063 380 2105 ximo
403 2068 737 2120 commendari,
760 2076 811 2111 vt
833 2083 1016 2123 semper
1037 2072 1294 2112 sentiamus
1315 2071 1665 2112 sanctissimam
1692 2072 1791 2112 eius
1812 2084 1890 2112 uo—

255 2135 496 2189 luntatem,
521 2141 826 2193 eamdemque
849 2143 908 2183 ad
930 2155 1135 2194 unguem
1156 2144 1494 2195 persoluamus

333 2205 585 2261 Granatae‚
610 2211 635 2250 4
655 2214 876 2254 calendas
897 2213 1183 2266 Septembris
1208 2215 1322 2255 1555.

412 2279 541 2321 Tuae
562 2282 864 2325 Paternitatis
885 2285 1006 2326 filius
1027 2286 1074 2326 in
1095 2285 1300 2325 Domino
1322 2285 1554 2336 indignus.

624 2354 696 2394 Ex
717 2356 1046 2396 commissione
1068 2356 1222 2397 Patris
1242 2356 1416 2406 Basilii,

1402 2503 1431 2547 †
1452 2499 1697 2540 NAUARRO.
1720 2501 1748 2545 †

329 2708 681 2761 Superscm'ptso
702 2711 751 2751 z'lz
774 2717 948 2763 quarta
962 2714 1171 2765 pagina:
1191 2693 1310 2767 JHS.
1334 2713 1611 2754 Reuerendo
1630 2714 1882 2754 admodum

248 2778 295 2816 in
316 2777 501 2819 Christo
524 2780 650 2821 Patri
673 2781 722 2822 P.
746 2782 976 2834 Magistro
997 2784 1181 2836 Ignatio
1203 2785 1409 2835 Loiolae‚
1433 2784 1709 2836 Praeposito
1733 2784 1881 2825 Gene-

247 2848 335 2887 rali
356 2848 602 2891 Societatis
622 2853 747 2905 Jesu.
767 2853 959 2896 Romae.

327 2919 437 2959 Alia
454 2933 616 2961 mmm:
641 2922 755 2963 1555.
780 2924 1007 2966 Granata.
1032 2926 1412 2977 Quadrimestres
1431 2926 1483 2967 29
1502 2925 1722 2977 Augusti.

326 2990 489 3031 Manet
512 2993 773 3043 vestigium
795 2995 956 3046 sigilli
974 3001 1017 3036 et
1038 3008 1170 3037 cerae
1192 2998 1378 3038 rubrae.
