2028 3328
880 85 963 122 AN.
997 86 1086 122 1:355
1743 83 1813 119 203

175 190 339 236 questo
361 188 384 224 e
407 191 580 236 quanto
597 185 639 224 ci
663 188 687 224 e
708 195 848 235 passo
866 183 1090 222 scriuere.
1114 181 1202 221 Del
1220 187 1345 220 resto
1364 180 1469 219 tutti
1488 180 1629 219 molto
1648 179 1810 219 humil-

175 263 330 295 mente
353 256 395 296 ci
416 255 811 296 raccomandamo
835 266 861 293 a
889 253 948 294 V.
982 253 1036 293 R.
1068 252 1117 292 P.
1142 251 1466 303 preghandola
1490 262 1538 289 se
1561 250 1702 299 degni
1731 251 1809 290 im-

174 327 382 378 petrarci
403 328 558 377 gratia
581 327 656 367 dal
679 326 877 377 Signore
899 324 1099 365 donator
1128 324 1169 363 d’
1196 323 1309 373 ogni
1330 323 1462 371 bene,
1487 321 1618 360 accio
1639 321 1717 372 piu
1748 321 1808 360 di-

173 398 334 449 ligenti
357 398 506 438 siamo
529 410 609 450 per
630 398 658 437 l'
684 397 875 437 auenire
897 396 1016 436 della
1042 401 1204 435 nostra
1225 400 1271 433 et
1292 393 1431 433 altrui
1449 393 1613 432 salute.
1639 391 1805 432 Amen.

254 469 323 509 De
345 469 591 519 Fiorenzu,
616 482 642 509 a
664 469 716 509 25
741 468 748 487 ¹
772 469 817 508 di
840 467 1069 516 Gennaio,
1098 466 1214 505 1555.

252 539 323 579 De
345 540 402 580 V.
428 540 481 580 R.
505 540 553 580 P.
581 539 918 580 inde0·nissimo
937 549 1076 578 seruo
1100 538 1147 577 in
1167 537 1280 590 Jesu
1301 535 1384 576 X.⁰

1231 678 1378 718 LIONE
1408 677 1590 718 Giomo.

254 897 607 948 Superscrsptl'o
631 896 679 935 ῖη
701 899 874 946 quarta
890 893 1099 946 pagina:
1120 896 1147 941 †
1170 892 1229 933 Al
1252 893 1393 932 molto
1416 891 1517 932 R.d0
1541 892 1587 931 in
1619 890 1806 931 Christo

174 967 325 1008 Padre
344 969 373 1008 ii
390 968 439 1008 P.
456 969 514 1009 M.
536 968 717 1019 ignatio
735 967 790 1006 de
808 966 1003 1017 Loyola‚
1019 964 1262 1016 Preposito
1282 963 1514 1004 Generaie
1532 963 1654 1003 della
1671 962 1805 1003 Com-

174 1040 347 1090 pagnia
372 1041 418 1080 di
441 1040 586 1080 Giesu
608 1040 653 1079 in
675 1039 839 1078 Roma.

254 1111 364 1150 Alsa
386 1123 546 1150 malm.
580 1110 694 1150 1555.
721 1109 1073 1160 Quadrimestre
1096 1109 1143 1149 di
1162 1108 1391 1148 Fiorenza
1414 1107 1532 1147 <1125
1561 1107 1607 1146 di
1631 1105 1803 1147 Genn.0

163 1180 269 1222 R.ta
292 1183 368 1222 alli
389 1181 438 1221 31
463 1183 535 1222 del
558 1182 753 1222 mcdes.0

425 1746 710 1773 Praecedeniium
724 1746 921 1774 litterarum
937 1746 1059 1774 Leonis
1075 1747 1128 1773 del
1143 1745 1256 1780 Giglio
1272 1746 1380 1773 latina
1396 1745 1511 1772 versio
1527 1744 1548 1772 ².

244 1961 410 2003 Gratia
441 1968 485 2002 et
512 1974 607 2013 pax
633 1961 823 2002 Domini
850 1963 999 2003 nostri
1026 1961 1131 2003 Iesu
1152 1961 1329 2002 Christi
1350 1962 1409 2002 sit
1433 1971 1618 2012 semper
1639 1960 1685 1999 in
1707 1970 1806 1999 cor-

162 2033 297 2074 dibus
319 2034 508 2074 nostris.
536 2033 702 2074 Amen.
1186 2082 1205 2093 ‚

242 2105 360 2146 Cum
382 2105 709 2145 sanctissimae
738 2104 1030 2146 obedientiae
1051 2110 1305 2157 praecepto
1337 2105 1492 2144 iussus
1514 2103 1603 2143 sim
1631 2114 1686 2142 ea
1715 2101 1807 2142 col-

159 2177 322 2227 ligere,
341 2183 385 2216 et
407 2176 466 2217 ad
488 2176 540 2216 T.
566 2175 618 2216 R.
644 2175 692 2216 P.
718 2177 1053 2228 transmittere,
1078 2188 1197 2228 quae
1219 2176 1457 2216 mensibus
1479 2174 1652 2226 elapsis
1673 2173 1721 2213 in
1743 2172 1806 2212 di-

158 2248 268 2288 uino
291 2259 346 2288 ac
367 2247 564 2298 spiritali
588 2247 777 2298 negotio
800 2247 874 2288 hic
896 2248 1214 2299 contigerunt,
1238 2247 1359 2287 dabo
1395 2257 1589 2298 operam
1611 2252 1660 2285 ut
1684 2249 1809 2285 com·

161 2319 353 2359 missum
375 2330 542 2358 munus
564 2319 728 2370 paucis
751 2318 868 2369 (Deo
891 2318 1160 2369 adiuuante)
1184 2319 1474 2358 absoluatur.

240 2390 312 2430 De
333 2389 709 2430 confessionibus
730 2390 873 2440 igitur
908 2397 953 2430 et
988 2389 1311 2442 spiritualibus
1333 2388 1571 2429 exercitiis
1595 2388 1712 2428 alias
1733 2398 1803 2426 sa-

159 2461 219 2501 tis
240 2462 401 2501 multa:
424 2466 670 2512 praeterea
687 2460 824 2501 uideo
846 2461 1166 2501 confitentium
1196 2472 1443 2501 numerum
1465 2470 1639 2510 magno
1662 2464 1804 2499 auctu

159 2533 382 2583 creuisse,
406 2538 450 2572 et
471 2532 678 2583 pluribus
700 2544 754 2571 ea
776 2532 877 2583 ipsa
899 2532 1127 2572 exercitia
1161 2531 1306 2572 fuisse
1341 2531 1601 2583 proposita,
1626 2530 1804 2582 praeci-

158 2615 248 2655 pue
270 2609 427 2643 autem
449 2603 694 2643 cuiusdam
725 2603 939 2643 coenobii
968 2603 1209 2654 fratribus;
1234 2603 1415 2643 duobus
1437 2603 1684 2643 iuuenibus
1705 2613 1805 2641 sae-

214 2763 223 2782 ¹
264 2763 364 2790 Prius
379 2763 518 2797 scripsit
534 2762 669 2797 Giglius
683 2762 735 2796 19,
750 2763 820 2796 sed,
836 2763 901 2791 hoc
923 2764 1046 2798 deleto,
1069 2764 1209 2798 scripsit
1233 2764 1305 2797 ipse
1330 2764 1398 2797 25,·
1415 2771 1474 2790 nos
1496 2768 1622 2794 tamen.
1643 2762 1804 2797 quoniam

160 2811 307 2838 latinum
322 2811 515 2845 exemplum
531 2811 583 2838 die
599 2811 632 2837 19
647 2811 762 2838 datum
780 2815 844 2845 est,
859 2811 923 2838 hoc
940 2812 1043 2839 etiam
1059 2812 1214 2839 italicum
1229 2811 1298 2847 hic,
1313 2813 1411 2846 quasi
1425 2811 1545 2838 eadem
1558 2810 1611 2837 die
1626 2810 1658 2837 19
1673 2810 1804 2843 datum,

155 2859 331 2892 ponimus·

213 2906 227 2925 ²
264 2906 531 2941 Autographum
545 2906 579 2933 in
594 2905 675 2933 folio
690 2905 827 2940 duplici,
841 2914 896 2933 nn.
912 2906 947 2933 74
962 2910 995 2934 et
1010 2906 1055 2934 75.
