2028 3328
204 126 275 162 478
717 126 945 164 LITTERAE
964 136 1320 167 QUADRIMESTREs

206 223 362 274 Atque
378 223 611 274 praesidio
632 223 776 263 diuini
793 223 996 263 numinis
1018 222 1237 271 munitae,
1252 233 1336 273 pro
1353 221 1497 261 nihilo
1515 222 1686 262 habitis
1703 221 1834 262 mun->

206 293 251 333 di
268 294 599 345 uoluptatibus,
620 294 1046 335 animaduertentes
1065 293 1263 332 arduum
1280 303 1396 343 esse,
1413 304 1519 332 curn
1536 293 1710 343 regulis
1729 293 1832 333 dra-

207 365 493 417 conibusque
514 365 783 416 habitando,
818 377 919 405 sese
942 366 1149 414 integras
1178 374 1368 403 seruare
1399 363 1600 413 Christo,
1632 364 1832 404 medico-

208 447 310 476 rum
332 436 576 476 consilium
598 437 913 488 exploserunt,
939 435 1255 486 commorique
1272 435 1319 474 in
1335 434 1563 484 religione
1580 435 1748 486 potius,
1770 435 1832 475 in-

208 513 277 547 ter
294 519 405 547 suas
422 508 467 548 in
486 507 672 548 Christo
691 519 892 558 sorores,
910 518 1047 559 quam
1071 517 1175 545 cum
1193 506 1555 556 consanguineis
1572 506 1618 545 in
1639 506 1836 556 mundo,

203 578 322 618 inter
339 578 569 618 lenocinia
586 585 631 618 et
646 578 893 618 blandities
910 577 1225 629 praesentium
1249 576 1556 628 uoluptatum,
1578 577 1831 617 conuiuere

201 649 464 689 maluerunt
482 648 963 700 statueruntque.Hoc
981 648 1123 698 igitur
1143 647 1296 687 studio
1313 649 1542 697 excultae,
1557 648 1645 687 hac
1662 648 1834 688 uirtute

203 725 384 771 septae,
422 720 720 771 maximaque
758 731 913 759 rerum
947 719 1213 758 diuinarum
1244 719 1527 769 cognitione,
1572 719 1643 758 sui
1683 719 1828 770 ipsius

205 791 502 842 despectione
537 798 580 831 et
608 791 768 841 gaudii
797 790 1061 841 perfusione
1090 790 1314 839 nauatae,
1352 790 1501 830 morbi
1533 789 1835 830 afflictionem

207 874 355 914 aequo
378 862 532 902 animo
559 861 812 913 perferunt.
843 861 1022 900 Harum
1044 872 1137 900 vna
1166 872 1190 899 e
1212 861 1310 900 uita
1330 860 1418 901 hac
1439 860 1582 901 foelix
1603 860 1834 912 demigra-

207 934 288 984 uit,
313 945 453 985 quarn
470 933 655 984 quidem
673 933 804 982 alias,
819 932 913 971 iam
934 937 1052 971 tetro
1071 932 1232 971 morbo
1250 938 1512 983 corruptas,
1532 932 1702 982 exiguo
1723 939 1835 971 tem-

209 1016 322 1055 pore
344 1010 680 1044 consecuturas
698 1015 957 1054 speramus.

285 1075 408 1115 Inter
435 1075 659 1126 plurimas
690 1080 733 1114 et
768 1074 927 1113 uarias
955 1085 1144 1124 causas,
1177 1074 1343 1126 quibus
1375 1080 1564 1114 nostrae
1585 1073 1835 1116 Societatis

207 1146 412 1197 cognitio
448 1146 674 1196 obruitur,
708 1145 917 1184 haeresis
950 1156 1041 1184 Vna
1069 1151 1152 1195 est,
1185 1157 1277 1196 qua
1306 1145 1445 1197 (quod
1471 1145 1674 1197 perspici
1695 1145 1836 1186 facile

206 1217 373 1268 potest)
410 1218 524 1257 haec
556 1224 681 1256 terra
711 1223 874 1256 scatet.
907 1215 1022 1256 Illud
1043 1216 1345 1257 nihilominus
1378 1216 1582 1266 (diuinae
1609 1217 1834 1257 bonitatis

204 1287 513 1339 prouidentia)
537 1288 834 1339 sperandum:
859 1287 945 1327 hos
967 1287 1094 1327 ciues
1115 1288 1263 1327 nostri
1284 1288 1480 1338 ordinis,
1514 1289 1731 1340 uitaeque
1757 1299 1835 1339 ge-

204 1360 331 1399 neris
364 1371 564 1411 capaces
592 1359 764 1398 sensim
796 1370 849 1398 ac
876 1358 1160 1410 pedetentim
1195 1358 1474 1409 efficiendos,
1509 1359 1565 1399 ab
1595 1371 1741 1411 eoque
1776 1359 1835 1400 ad

206 1431 556 1483 percipiendam
576 1429 973 1480 excolendamque
993 1430 1214 1470 uirtutem
1235 1430 1486 1481 plurimum
1507 1430 1752 1471 iuuandos.

287 1501 470 1542 Pascha
500 1501 712 1552 proxime
742 1501 932 1552 delapso
954 1512 1049 1540 non
1071 1501 1294 1551 exiguum
1329 1501 1647 1542 confitentium
1681 1513 1840 1542 nume-

207 1586 310 1613 rum
333 1573 392 1613 ad
412 1572 553 1613 Duum
582 1573 866 1624 Episcopum
900 1572 1108 1612 [Quumque
1141 1572 1466 1623 Inquisitorem
1493 1572 1655 1613 Patres
1690 1574 1839 1613 nostri

208 1645 402 1684 missum
432 1650 670 1694 curarunt,
698 1650 747 1683 ut
769 1643 997 1695 quosdam
1020 1643 1157 1683 fidem
1177 1643 1507 1695 impugnantes
1528 1644 1834 1685 denunciaret

212 1715 517 1767 deferretque.
548 1715 636 1755 Hic
671 1727 870 1767 namque
893 1717 1196 1767 promulgata
1223 1715 1308 1756 fuit
1338 1716 1758 1756 excommunicatio
1790 1716 1837 1756 in

207 1787 325 1837 illos,
350 1787 428 1838 qui
456 1786 691 1826 hominem
713 1787 896 1827 haeresi
918 1788 1251 1828 adhaerentem
1272 1794 1605 1839 pernoscentes
1629 1799 1723 1827 non
1746 1794 1837 1827 sta-

206 1858 289 1897 tim
322 1863 587 1908 retegerent
620 1858 833 1909 apudque
870 1859 1071 1899 iudicem
1099 1858 1333 1899 deferrent
1365 1857 1390 1896 ¹.
1427 1858 1518 1899 Sed
1546 1858 1636 1898 heu
1671 1865 1842 1898 morta-

206 1929 318 1969 lium
338 1929 665 1968 temeritatem!
702 1930 791 1969 heu
817 1930 1134 1970 execrandam
1155 1930 1502 1981 arrogantiam!
1526 1935 1635 1981 quot
1657 1936 1701 1970 et
1723 1942 1839 1982 quos

206 2000 397 2040 humani
431 2001 618 2050 generis
653 2001 883 2052 pessimus
905 2001 1066 2050 hostiS‚
1090 2002 1137 2041 in
1158 2002 1279 2041 hanc
1301 2001 1834 2041 excommunicationem

206 2071 374 2110 misere
408 2071 721 2122 prolabentes,
753 2072 811 2111 ad
839 2072 927 2112 hoc
955 2078 1138 2123 tempus
1170 2072 1342 2112 inuasit
1383 2084 1439 2112 ac
1474 2072 1769 2112 deuastavit:
1809 2073 1840 2111 ii

207 2154 556 2193 nonnunquam,
581 2149 848 2183 nostrorum
870 2142 1062 2183 Patrum
1084 2143 1489 2184 adhortationibus
1521 2149 1841 2193 occurrentes,

209 2224 257 2253 se
278 2214 416 2253 malle
434 2212 715 2253 Sanctorum
749 2214 948 2254 ecclesia
969 2214 1153 2254 uiduari
1175 2214 1216 2264 (o
1238 2214 1502 2254 miserabile
1524 2214 1678 2266 quidl>
1702 2225 1840 2265 quam

209 2284 448 2324 hominum
478 2285 634 2335 gratia
662 2285 819 2325 orbari
840 2285 1136 2337 respondent.
1163 2284 1405 2325 Orandum
1431 2296 1516 2337 pro
1552 2285 1618 2325 eis
1653 2296 1839 2326 censeo.

287 2354 467 2395 Verum
487 2367 572 2395 nec
595 2356 651 2395 ob
672 2356 732 2405 id,
758 2356 836 2407 qui
865 2356 998 2396 nobis
1020 2356 1175 2396 affecti
1198 2357 1245 2396 in
1266 2357 1447 2396 cunctis
1469 2357 1606 2396 rebus
1626 2362 1840 2396 nostram

209 2426 408 2465 salutem
429 2433 658 2477 quaerunt
681 2432 819 2478 atque
849 2439 908 2467 ex
927 2428 1084 2468 animo
1106 2427 1317 2477 offerunt,
1341 2427 1388 2467 in
1409 2427 1498 2467 hac
1519 2427 1632 2467 urbe
1655 2427 1839 2467 desunt.

210 2495 332 2535 Inter
369 2507 486 2547 quos
512 2497 926 2547 uigilantissimum
952 2497 1196 2538 Pastorem
1227 2498 1309 2538 tibi
1343 2504 1564 2538 testatum
1583 2484 1835 2545 uolumus,

211 2566 287 2618 qui
309 2567 451 2606 semel
473 2567 727 2618 quaesituS,
751 2568 940 2608 admota
971 2568 1068 2608 D.1¹1
1089 2568 1271 2609 Vicarii
1304 2580 1405 2620 ope,
1430 2569 1751 2609 authenticam
1773 2575 1844 2608 at-

210 2637 520 2688 testationem,
556 2638 709 2688 sigillo
737 2639 989 2689 sigillatam
1006 2640 1274 2691 episcopali,
1304 2639 1566 2680 confectam
1593 2639 1735 2679 dedit:
1759 2651 1833 2691 pe⁴

211 2718 350 2757 quam
385 2719 518 2747 suam
555 2709 757 2748 lucidam
786 2721 841 2749 ac
869 2709 1052 2750 fidelem
1082 2710 1137 2750 de
1165 2711 1254 2751 hac
1288 2709 1522 2751 Societate
1552 2710 1840 2762 opinionem,

213 2777 289 2817 ubi
311 2778 549 2829 cognitam
570 2779 720 2830 ipsam
740 2780 968 2832 habuerit,
992 2781 1368 2833 praeclarissime
1389 2781 1597 2833 profecto
1616 2781 1834 2821 ostendit.

267 2935 276 2954 ¹
316 2935 497 2968 deferrent
513 2936 649 2970 scripsit
663 2937 830 2964 Pol-ancus
842 2938 898 2965 ubi
914 2938 1006 2965 aliud
1021 2943 1096 2966 erat
1115 2940 1267 2973 verbum,
1284 2940 1373 2974 quod
1389 2941 1453 2974 legi
1467 2941 1537 2976 jam
1554 2949 1615 2968 non
1633 2944 1759 2975 potest,
