2028 3328
852 123 934 159 ΑΝ.
968 117 1058 159 1554
1708 125 1773 160 177

133 223 380 274 possimus,
405 234 495 274 qua
526 222 602 262 uia
629 221 688 262 sit
719 220 778 261 ad
807 222 989 260 coelum
1020 218 1393 270 ingrediendum,
1420 218 1552 258 euius
1585 220 1772 270 quidem

134 305 307 345 scopus
325 299 410 343 est,
434 299 482 333 ut
504 293 751 333 vniuersos
769 291 1053 331 christianos
1076 289 1134 329 ad
1158 289 1469 329 humilitatem
1490 290 1688 340 erudiat,
1713 293 1772 331 ad

134 365 315 405 coelum
337 365 567 405 instituat.

212 436 343 476 Haec
365 436 533 487 scripsi
551 435 674 475 bono
692 440 736 475 et
757 434 848 486 pio,
867 440 917 473 ut
937 432 1050 473 mihi
1065 432 1245 482 videor,
1269 432 1440 483 animo,
1461 444 1581 484 quae
1599 434 1772 483 omnia,

133 507 322 548 Christo
354 507 559 558 auspice,
597 513 723 546 recte
745 504 1052 556 explorabitis
1088 509 1228 555 atque
1257 503 1515 554 disponetis
1551 502 1577 543 ¹.
1608 503 1774 544 Nume-

132 589 213 618 rus
228 577 563 629 discipulorum
584 583 653 618 est
673 577 810 627 idem,
835 575 913 628 qui
934 575 1162 627 proximis
1186 574 1330 614 literis
1348 574 1432 614 fuit
1451 575 1775 626 praescriptus

133 655 180 689 et
202 649 442 700 aliquanto
465 649 647 689 auctior
663 647 691 687 ⁹.

216 862 569 913 Scherscrlptt'o
588 861 636 901 in
658 864 831 912 quarta
859 865 1064 912 pagum:
1097 858 1197 899 R.d0
1222 859 1314 899 Pri.
1336 859 1559 899 Polanco.

214 932 325 973 Alia
347 945 508 973 manu.
533 932 649 973 1554.
673 933 898 983 Bologna.
923 931 984 971 Di
1006 930 1066 971 M.
1091 930 1260 971 Fran.⁰
1280 930 1497 971 Bordone
1515 929 1546 968 ³.

351 1004 448 1045 R.ta
469 1005 547 1044 alli
572 1003 618 1043 15
639 1003 684 1044 di
705 1003 987 1043 Novembre.

228 1076 491 1127 Vestigium
512 1075 686 1126 sigilli.

189 1237 200 1256 ¹
239 1236 311 1264 Has
327 1237 518 1271 respexisse
534 1236 672 1264 litteras
688 1236 854 1264 Polancus
869 1235 1017 1268 videtur,
1034 1235 1112 1262 dum
1127 1235 1159 1262 id
1175 1235 1269 1262 Patri
1283 1234 1469 1261 Francisco
1484 1234 1612 1261 Palmio
1626 1234 1776 1268 scripsit,

135 1284 224 1319 quod
240 1284 272 1311 in
290 1284 467 1317 Clnonz‘co,
480 1288 504 1312 t.
520 1291 566 1316 lv,
582 1292 661 1318 pag.
681 1284 739 1318 109,
755 1287 871 1311 annot.
884 1283 909 1310 2.

188 1332 202 1351 2
239 1331 294 1359 Ita
309 1332 450 1366 explicit
466 1332 624 1366 epistola,
641 1333 768 1366 absque
784 1332 869 1363 loco,
883 1331 946 1364 die,
963 1337 1051 1358 anno
1067 1334 1100 1357 et
1115 1329 1381 1364 subscriptione.

186 1378 201 1398 5
238 1378 293 1406 Ita
307 1379 484 1413 perspicue
500 1378 532 1405 in
548 1378 774 1412 autographo.
797 1377 891 1411 Quod
907 1378 933 1404 si
961 1377 1012 1404 ita
1027 1384 1109 1404 vere
1131 1381 1194 1411 est,
1210 1381 1290 1404 tunc
1315 1383 1399 1403 unus
1414 1376 1569 1410 idemque
1591 1381 1643 1403 est
1665 1375 1769 1403 Fran·

132 1427 242 1454 ciscus
256 1426 404 1458 Bord0n‚
419 1426 474 1460 qui
490 1425 641 1453 Mutinae
657 1426 864 1453 versabatur
881 1425 944 1453 ll.a
957 1424 1137 1452 Februarii
1153 1428 1187 1451 et
1199 1424 1246 1451 5.’²
1259 1423 1340 1458 Maji
1357 1423 1426 1450 1553
1438 1423 1538 1457 (Vide
1559 1430 1676 1458 supra,
1691 1427 1720 1451 t.
1738 1431 1775 1454 11.

132 1481 212 1509 pag.
229 1474 280 1501 175
294 1478 326 1500 et
347 1474 422 1507 272).
441 1477 474 1500 et
490 1473 695 1501 Franciscus
710 1473 834 1508 Scipio,
859 1472 914 1507 qui
929 1471 1113 1500 Ferrariae
1130 1472 1193 1499 18.a
1214 1471 1369 1504 Januarii
1385 1471 1485 1506 hujus
1501 1471 1580 1498 anni
1600 1471 1666 1498 1554
1682 1472 1713 1503 (Ι.
1730 1478 1772 1504 c..

131 1529 211 1556 pag.
225 1522 333 1555 545)et
350 1521 521 1549 Bononiae
537 1529 624 1548 nunc
640 1521 793 1556 ejusdem
810 1520 888 1548 anni
902 1528 1014 1547 mense
1032 1520 1232 1548 Novembri.

318 3001 443 3038 T.m.
1541 3015 1578 3040 iz
