2028 3328
256 195 327 233 562
770 196 995 234 LITTERAE
1017 207 1374 240 QUADRmOEsrREs

257 306 344 346 que
366 294 572 343 sentiret,
599 305 653 333 ac
675 293 839 332 deinde
867 293 1091 344 paulatim
1121 292 1277 332 diuino
1305 293 1496 332 seruitio
1526 304 1628 333 sese
1651 295 1888 346 mancipa-

258 372 343 414 ret,
368 377 394 404 a
417 377 507 416 quo
525 376 662 414 nunc,
687 364 765 415 qui
787 364 927 403 etiam
944 363 1203 414 incorrupti
1222 363 1453 413 videntur,
1473 364 1587 403 satis
1605 370 1712 404 sunt
1733 365 1887 405 alieni.

338 436 429 477 Sed
450 448 555 476 cum
576 435 676 475 istis
699 435 900 486 querelis
921 434 1109 474 minime
1144 434 1202 473 sit
1225 434 1317 473 iam
1346 435 1492 483 locus,
1532 435 1591 475 ad
1622 436 1886 476 institutum

256 516 468 549 nostrum
489 518 634 558 ocyus
652 517 865 558 propero,
891 506 1100 545 dicturus
1135 505 1427 556 compendio:
1463 506 1665 557 primum
1701 507 1888 558 quidem

258 581 314 621 de
331 585 457 620 statu
484 590 539 618 ac
574 588 829 629 progressu
867 576 1135 615 scholarum
1169 582 1453 627 nostrarum,
1487 583 1531 616 et
1567 584 1811 628 praeterea
1833 578 1890 618 de

258 652 346 703 piis
366 649 602 691 exercitiis
624 648 815 688 Patrum
843 660 899 687 ac
928 646 1126 686 fratrum
1160 653 1443 698 nostrorum,
1483 649 1649 699 quibus
1672 648 1886 689 aedifica-

258 724 431 763 tionem
451 728 495 761 et
516 722 713 760 salutem
736 719 893 770 populi
921 717 1057 757 huius
1084 724 1441 768 promeruerunt
1467 731 1550 770 per
1576 719 1743 759 horum
1777 732 1890 771 qua-

258 801 362 834 tuor
384 792 613 833 mensium
641 791 857 841 spatium.

338 864 564 906 Accessio
587 868 749 902 sextae
771 861 949 908 classis,
975 872 1122 912 nuper
1143 861 1272 900 iussu
1295 860 1387 901 Rdi
1409 861 1561 902 Patris
1583 862 1855 903 Visitatoris
1881 863 1888 882 ¹

258 942 456 983 erectae,
480 935 568 974 hoc
589 940 672 983 est,
698 932 863 972 classis
884 933 1204 982 paruulorum,
1228 932 1305 983 qui
1327 932 1373 971 in
1395 933 1711 984 cognitionem
1733 935 1890 986 alpha-

258 1008 365 1055 beti,
390 1013 433 1046 et
456 1005 645 1045 omnino
668 1004 713 1043 in
732 1003 914 1042 ratione
934 1002 1119 1053 legendi
1136 1014 1191 1042 ac
1208 1003 1441 1043 scribendi
1459 1004 1778 1055 instituuntur,
1797 1017 1892 1046 non

258 1090 425 1131 parum
447 1076 575 1116 auxit
597 1085 842 1114 numerum
864 1073 1150 1113 scholarium
1177 1079 1460 1124 nostrorum,
1491 1076 1678 1115 tametsi
1705 1076 1890 1116 illorum

258 1150 352 1190 iam
371 1148 467 1189 fere
489 1147 681 1197 triginta
705 1145 905 1185 caeteris
927 1144 1121 1184 admixti
1145 1152 1314 1196 essent,
1338 1157 1469 1197 quos,
1494 1146 1773 1198 importunis
1791 1159 1891 1199 prc-

258 1221 391 1261 cibus
411 1219 524 1259 uicti
545 1222 792 1269 parentum
814 1216 1036 1267 ipsorum,
1062 1216 1189 1266 passi
1210 1228 1412 1266 eramus,
1444 1228 1548 1257 cum
1577 1218 1674 1258 suis
1704 1219 1780 1258 uel
1800 1218 1890 1258 fra-

259 1292 406 1332 tribus
427 1291 500 1330 uel
521 1288 811 1340 paedagogis
846 1286 1051 1338 quotidie
1080 1287 1126 1326 in
1157 1288 1331 1327 nostris
1366 1288 1539 1329 scholis
1573 1289 1795 1339 residere,
1837 1301 1890 1329 ea

260 1369 416 1403 tamen
438 1362 556 1412 lege,
580 1366 629 1399 ut
665 1359 720 1399 de
742 1359 798 1398 iis
834 1358 1101 1398 erudiendis
1136 1359 1311 1398 nullam
1340 1359 1684 1410 susciperemus
1706 1361 1892 1412 prouin-

263 1434 399 1474 ciam.
423 1433 472 1473 In
495 1431 625 1471 tenui
645 1430 782 1470 labor
803 1436 887 1479 est,
913 1435 960 1469 at
982 1441 1077 1469 non
1099 1430 1250 1469 tenuis
1284 1430 1449 1480 gloria,
1486 1436 1536 1470 ut
1557 1431 1621 1471 ait
1640 1431 1775 1471 Maro
1850 1432 1893 1472 A

258 1505 439 1545 duobus
460 1503 666 1543 tribusue
688 1501 764 1540 hic
785 1499 1054 1540 subeundus
1076 1506 1145 1540 est
1175 1501 1320 1549 labor,
1350 1507 1394 1541 et
1422 1500 1608 1552 quidem
1636 1508 1892 1554 utcumque

259 1577 416 1625 durus,
441 1585 577 1626 quem
599 1580 755 1612 tamen
776 1571 912 1611 facile
930 1571 1113 1621 mitigat
1130 1583 1252 1622 spes,
1275 1572 1367 1612 imo
1385 1572 1478 1612 iam
1500 1579 1629 1613 certa
1651 1574 1891 1624 experien-

259 1649 338 1697 tia,
362 1645 618 1698 spiritualis
640 1643 869 1683 Vtilitatis.
894 1642 1101 1682 Primum
1128 1644 1325 1682 testulae
1354 1643 1472 1683 istae
1504 1650 1732 1695 recentes,
1771 1631 1891 1696 quae

258 1720 331 1759 uel
354 1719 400 1758 in
435 1714 742 1768 hypocaustis
778 1713 962 1754 desides
998 1721 1252 1764 torperent,
1286 1719 1365 1753 aut
1401 1726 1483 1765 per
1518 1715 1722 1766 compita
1753 1716 1892 1756 noxie

258 1793 560 1840 uagarentur,
587 1793 666 1826 aut
702 1785 766 1835 (ut
801 1785 1029 1824 donemus
1064 1784 1353 1836 praeclarius
1381 1796 1488 1825 cum
1516 1786 1604 1825 illis
1635 1786 1714 1837 agi
1736 1787 1891 1838 posse)

259 1861 369 1901 alibi
391 1861 512 1900 lente
534 1870 590 1897 ac
611 1857 764 1897 minus
785 1855 1013 1896 foeliciter
1034 1855 1151 1896 haec
1173 1855 1337 1896 eadem
1352 1856 1617 1897 rudimenta
1637 1857 1889 1908 discerent,

258 1943 382 1972 nunc
405 1937 551 1971 totum
572 1940 690 1980 pene
712 1927 834 1967 diem
869 1926 994 1978 apud
1021 1938 1107 1966 nos
1128 1926 1322 1978 exigunt
1357 1928 1652 1968 lectiunculis
1687 1929 1784 1969 suis
1813 1941 1892 1969 na·

258 2010 424 2043 uantes
455 2001 668 2052 opellam.
702 1998 844 2038 Hisce
879 1998 1140 2038 rationibus
1175 1997 1301 2037 ducti
1337 2005 1556 2049 parentes
1590 1999 1667 2050 pia
1688 1999 1892 2050 quadam

257 2073 609 2125 importunitate
630 2070 764 2110 nobis
786 2070 890 2109 illos
918 2069 1234 2108 obtruserunt.
1272 2068 1394 2120 Quin
1420 2069 1575 2119 etiam,
1608 2077 1797 2121 praeter
1818 2071 1894 2110 do-

256 2145 451 2193 ctrinae,
475 2154 614 2194 quarn
635 2141 703 2181 sic
724 2140 958 2188 hauriunt,
983 2140 1244 2190 utilitatem,
1265 2146 1309 2179 et
1325 2146 1511 2191 praeter
1530 2141 1779 2181 commoda
1799 2142 1892 2182 alia

256 2217 360 2257 aliis
383 2214 661 2263 communia,
686 2211 986 2263 quotidianae
1008 2211 1178 2251 missae
1200 2211 1430 2251 intersunt
1453 2211 1618 2262 officio,
1643 2218 1692 2252 ut
1717 2224 1744 2251 a
1766 2218 1891 2252 tene·

257 2288 321 2327 ris
342 2285 608 2338 unguiculis
629 2284 790 2334 iugum
812 2282 1002 2322 Domini
1023 2282 1124 2322 leue
1141 2288 1329 2333 portare
1346 2288 1675 2323 consuescant.

336 2358 515 2398 Horum
536 2355 750 2406 exemplo
773 2365 828 2393 ac
850 2353 1102 2393 foelicitate
1131 2353 1356 2393 stimulati
1375 2354 1400 2392 5
1421 2360 1501 2393 aut
1522 2353 1546 2393 6
1567 2354 1659 2394 viri
1691 2354 1889 2405 hispani,

257 2430 467 2468 uolentes
489 2426 767 2467 detrimenta
789 2424 1049 2464 ociositatis
1077 2424 1258 2464 aulicae
1289 2424 1516 2475 deuitare,
1547 2425 1892 2476 quodammodo

258 2509 596 2551 repuerascere
627 2508 721 2536 non
757 2495 1056 2544 erubuerunt,
1091 2500 1135 2534 et
1163 2506 1188 2534 a
1224 2495 1356 2535 nobis
1386 2496 1731 2536 contenderunt
1769 2495 1893 2548 apud

259 2571 362 2609 illos
384 2568 578 2609 institui.
620 2567 787 2607 Postea
829 2577 957 2616 uero,
995 2577 1101 2606 cum
1139 2565 1308 2605 horum
1342 2577 1563 2606 numerus
1605 2568 1893 2607 exercuisset

258 2640 317 2679 ad
337 2639 439 2688 XII,
464 2646 507 2679 et
531 2638 685 2679 adhuc
705 2638 863 2689 plures
884 2642 1109 2677 venturos
1143 2637 1483 2688 promitterent,
1521 2638 1810 2688 postulatum
1831 2637 1892 2677 lo—

257 2723 364 2751 cum
384 2710 540 2759 alium,
566 2709 623 2749 ab
645 2708 746 2748 istis
762 2707 920 2760 pueris
941 2713 1258 2758 segregatum,
1282 2719 1376 2747 vna
1398 2718 1505 2747 cum
1524 2707 1757 2758 Magistro
1779 2718 1892 2748 suae

256 2782 445 2831 linguae
462 2779 793 2829 concessimus,
806 2785 856 2818 ut
872 2785 1063 2830 possent
1081 2778 1370 2818 commodius
1387 2778 1571 2829 legendi
1584 2790 1639 2818 ac
1652 2777 1894 2819 scribendi

316 2962 324 2981 ¹
365 2962 400 2988 P.
419 2961 613 2995 Hieronymi
631 2960 776 2987 Natalis.

311 3010 324 3028 2
368 3008 627 3041 Georgicorum,
643 3008 698 3034 lib.
716 3015 761 3041 iv,
779 3015 809 3035 v.
825 3013 852 3034 ο.
