2028 3328
843 171 932 208 AN.
964 171 1055 208 1555
1709 172 1780 209 675

144 272 289 313 sionis
309 272 479 313 timori.
505 270 640 322 Quod
656 282 715 311 ex
735 281 790 309 eo
811 270 977 309 saltem
1012 269 1272 308 ostenditur
1307 268 1435 319 quod
1465 280 1571 308 cum
1594 269 1652 309 ad
1673 281 1775 320 por-

145 350 240 384 tam
261 343 420 395 templi
440 342 646 391 maioris,
671 342 717 382 in
739 352 830 393 quo
850 339 987 380 Pater
1016 340 1091 379 hic
1122 340 1395 379 concionari
1429 341 1561 388 solet,
1594 340 1775 390 pericu-

145 416 530 455 losustaurorum
552 413 686 453 ludus
707 412 1005 463 inciperetur,
1036 417 1080 450 et
1108 411 1207 462 ipse
1236 411 1387 450 sancti
1416 411 1574 461 templi
1603 411 1775 451 irreue-

148 486 346 525 rentiam
360 491 404 525 et
419 485 681 524 animarum
696 483 953 535 periculum
969 493 1060 522 non
1076 481 1233 531 ferret,
1253 487 1382 521 stans
1399 481 1445 520 in
1463 487 1597 532 porta
1611 481 1775 521 domus

145 556 348 605 Domini,
381 563 476 596 tam
504 556 670 596 deuote
701 554 855 605 coepit
876 553 1071 593 verbum
1094 552 1282 592 Domini
1304 552 1614 604 proclamare,
1646 558 1695 592 ut
1718 553 1774 592 ab

145 627 360 678 incoepto
379 626 485 666 ludo
503 627 780 666 desistentes
796 632 840 665 et
857 632 1018 665 tauros
1035 624 1080 664 in
1099 635 1318 674 campum
1337 623 1638 672 dimittentes,
1670 635 1775 663 cum

145 698 401 749 lachrymis
422 698 617 737 verbum
638 696 866 746 audirent,
892 707 998 736 cum
1019 694 1250 746 spirituali
1271 693 1483 734 aedificio
1521 702 1565 734 et
1602 694 1777 734 anima-

147 780 251 809 rum
285 780 477 808 suarum
512 767 852 817 consolatione,
883 779 976 807 non
1010 767 1161 806 solum
1192 766 1472 813 incolarum,
1511 765 1592 805 sed
1635 765 1776 805 etiam

145 839 514 890 alienigenarum
548 839 750 890 vndique
776 838 822 878 in
857 844 1043 889 portum
1076 837 1200 877 hunc
1235 836 1584 884 confluentium,
1622 836 1700 888 qui
1730 836 1777 876 in

147 911 298 950 classe
336 909 490 950 indica
525 921 574 950 se
613 909 807 950 subinde
851 909 1159 959 nauigaturos
1203 913 1408 960 sperant.
1449 906 1583 948 Unde
1624 913 1777 947 motus

146 981 490 1021 ‚illustrissimus
521 980 689 1021 Comes
723 981 780 1020 de
813 979 977 1020 Niebla
1013 978 1022 998 ¹
1065 980 1210 1019 semel
1243 985 1382 1031 atque
1416 979 1586 1019 iterum
1614 977 1778 1019 Patres

147 1053 416 1103 obsecrans,
441 1052 638 1092 obtinuit
657 1058 708 1092 vt
728 1052 773 1092 in
795 1052 898 1103 ipso
933 1051 1076 1092 maris
1096 1051 1231 1091 litore
1252 1050 1309 1090 de
1336 1050 1475 1090 rebus
1496 1061 1779 1090 concernen-

149 1123 272 1163 tibus
293 1123 556 1163 animarum
576 1123 715 1163 saluti
736 1129 780 1163 et
801 1122 1001 1174 negotiis
1022 1122 1069 1162 in
1089 1122 1240 1173 ipsam
1257 1121 1437 1162 Indiam
1454 1121 1683 1172 nauigare
1705 1132 1783 1161 cu-

149 1194 376 1247 pientium
397 1205 660 1234 sermonem
695 1194 754 1234 ad
788 1195 1014 1234 classicos
1047 1193 1255 1244 haberet;
1292 1204 1383 1244 qua
1418 1194 1466 1233 in
1496 1204 1546 1232 re
1564 1193 1711 1243 multi,
1735 1193 1783 1232 in

151 1265 383 1305 obliuione
401 1265 699 1315 dormientes,
724 1266 945 1306 commoti
972 1271 1078 1305 sunt
1111 1270 1160 1304 ut
1195 1264 1497 1305 conscientiis
1533 1263 1785 1316 pacifican-

153 1336 225 1376 dis
245 1336 432 1376 salubre
454 1336 700 1376 consilium
721 1348 746 1376 a
768 1335 906 1376 Patre
927 1335 1250 1376 desiderarent
1271 1342 1315 1376 et
1336 1341 1563 1387 peterent.

231 1407 282 1447 In
303 1407 442 1447 domo
464 1407 552 1447 hac
574 1418 734 1448 sumus
755 1407 1020 1447 habitantes
1041 1408 1259 1459 quinque,
1284 1418 1482 1458 quorum
1502 1407 1593 1447 duo
1623 1407 1783 1447 clerici

153 1484 273 1529 sunt,
298 1479 491 1528 scilicet,
518 1478 725 1531 Joannes
760 1477 932 1518 Paulus
952 1484 996 1518 et
1028 1478 1236 1531 Joannes
1271 1478 1327 1518 de
1363 1476 1670 1527 Saluatierra;
1707 1479 1786 1518 alii

151 1556 248 1590 tres
267 1549 452 1590 fratres:
476 1549 683 1602 Joannes
704 1549 964 1599 GutierreZ‚
992 1549 1200 1602 Joannes
1228 1549 1430 1599 Ort-uno,
1465 1549 1701 1589 Gonsalus
1729 1548 1785 1589 de

156 1621 458 1671 Valencuela‚
482 1622 560 1672 qui
577 1632 738 1661 omnes
759 1621 806 1660 in
826 1621 998 1660 virtute
1020 1620 1126 1672 Xpi.
1151 1620 1210 1660 ad
1245 1621 1425 1660 maiora
1452 1632 1500 1660 se
1528 1620 1786 1660 extendunt

156 1700 202 1733 et
223 1692 488 1743 prouehunt
522 1691 570 1732 in
607 1692 704 1732 suis
738 1692 976 1732 exercitiis
1011 1691 1333 1742 spiritualibus
1368 1698 1412 1731 et
1447 1691 1712 1741 humilibus,
1742 1697 1786 1731 et

153 1762 254 1803 Pstis
282 1762 336 1803 T.
360 1763 650 1803 orationibus
672 1769 716 1803 et
738 1762 981 1803 sacrificiis
998 1769 1043 1803 et
1065 1762 1262 1802 aliorum
1283 1762 1475 1802 Patrum
1494 1774 1549 1802 ac
1566 1762 1802 1812 Fratrum⁴

156 1845 205 1874 se
226 1834 353 1886 ipsos
374 1834 607 1874 humiliter
642 1833 971 1874 commendant
1004 1833 1052 1873 in
1085 1832 1206 1884 Xpo.
1229 1832 1356 1885 Jesu,
1380 1845 1519 1884 quern
1547 1844 1715 1884 precor
1736 1839 1788 1873 vt

156 1916 242 1945 nos
262 1916 424 1945 omnes
445 1904 611 1944 doceat
631 1904 742 1956 quid
763 1905 822 1945 sit
844 1904 1186 1956 beneplacitum
1207 1904 1323 1953 Deo,
1339 1910 1382 1944 et
1404 1904 1463 1944 ad
1489 1904 1536 1943 id
1558 1915 1784 1955 exequen-

159 1975 270 2016 dum
290 1986 457 2015 manus
478 1975 724 2016 confortet.
743 1974 912 2016 Amen.

236 2046 307 2086 De
327 2044 442 2086 Sant
462 2045 617 2086 Lucar
638 2046 694 2086 de
715 2046 1003 2088 Barrameda
1024 2060 1057 2099 y
1080 2047 1135 2087 de
1159 2045 1364 2087 Octubre
1385 2047 1410 2086 2
1436 2046 1552 2085 1555.

239 2115 329 2157 Por
351 2117 603 2157 comission
626 2117 700 2157 del
720 2117 769 2158 P.
788 2117 977 2158 Rector.

318 2187 390 2228 De
410 2187 469 2228 V.
496 2187 544 2228 P.
567 2188 701 2228 invtil
722 2187 815 2239 hijo
837 2201 894 2229 en
915 2189 957 2229 el
978 2187 1125 2230 Sefior
1146 2195 1354 2238 nuestro,

1070 2331 1230 2384 †JUAN
1260 2329 1531 2371 GUTIERREZ
1552 2333 1579 2378 †

241 2541 595 2596 Superscrz‘ptz'o
634 2544 684 2584 in
715 2545 869 2585 altera
902 2545 1116 2597 pagina:
1151 2543 1265 2585 IHs.
1307 2543 1367 2584 Al
1389 2556 1499 2596 muy
1532 2543 1633 2584 ΚΦ)
1662 2544 1712 2586 Ρ.
1736 2556 1795 2586 en

160 2612 271 2666 Jesu
291 2613 375 2654 X.0
397 2622 587 2656 nuestro
610 2615 760 2656 Senos
782 2618 822 2657 el
842 2616 891 2657 Ρ.
916 2617 1121 2657 Maestro
1150 2616 1341 2667 Ignacio
1370 2615 1612 2667 Preposito
1642 2615 1792 2656 Gene-

161 2684 232 2724 ral
252 2684 308 2724 de
329 2685 373 2725 la
386 2685 646 2738 Compania
667 2687 723 2727 de
743 2687 879 2741 Jesus
901 2694 1006 2738 etc.,
1033 2700 1090 2727 en

241 2754 408 2796 Roma.

240 2825 353 2866 Alia
369 2839 532 2868 manu:
558 2828 672 2869 1555.
692 2829 934 2871 Sanlucar.
956 2829 1334 2881 Quadrimestres
1353 2831 1378 2871 2
1395 2830 1627 2871 Octobris.
1647 2829 1702 2882 Q.
1721 2829 1782 2871 V.

221 2984 231 3003 ¹
270 2983 358 3012 Vide
374 2993 489 3022 supra,
505 2995 582 3023 pag.
600 2989 662 3023 310,
679 2994 795 3017 annot.
807 2989 837 3017 2.
