2028 3328
888 142 971 176 AN.
1004 140 1095 175 1:³53
1734 140 1806 178 565

166 236 287 277 Hinc
311 237 446 278 facile
472 239 614 290 liquet
637 244 860 290 quantum
882 238 1015 278 labor
1037 244 1299 277 nostrorum
1322 238 1533 277 conferat
1560 238 1622 277 ita
1653 239 1803 288 perni-

168 308 293 348 ciose
316 309 596 359 errantibus,
619 310 729 349 dum
751 315 845 349 tam
864 309 911 348 in
932 309 1252 358 concionibus,
1273 320 1412 359 quam
1432 309 1477 347 in
1500 308 1800 349 confessioni-

167 379 252 418 bus
273 380 405 419 viam
426 381 592 420 salutis
609 381 805 420 fideliter
827 380 1077 420 ostendunt
1099 380 1271 419 iamdiu
1294 391 1387 419 non
1409 380 1708 419 intellectam.

247 450 390 490 Dabit
417 452 604 491 ueniam
638 452 901 492 Paternitas
935 458 1013 491 tua
1046 451 1321 491 uerbositati
1355 462 1502 501 meae,
1540 451 1579 490 si
1598 452 1796 501 paucula

165 523 377 572 exempla
399 523 664 563 subdidero.
689 524 828 564 Anno
845 522 1004 563 XXIX
1025 534 1131 562 cum
1151 524 1390 571 ingrueret
1412 522 1471 561 ad
1493 522 1794 562 obsidendam

163 590 285 631 hanc
308 593 550 634 ciuitatem
572 595 805 635 maximus
833 606 888 634 ac
915 593 1239 634 formidandus
1268 593 1342 633 ille
1364 593 1591 633 Turcicus
1619 594 1793 633 exerci—

162 668 248 712 ωε,
274 663 607 705 demandatum
628 673 697 706 est
720 665 895 705 destrui
922 664 1260 705 Monasterium
1289 664 1715 704 Franciscanorum
1737 664 1793 704 de

159 732 488 786 Obseruantia,
517 737 640 788 quod
660 749 754 776 non
776 737 938 788 procul
960 749 986 776 a
1008 736 1197 775 ciuitate
1219 736 1359 776 situm
1383 741 1498 785 erat,
1518 747 1575 775 ex
1593 747 1683 786 quo
1700 735 1789 775 fra-

156 811 251 844 tres
273 806 360 856 ipsi
389 807 469 846 uix
491 808 740 859 quicquam
761 814 1012 859 exportare
1034 813 1077 846 et
1101 808 1286 846 saluare
1313 818 1470 846 rerum
1499 818 1690 846 suarum
1711 818 1787 858 po-

156 882 302 924 tuere;
327 877 390 916 ita
413 879 692 919 conturbata
714 886 847 919 erant
883 880 1038 919 omnia
1076 879 1133 918 ob
1164 886 1394 918 terrorem
1425 877 1574 917 hostis
1608 877 1702 917 iam
1722 878 1786 917 vi-

156 947 263 987 cini.
288 947 422 988 Unde
444 949 620 989 factum
638 957 707 990 est
729 958 776 990 ut
798 950 888 1002 ipsi
907 950 1076 990 milites
1095 950 1374 989 viennenses
1395 948 1492 988 fere
1510 948 1620 988 illud
1637 954 1784 988 totum

155 1018 432 1070 diripuerint
455 1053 462 1070 ,
509 1022 684 1072 alioqui
718 1022 893 1073 optima
934 1021 1221 1073 supellectile
1243 1020 1675 1060 instructissimum.
1714 1019 1783 1059 Ex

153 1101 244 1140 qua
265 1092 441 1141 praeda
475 1093 640 1132 mulier
675 1105 701 1132 a
736 1093 880 1133 milite
914 1093 1117 1145 quodam
1152 1092 1284 1132 uaria
1315 1091 1475 1143 templi
1505 1097 1782 1131 ornamenta

150 1163 347 1213 accepit,
372 1175 491 1214 quae
510 1164 617 1203 licet
638 1164 871 1204 dubitaret
891 1176 952 1204 an
979 1170 1080 1204 tuta
1102 1163 1391 1204 conscientia
1425 1168 1583 1214 posset
1613 1162 1691 1201 illa
1712 1173 1780 1201 re-

151 1233 314 1283 tinere,
340 1241 383 1273 et
404 1235 451 1274 in
474 1246 586 1275 usus
607 1236 880 1286 prophanos
902 1242 1192 1285 conuertere,
1215 1238 1310 1274 'non
1331 1240 1487 1274 tamen
1511 1234 1570 1274 ad
1597 1233 1780 1273 restitu-

148 1304 321 1344 tionem
345 1307 464 1345 ullus
487 1306 804 1346 conscientiae
822 1307 1068 1357 scrupulus
1086 1312 1165 1346 aut
1185 1307 1279 1346 ulla
1297 1305 1531 1346 confessio
1549 1316 1654 1344 earn
1676 1316 1778 1355 pro—

147 1375 307 1425 mouit,
333 1376 481 1416 donec
504 1378 575 1417 his
597 1377 760 1417 diebus
778 1378 834 1417 ab
857 1390 948 1417 uno
976 1378 1275 1418 sacerdotum
1305 1383 1574 1417 nostrorum
1609 1376 1774 1416 edocta

145 1452 268 1486 esset
290 1448 413 1498 quod
440 1450 615 1488 nullum
652 1450 722 1489 ius
758 1450 804 1489 in
826 1461 930 1489 eam
964 1449 1346 1500 suppellectilem,
1378 1449 1477 1489 siue
1506 1448 1774 1497 donatione,

143 1517 242 1557 siue
276 1519 560 1570 venditione,
599 1527 863 1572 acceptam,
903 1521 1177 1561 obtinuisset
1210 1532 1431 1572 unquam:
1475 1521 1597 1560 laeta
1632 1519 1775 1570 igitur

142 1588 260 1629 haec
281 1591 447 1630 mulier
471 1591 526 1631 de
544 1592 733 1643 cognita
768 1592 934 1632 melius
955 1592 1167 1642 ueritate,
1200 1591 1421 1644 quicquid
1451 1590 1773 1631 huiuscemodi

142 1671 300 1700 rerum
318 1661 439 1712 apud
462 1674 511 1702 se
534 1663 687 1702 adhuc
710 1663 900 1703 extabat
922 1663 1118 1703 fideliter
1141 1662 1356 1703 Patribus
1378 1663 1585 1703 eiusdem
1616 1673 1773 1702 mona-

141 1732 271 1772 sterii
294 1733 386 1783 (qui
407 1745 532 1774 nunc
554 1734 601 1773 in
636 1735 826 1774 ciuitate
861 1734 1245 1786 commorantur),
1276 1735 1566 1786 apportauit,
1592 1735 1658 1774 uti
1692 1746 1771 1773 nu-

140 1802 243 1842 dius
266 1811 462 1855 quartus
483 1804 605 1844 Rdus
623 1803 670 1845 P.
697 1805 1011 1857 Guardianus‚
1031 1806 1339 1857 personaliter
1358 1807 1447 1846 huc
1464 1805 1671 1855 ueniens,
1692 1816 1771 1844 no-

138 1873 210 1913 bis
244 1875 556 1925 renunciauit,
595 1876 651 1916 de
682 1876 968 1928 poenitentia
996 1878 1203 1917 mulieris
1226 1889 1366 1929 quam
1393 1878 1448 1917 de
1490 1882 1768 1928 recuperata

135 1946 455 1996 suppellectile
476 1948 620 1987 multo
650 1948 829 1988 laetior.

214 2015 322 2056 Alia
345 2016 590 2068 quaedam,
615 2018 801 2058 uiuente
823 2020 1009 2071 quidem
1037 2019 1204 2060 marito
1232 2020 1430 2060 honesta
1457 2025 1687 2070 matrona,
1713 2031 1766 2059 eo

128 2092 290 2127 autem
313 2087 535 2129 defuncto
558 2101 663 2129 cum
686 2090 889 2142 quodam
905 2092 1165 2142 praediuite
1186 2091 1289 2131 viro
1313 2092 1490 2142 aliquot
1519 2091 1656 2131 annis
1676 2097 1766 2131 tur—

132 2158 253 2209 piter
269 2159 403 2199 vixit.
423 2160 568 2211 Haec,
586 2173 693 2201 cum
708 2162 893 2213 longius
909 2162 983 2203 ille
1001 2174 1198 2214 peregre
1212 2170 1335 2203 esset
1353 2162 1606 2214 profectus,
1624 2169 1762 2202 nacta

130 2229 308 2271 scilicet
334 2232 561 2272 maiorem
583 2244 723 2284 quam
744 2242 884 2274 antea
905 2234 1319 2286 opportunitatem,
1354 2235 1562 2275 animum
1593 2235 1764 2275 adiecit

132 2306 180 2340 ut
208 2301 395 2342 cuidam
422 2310 691 2344 nostrorum
719 2305 1019 2345 sacerdotum
1049 2307 1245 2346 vulnera
1281 2306 1464 2346 animae
1498 2317 1611 2346 suae
1646 2312 1760 2346 rete-

120 2378 275 2422 geret,
300 2380 344 2412 et
365 2375 570 2414 salutare
598 2376 845 2416 consilium
874 2377 1224 2429 remediumque
1260 2383 1576 2429 opportunum
1605 2384 1759 2428 postu-

127 2444 259 2483 laret.
287 2443 419 2484 Haec
441 2445 602 2497 igitur,
635 2458 742 2487 cum
772 2458 945 2498 magna
981 2448 1283 2500 turpitudinis
1318 2460 1430 2488 suae
1466 2448 1755 2495 confusione.

125 2513 273 2554 vitam
303 2516 424 2555 male
461 2522 616 2557 actam
650 2529 845 2569 prorsus
878 2519 926 2558 in
957 2519 1252 2559 consessione
1287 2520 1534 2571 detestata,
1571 2532 1757 2560 sacram

116 2587 506 2628 communionem
523 2589 570 2629 in
592 2589 995 2630 confirmationem
1031 2591 1103 2631 sui
1137 2591 1367 2642 propositi
1400 2591 1579 2632 feruide
1601 2602 1754 2633 Susce-

120 2656 203 2707 pit,
226 2663 271 2697 et
292 2664 493 2709 nuptura
517 2659 702 2700 cuidam
724 2661 920 2701 honesto
944 2662 1046 2701 viro
1069 2661 1162 2713 (qui
1184 2673 1289 2702 eam
1322 2662 1369 2702 in
1404 2663 1654 2714 coniugem
1676 2675 1752 2715 po-

114 2728 339 2778 stulabat)
363 2729 419 2769 ab
441 2730 588 2781 ipsius
609 2731 793 2772 moechi
813 2732 1051 2773 consortio
1079 2744 1128 2772 se
1151 2733 1339 2774 omnino
1361 2734 1615 2786 separauit.

199 2797 290 2839 Sed
310 2800 556 2841 breuitatis
577 2802 730 2842 studio
753 2804 809 2843 de
830 2804 1042 2854 plurimis
1062 2810 1213 2854 taceo,
1234 2817 1349 2856 quos
1367 2806 1599 2857 colloquia
1620 2806 1748 2847 fami-

117 2869 253 2910 liaria
273 2877 543 2912 nostrorum
565 2880 609 2913 et
637 2874 946 2915 confessionis
973 2876 1201 2926 remedia,
1225 2882 1322 2916 tam
1351 2877 1590 2918 erroribus
1621 2877 1747 2918 circa

116 2939 268 2992 fidem,
292 2953 431 2993 quam
454 2944 646 2985 alterius
665 2945 854 2996 generis
873 2946 999 2987 vitiis
1020 2947 1292 2988 liberarunt.
