2028 3328
183 132 254 168 212
695 132 919 169 LiTTERAE
947 141 1304 174 QUADRIMESTRES

879 583 1122 637 CCCXL

256 811 477 849 Antonius
499 811 720 850 Cordeses

302 877 424 914 Patri
443 877 614 923 Ignatio
635 877 688 914 de
708 877 892 924 Loyola.

352 942 543 988 Gandia,
570 942 614 979 31
637 942 897 979 Decembris
920 942 1012 979 1554
1034 949 1058 977 ².

987 1093 1017 1100 ...-

262 1224 363 1265 R.de
384 1225 431 1264 in
453 1224 643 1265 Christo
668 1223 821 1264 Pater.

264 1295 452 1345 Gratia,
475 1307 570 1347 pax
590 1301 633 1335 et
656 1307 787 1335 amor
808 1295 998 1335 Domini
1018 1296 1169 1336 nostri
1185 1295 1295 1348 Jesu
1317 1295 1491 1336 Christi
1512 1297 1604 1336 sint
1625 1308 1755 1348 semp
1767 1309 1817 1336 er

189 1368 235 1407 in
256 1367 484 1407 omnibus.

263 1438 394 1489 Quae
428 1437 677 1478 scribenda
713 1444 914 1489 quatuor
956 1437 1027 1477 his
1065 1438 1301 1478 mensibus
1347 1438 1616 1489 obtigerunt
1651 1439 1699 1479 in
1730 1439 1818 1480 hoc

184 1508 443 1549 Gandiensi
477 1508 707 1559 Collegio,
744 1508 1042 1559 paucissimis
1085 1508 1497 1560 comprehendam.
1534 1509 1820 1562 Scripsimus

184 1580 302 1620 alias
335 1579 463 1620 Tuae
494 1579 594 1619 Rae
622 1579 701 1619 P.ti
731 1591 903 1631 pueros
939 1579 1076 1620 huius
1113 1580 1271 1631 oppidi
1307 1579 1613 1620 christianam
1649 1581 1819 1621 doctri-

183 1663 314 1701 nam,
338 1650 510 1690 nostris
540 1649 756 1691 Patribus
784 1662 888 1690 eam
916 1650 1215 1701 docentibus,
1247 1650 1490 1691 addiscere
1507 1640 1820 1704 :'scripsimus

183 1723 326 1763 etiam
358 1722 620 1762 uberrimos
647 1722 754 1762 inde
782 1722 942 1772 colligi
970 1722 1170 1762 fructus:
1197 1722 1520 1774 omnibusque,
1544 1723 1623 1775 qui
1643 1723 1690 1763 in
1727 1724 1819 1764 hoc

184 1782 355 1845 populo
386 1792 581 1844 degunt,
611 1804 713 1833 esse
745 1793 836 1833 hoc
866 1793 1142 1833 exercitium
1178 1805 1317 1844 quam
1353 1793 1694 1844 gratissimum,
1732 1806 1819 1834 nec

184 1865 336 1905 minus
356 1864 671 1905 fructuosum:
696 1864 766 1904 his
798 1865 843 1904 in
873 1864 1249 1915 praesentiarum
1283 1865 1433 1905 solum
1465 1865 1705 1916 adiiciam,
1729 1865 1819 1906 fra-

184 1943 303 1977 trem
340 1936 590 1988 quemdam
632 1936 678 1976 in
719 1935 882 1975 eodem
915 1936 1141 1976 exercitio
1176 1947 1506 1987 perseuerare,
1546 1937 1592 1976 in
1625 1937 1819 1988 longum

185 2014 367 2059 tempus
389 2007 444 2058 (si
463 2007 692 2047 Dominus
714 2007 908 2058 dederit)
931 2013 1362 2058 perseueraturum.

265 2079 399 2120 Alius
421 2090 604 2131 quoque
632 2078 778 2118 frater
804 2085 918 2118 natu
943 2078 1302 2129 grandioribus,
1327 2079 1454 2118 uelut
1482 2078 1731 2129 hactenus,
1756 2079 1821 2119 in-

186 2156 471 2202 terpretatur
505 2150 768 2190 doctrinam
806 2149 1134 2200 christianam;
1173 2161 1331 2201 quem,
1369 2154 1418 2189 ut
1453 2149 1669 2200 audiant,
1707 2150 1818 2201 uiri,

185 2224 495 2274 mulieresque
533 2222 837 2273 grandaeuae
875 2222 1049 2260 multae
1089 2221 1148 2261 ad
1184 2221 1407 2272 templum
1441 2221 1590 2261 nostri
1624 2220 1821 2272 Collegii

184 2294 431 2334 accedunt.
453 2292 594 2333 Pater
616 2292 825 2344 quidam,
849 2292 1036 2332 nomine
1057 2290 1398 2332 Santanderius
1418 2290 1453 2342 Ξ,
1479 2292 1525 2332 in
1547 2292 1820 2343 praedican-

184 2366 244 2405 do
285 2365 443 2404 diuino
481 2363 624 2404 uerbo
664 2362 851 2414 dexter,
890 2362 1138 2414 multisque
1180 2363 1433 2403 uirtutibus
1473 2362 1533 2403 ad
1572 2363 1660 2402 hoc
1702 2373 1820 2414 opus

185 2435 521 2488 praestandum
559 2447 585 2474 a
624 2433 826 2474 Domino
867 2433 1076 2482 dotatus,
1115 2433 1423 2474 concionatur
1461 2433 1731 2485 frequenter
1772 2433 1820 2472 in

185 2512 345 2546 nostro
367 2505 597 2556 Collegio,
622 2517 678 2545 ac
705 2504 845 2545 etiam
875 2505 923 2544 in
943 2505 1120 2556 templo
1141 2504 1331 2555 maiori,
1357 2515 1497 2556 quam
1517 2503 1676 2544 sedem
1698 2495 1718 2522 ⁵⁴
1740 2516 1822 2544 no-

186 2577 378 2617 minant.
402 2576 490 2628 Qui
509 2576 716 2628 quidem,
741 2586 913 2626 magna
937 2586 1043 2615 cum
1071 2574 1319 2615 deuotione
1347 2586 1553 2626 suaeque
1575 2574 1821 2616 doctrinae

186 2647 541 2700 approbatione,
565 2658 592 2686 a
614 2646 793 2686 cunctis
814 2645 1025 2697 auditur,
1050 2645 1097 2686 in
1118 2645 1252 2686 cuius
1273 2645 1343 2685 rei
1364 2644 1682 2685 testimonium
1704 2645 1820 2687 illud

239 2807 249 2828 ¹
291 2807 527 2842 Autographa,
556 2806 653 2833 unico
681 2805 760 2833 folio
788 2809 960 2839 constans,
982 2812 1014 2832 n.
1040 2805 1103 2831 512.
1132 2804 1318 2838 Reperitur
1348 2803 1433 2831 haec
1461 2803 1607 2838 epistota
1634 2805 1665 2832 in
1690 2807 1824 2833 volum.

184 2855 264 2883 anni
279 2854 357 2882 1555.

236 2902 250 2922 Ξ
290 2902 378 2929 Vide
393 2902 541 2930 ΡοιΑΝςῐ
562 2900 766 2934 chronicon,
781 2905 804 2928 t.
819 2907 865 2934 ιν,
882 2908 958 2935 pag.
972 2899 1034 2933 408,
1050 2902 1168 2926 annot.
1185 2898 1213 2925 3.

238 2952 253 2971 ³
289 2952 422 2983 sedem,
436 2950 469 2977 la
484 2949 558 2976 Seo.
