2028 3328
205 150 274 186 510
721 147 948 184 LITTERAE
968 154 1326 189 QUADRmESTREs

205 246 417 285 ouiculas
434 244 694 294 clementia,
720 243 827 295 quia
849 244 1025 283 nullum
1047 242 1199 282 adhuc
1221 240 1499 288 inuenimus,
1525 239 1602 290 qui
1622 250 1715 278 non
1731 243 1839 289 per-

203 317 315 356 bene
342 317 612 356 consolatus
647 322 691 355 et
717 321 925 355 mutatus
953 315 999 354 in
1029 313 1170 352 alium
1203 311 1438 351 hominem
1465 310 1655 350 domum
1684 309 1743 349 sit
1772 321 1838 349 re-

207 398 386 427 uersus.
413 386 669 437 Quaedam,
694 386 894 426 mirabili
916 383 1259 436 pulchritudine
1277 389 1321 421 et
1342 381 1502 421 habitu
1519 380 1757 432 corporali
1775 380 1838 420 in-

207 458 403 510 signiter
421 458 585 497 dotata
610 456 634 507 ¹,
661 458 717 496 ab
735 456 848 508 ipsis
866 456 931 505 (Vt
949 454 1093 504 aiunt)
1117 453 1361 493 cunabulis
1382 451 1625 492 scortandi
1646 450 1841 502 turpitu-

208 529 315 569 dine
342 530 580 580 implicata
606 528 730 578 fnit,
761 538 878 578 qnae
903 526 995 565 sibi
1021 535 1246 575 magnum
1276 522 1289 541 ²
1317 523 1704 563 vestimentorum
1726 521 1836 562 alio-

210 612 404 652 rumque
427 600 721 640 muliebrium
743 604 991 638 ornatuum
1021 594 1228 636 corrasit
1250 594 1524 634 thesaurum
1545 592 1574 643 ⁵,
1608 604 1761 645 quem,
1785 592 1842 632 de

208 671 394 723 publica
431 672 526 711 vita
564 670 621 710 ad
656 680 823 721 puram
855 667 1067 717 reducta,
1105 673 1255 706 totum
1290 664 1584 716 contempsit,
1624 675 1840 716 perseue-

209 754 321 783 rans
342 741 356 760 ‘²
377 743 424 782 in
447 752 617 792 magna
640 741 765 780 vitae
788 738 1099 790 simplicitate,
1124 736 1460 788 poenitentiam
1481 736 1594 786 agit.

291 812 531 864 Quaedam
559 812 710 862 virgo,
736 822 876 862 quam
910 809 1043 849 multi
1073 808 1340 848 ambiebant
1374 814 1626 856 amatores,
1663 806 1843 846 nullum

211 896 307 924 non
326 892 568 924 mouentes
589 882 808 933 lapidem,
833 892 922 932 quo
945 880 1095 931 ipsam
1118 879 1178 919 ad
1195 878 1545 919 matrimonium
1562 877 1838 917 contrahen-

212 955 321 995 dum
334 956 618 1006 pellicerent,
635 953 740 1004 ipsa
757 955 912 992 aufem
929 957 1193 991 amatorum
1210 951 1374 990 volens
1391 949 1543 989 vitare
1561 948 1842 999 cupidinem,

213 1026 314 1066 Deo
343 1028 493 1066 solnm
525 1024 537 1042 ⁵
566 1026 751 1076 placere
782 1023 1006 1071 studiosa,
1044 1021 1389 1062 deformitatem
1418 1021 1624 1071 aliquam
1658 1018 1846 1070 corpori

217 1097 388 1137 inferre
413 1095 650 1147 cogitauit,
676 1104 950 1145 omnemque
971 1100 1215 1133 externam
1236 1092 1474 1144 deponens
1509 1090 1845 1140 curiositatem,

212 1167 607 1219 contemptibilem
637 1177 693 1206 ac
714 1165 973 1216 simplicem
1000 1164 1211 1204 habitum
1242 1163 1455 1214 sumpsit,
1478 1162 1524 1202 in
1547 1173 1638 1213 quo
1669 1172 1776 1201 cum
1797 1172 1846 1201 se

216 1246 412 1280 naturae
434 1238 767 1278 contrarietate
791 1244 834 1277 et
856 1236 1085 1277 diabolica
1103 1235 1315 1286 grauiter
1332 1234 1558 1274 sentiebat
1578 1232 1592 1251 Β
1610 1243 1848 1284 oppugna-

218 1312 256 1351 ri
291 1310 548 1350 tentatione
581 1309 609 1358 ⁷,
648 1308 772 1360 quod
804 1308 921 1348 haec
961 1315 1156 1347 externa
1186 1313 1230 1346 et
1261 1305 1554 1346 delectabilia
1589 1303 1804 1355 deposuit
1837 1301 1851 1322 ⁸

217 1389 507 1430 ornamenta,
528 1380 742 1421 omnibus
764 1379 964 1431 arreptis
984 1379 1213 1418 lacerauit
1234 1375 1263 1428 ⁹,
1288 1389 1344 1417 ac
1365 1377 1433 1417 sic
1450 1383 1646 1417 cunctas
1663 1386 1850 1426 supera-

219 1452 593 1492 uittentationeS.

299 1523 418 1569 Alia,
442 1522 667 1573 gaudium
689 1528 732 1561 et
755 1528 950 1561 ornatus
971 1520 1114 1560 totius
1136 1519 1394 1560 inventutis
1417 1517 1576 1558 habita
1598 1517 1722 1567 (licet
1743 1528 1844 1568 spu⁴

216 1607 292 1635 ma
313 1594 470 1634 verius
497 1591 523 1611 '⁰
545 1600 588 1632 et
611 1592 818 1632 omnium
840 1599 1145 1643 peccatorum
1165 1590 1273 1640 fex),
1300 1590 1506 1640 adeoque
1526 1587 1782 1628 sublimata
1804 1594 1853 1627 ut

216 1666 359 1706 foelix
377 1677 432 1705 ac
453 1666 627 1704 laetum
647 1664 825 1703 nullum
844 1661 1078 1702 diceretur
1101 1661 1369 1702 conuiuium
1391 1661 1513 1700 illius
1534 1670 1703 1699 carens
1719 1670 1851 1710 prae-

213 1736 383 1783 sentia,
408 1746 547 1786 qnam
570 1733 800 1775 Dominus
827 1733 1033 1780 tandem,
1064 1733 1142 1784 pio
1169 1733 1241 1772 sui
1269 1732 1443 1772 amoris
1463 1731 1573 1782 igne
1593 1730 1849 1780 incensam,

219 1807 276 1847 ab
295 1806 487 1846 aedibus
505 1805 715 1857 paternis
736 1804 1035 1855 omniumque
1056 1814 1310 1855 procorum
1329 1802 1598 1843 familiarite
1620 1802 1851 1850 auulsam,

214 1878 279 1918 ad
306 1880 460 1917 locum
493 1876 743 1928 quemdam
776 1875 1107 1926 religiosarum
1141 1874 1453 1914 foeminarum
1486 1873 1739 1925 pertraxit,
1772 1871 1851 1912 ubi

219 1961 314 1989 non
334 1949 486 1989 minus
509 1959 650 1999 quam
677 1947 724 1987 in
753 1947 910 1987 seculo
945 1946 1157 1986 omnibus
1184 1945 1505 1997 spectaculum
1531 1950 1614 1993 est,
1647 1943 1730 1984 sed
1757 1954 1853 1983 non

218 2032 273 2060 eo
292 2031 381 2071 quo
403 2020 450 2059 in
472 2017 645 2059 mundo
666 2017 821 2069 mod0;
844 2023 943 2058 tam
961 2017 1085 2057 enim
1105 2016 1179 2067 pie
1199 2016 1411 2067 virgines
1432 2015 1628 2067 aliquas,
1653 2025 1771 2066 quas
1789 2020 1855 2054 te-

220 2098 310 2141 net,
335 2090 521 2130 instruit
543 2095 824 2140 exercetque
857 2088 905 2128 in
925 2088 1191 2138 virtutibus,
1226 2093 1275 2127 ut
1302 2087 1468 2127 beatae
1496 2086 1727 2136 dicantur,
1759 2085 1855 2136 qui-

222 2163 305 2202 bus
335 2173 440 2201 cum
469 2173 523 2201 ea
563 2160 776 2200 habitare
810 2159 1056 2209 contingit,
1085 2166 1134 2198 ut
1163 2159 1318 2198 dicere
1346 2164 1552 2209 possent:
1577 2157 1698 2197 sicut
1728 2156 1855 2196 exhi·

221 2233 318 2272 buit
353 2233 559 2272 membra
596 2243 679 2271 sua
714 2230 891 2271 seruire
926 2230 1249 2270 immunditiae
1283 2237 1325 2269 et
1358 2229 1592 2280 iniquitati
1619 2239 1766 2278 usque
1797 2227 1857 2267 ad

220 2304 536 2355 iniquitatem,
561 2302 624 2342 ita
645 2313 768 2342 nunc
790 2301 960 2341 eadem·
975 2300 1178 2350 exhibet,
1203 2307 1291 2340 etc.

279 2488 288 2507 ¹
329 2490 466 2514 ornata.
484 2487 660 2513 Polancus.

280 2535 293 2553 ’Ξ
331 2542 488 2568 magnum
506 2535 585 2561 szbae'.
603 2533 650 2561 Id.

281 2581 294 2597 ⁹*
334 2582 531 2609 thesaurum
544 2584 757 2616 parauerat.
774 2581 821 2608 Id.

285 2630 298 2649 ⁴
336 2631 367 2655 et
383 2637 623 2663 perseverans.
639 2629 687 2656 Id.

283 2677 297 2695 5
336 2680 367 2703 et
388 2676 456 2703 Deo
472 2676 548 2702 soli.
567 2676 615 2703 ld.

282 2723 296 2742 ὓ
333 2725 486 2750 sentiret.
503 2723 553 2751 Id.

285 2772 296 2789 ⁷
339 2779 379 2798 ea
396 2771 563 2798 videhcet
578 2772 781 2798 tentatione.
796 2770 844 2798 Id.

283 2817 298 2834 ⁵³
335 2819 559 2853 deposuisset.
575 2818 626 2845 Id.

283 2864 296 2883 ⁹
335 2873 374 2891 ea
390 2866 573 2892 laceravit.
593 2864 644 2892 Id.

284 2911 311 2931 ¹0
349 2913 463 2939 Aliam
484 2919 572 2946 qnae
593 2913 753 2946 gaudium
775 2917 808 2939 et
833 2917 973 2938 ornatus
988 2912 1092 2938 totius
1109 2912 1295 2939 iuuentutis
1311 2911 1613 2942 lzabebatzu·;11'cet
1629 2918 1750 2946 spuma
1770 2911 1862 2936 esset

231 2960 356 2985 verius
377 2958 428 2986 Id.
