2028 3328
178 142 244 179 136
686 143 912 180 LITTERAE
938 154 1296 187 QUADRuffisi-Rsss

176 240 221 279 in
239 240 327 280 hac
349 241 478 290 urbe,
502 246 545 280 et
568 240 612 279 id
634 240 821 292 quidem
839 241 1126 292 continuum,
1152 248 1196 281 et
1213 254 1239 281 a
1257 242 1408 293 primo
1426 241 1820 293 quadragesimae

174 310 248 350 die
269 311 600 362 primariarum
623 311 932 352 foeminarum
953 318 1135 352 tantum
1156 323 1453 360 concursum,
1492 317 1540 351 ut
1576 312 1665 352 hae
1687 313 1816 353 solae

174 388 361 422 centum
383 383 725 434 quinquaginta
747 388 791 422 et
814 395 868 423 eo
891 384 1088 435 amplius
1110 384 1259 424 iustae
1278 384 1557 434 capacitatis
1592 384 1815 434 scamnis,

173 453 536 504 capacissimum
571 454 744 505 alioqui
775 460 819 494 et
847 454 893 493 in
921 455 1126 495 ciuitatis
1160 455 1379 495 umbilico
1413 455 1554 494 situm
1588 455 1813 506 templum

174 525 427 564 onerarint.
452 524 564 564 Item
587 525 836 576 optimates
857 537 950 565 non
971 526 1271 577 paucioribus
1298 524 1321 565 ¹.
1346 524 1468 565 Nam
1488 525 1534 565 in
1556 525 1646 565 hac
1670 525 1813 576 potis-

171 594 339 635 simum
360 594 615 646 Republica
633 596 679 635 in
698 597 824 636 omni
840 597 1067 637 concione
1085 603 1129 636 et
1147 597 1343 636 lectione
1360 607 1582 636 numerus
1599 596 1811 636 uirorum

174 666 420 706 mulierum
442 667 488 706 in
508 667 713 718 triplum,
735 667 981 719 aliquoties
999 668 1139 708 etiarn
1154 668 1200 707 in
1218 668 1466 719 decuplum
1484 667 1683 708 excedit:
1703 667 1814 720 imo,

173 737 295 788 quod
330 737 579 777 dolendum
615 744 699 787 est,
737 750 846 778 rara
882 738 956 778 hic
993 739 1296 790 conspicitur,
1329 750 1447 790 quae
1474 739 1700 778 lectiones
1726 738 1812 778 fre-

172 814 376 859 quentet,
396 808 616 848 foemina.
635 808 782 849 Porro
801 810 971 860 vulgus
989 810 1048 850 ad
1067 809 1346 849 audiendum
1361 816 1457 849 tam
1474 810 1693 861 frequens
1707 822 1812 849 con-

170 879 317 930 fluxit,
340 886 389 919 ut
411 880 659 932 aliquoties
688 887 813 920 stare
845 881 1105 931 commode,
1144 893 1238 921 non
1274 881 1379 921 dico
1415 881 1593 929 sedere,
1619 881 1699 921 uix
1729 893 1807 932 po—

165 951 351 999 tuerint,
376 951 494 991 adeo
519 958 565 991 ut
587 952 741 991 dicere
765 951 936 1002 pudeat
958 964 1098 1004 quam
1124 964 1300 1003 paucos
1328 952 1565 992 auditores
1595 953 1675 992 alii
1697 964 1804 993 con-

165 1022 432 1062 cionatores
453 1023 743 1063 retinuerint.
767 1023 872 1076 Jam
894 1024 1004 1075 quid
1025 1031 1155 1063 tanto
1179 1024 1411 1063 auditorio
1441 1023 1634 1074 dignum
1667 1023 1808 1064 Pater

165 1094 468 1144 praestiterit,
494 1101 761 1146 quantoque
784 1106 891 1134 cum
912 1095 1066 1135 fructu
1088 1095 1240 1146 ipsum
1263 1094 1452 1134 Patrem
1480 1095 1808 1146 frequentaue-

166 1165 245 1215 rit,
268 1165 447 1216 paucis,
472 1165 534 1205 mi
555 1165 709 1217 Pater,
734 1165 911 1217 accipe.
942 1165 1178 1206 Nobilium
1213 1166 1335 1206 bona
1357 1178 1467 1218 pars
1499 1166 1809 1218 quadragesi-

165 1247 304 1286 mam,
330 1236 404 1276 cui
426 1236 485 1277 ad
506 1236 585 1276 illa
606 1248 753 1288 usque
782 1243 994 1288 tempora
1030 1236 1336 1277 infestissima
1370 1237 1538 1287 fuerat,
1577 1237 1809 1277 extensio-

163 1319 263 1347 rem
279 1308 485 1359 optabat,
509 1308 635 1348 haud
662 1320 775 1348 sane
811 1308 902 1348 alio
938 1309 1094 1348 animo
1130 1320 1272 1360 quam
1306 1320 1397 1360 quo
1431 1308 1602 1348 diutius
1625 1314 1807 1349 tantum

166 1390 451 1429 praeconem
471 1379 635 1419 audire
657 1379 835 1429 liceret,
859 1380 1115 1431 eademque
1137 1386 1235 1419 tum
1251 1380 1453 1431 primum
1482 1380 1592 1431 quid
1614 1380 1702 1420 hae
1724 1379 1811 1420 sibi

168 1450 266 1490 dies
288 1451 459 1490 uellent
481 1461 742 1501 agnoscere
772 1451 939 1502 coepit.
977 1449 1216 1502 Siquidem
1250 1457 1359 1491 ante
1395 1462 1449 1491 ea
1484 1457 1697 1502 tempora
1718 1463 1811 1491 non

168 1533 345 1572 paucos
363 1522 569 1573 reperire
587 1528 702 1572 erat,
725 1521 817 1573 qui,
839 1522 937 1561 siue
955 1522 1112 1562 carnis
1129 1521 1361 1562 fouendae
1381 1522 1551 1573 gratia,
1572 1522 1670 1562 siue
1688 1523 1812 1574 quod

165 1592 339 1633 alicubi
364 1604 447 1644 per
484 1593 847 1644 imprudentiam
868 1593 1120 1633 haereseos
1151 1604 1345 1633 succum
1381 1593 1726 1644 degustassent,
1764 1594 1811 1634 in

166 1663 532 1715 quadragesima
559 1664 846 1715 promiscue,
879 1664 1004 1704 haud
1033 1675 1170 1704 secus
1200 1670 1339 1716 atque
1371 1664 1475 1704 aliis
1503 1664 1806 1716 temporibus,

163 1735 384 1775 carnibus
419 1735 548 1774 uesci
582 1742 941 1775 consueuerant.
980 1735 1051 1775 De
1079 1735 1264 1775 ieiuniis
1296 1741 1448 1786 taceo,
1480 1747 1586 1775 cum
1609 1741 1653 1776 et
1675 1736 1807 1786 alios,

161 1813 413 1858 praecepto
425 1807 666 1847 Ecclesiae
684 1807 1076 1858 obtemperantes,
1088 1819 1171 1858 per
1187 1807 1485 1847 insolentiam
1502 1807 1808 1856 incesserent;

163 1890 327 1918 uerum
353 1878 444 1918 hac
466 1878 530 1918 illi
550 1878 930 1929 quadragesima,
954 1885 1003 1918 ut
1025 1878 1199 1918 diuersi
1216 1885 1260 1918 et
1275 1877 1405 1918 Patri
1421 1886 1465 1918 et
1485 1878 1621 1918 nobis
1639 1879 1804 1919 retule-

160 1955 289 1999 runt,
314 1961 406 1989 non
429 1950 580 1989 solum
601 1949 658 1989 ab
681 1960 763 1989 esu
798 1949 1025 1999 carnium,
1061 1950 1142 1990 sed
1165 1956 1208 1989 et
1242 1962 1267 1990 a
1299 1950 1547 1990 lacticiniis
1578 1949 1808 1990 abstinue-

160 2026 283 2061 runt.
306 2020 486 2061 Variae
516 2020 752 2070 haereses,
777 2032 897 2072 quae
926 2022 1183 2061 multorum
1214 2020 1388 2061 ciuium
1412 2021 1592 2061 animos
1626 2021 1808 2061 inuase-

159 2098 280 2142 rant,
305 2092 510 2131 aduentu
531 2090 684 2131 Patris
706 2098 961 2143 utcumque
983 2103 1245 2143 repressae,
1267 2104 1326 2132 ex
1343 2092 1652 2143 plurimorum
1668 2092 1808 2132 etiam

160 2163 330 2203 animis
367 2162 577 2203 funditus
614 2163 895 2213 extirpatae.
932 2163 1062 2203 Haec
1097 2169 1228 2203 tanta
1264 2175 1370 2203 cum
1410 2163 1570 2203 diuino
1601 2163 1810 2203 subsidio

159 2234 346 2274 adiutus
371 2234 680 2286 praestiterit,
705 2234 974 2274 inuidorum
995 2234 1124 2284 dens,
1149 2234 1228 2286 qui
1255 2241 1413 2275 tamen
1434 2235 1481 2274 in
1510 2235 1593 2275 tali
1614 2246 1664 2274 re
1681 2235 1808 2275 uires

158 2317 267 2345 suas
289 2317 483 2345 exerere
511 2306 642 2356 solet,
676 2317 909 2357 nusquam
939 2317 989 2345 se
1016 2306 1244 2357 prodidit:
1281 2306 1373 2346 imo
1408 2306 1437 2346 ii
1469 2306 1574 2357 ipsi,
1612 2306 1689 2358 qui
1711 2306 1802 2346 hoc

159 2376 344 2416 nomine
375 2376 587 2416 nonnihil
622 2376 828 2427 suspecti
864 2382 1012 2426 erant,
1052 2376 1324 2428 suppliciter
1361 2388 1411 2417 se
1442 2376 1754 2427 demittentes,
1779 2388 1805 2416 e

157 2447 464 2486 concionibus
485 2453 652 2487 notatu
674 2446 893 2497 digniora
914 2447 1132 2498 excipere
1153 2447 1330 2488 frustra
1351 2449 1665 2499 postularunt.

235 2518 346 2568 Iam,
367 2517 477 2568 quid
498 2529 583 2569 pro
611 2526 708 2558 tam
739 2518 913 2569 insigni
941 2517 1168 2561 beneficio
1205 2518 1414 2559 beneficii
1446 2524 1610 2559 auctor
1631 2519 1799 2559 retule-

156 2589 229 2639 rit,
254 2595 303 2629 ut
325 2595 530 2640 caetera,
552 2589 786 2641 patienter
807 2589 1007 2640 suscipe.
1031 2589 1082 2629 In
1104 2589 1267 2640 primis
1288 2589 1480 2640 singuli,
1504 2601 1703 2642 quorum
1725 2601 1803 2629 au-

152 2660 354 2701 thoritas
373 2660 420 2700 in
442 2660 531 2700 hac
553 2660 793 2712 republica
812 2660 1064 2711 plurimum
1079 2661 1218 2711 ualet,
1243 2672 1346 2701 sese
1365 2660 1494 2701 Patri
1513 2660 1801 2710 obtulerunt,

154 2732 214 2771 ad
231 2732 389 2772 omnia
411 2731 760 2782 paratissimos;
786 2743 971 2783 quoque
993 2732 1201 2771 animum
1221 2743 1357 2772 suurn
1379 2731 1426 2771 in
1442 2731 1630 2772 Patrem
1648 2737 1692 2772 et
1710 2732 1803 2771 col-

153 2803 331 2854 legium
368 2802 534 2842 melius
570 2802 887 2853 declararent,
926 2803 1118 2854 quidam
1152 2815 1330 2854 eorum,
1368 2802 1426 2843 ad
1459 2802 1548 2842 hoc
1584 2813 1753 2843 munus
1774 2814 1801 2843 a

212 2964 221 2984 ¹
266 2963 421 2991 Scamnis
437 2969 502 2991 ten·
512 2965 600 2998 plum
618 2968 818 2991 onerarunt.
