2028 3328
848 143 881 179 A
894 153 931 179 Ν.
968 143 1059 178 1555
1704 144 1776 180 ‹30⁰›

141 242 230 281 hoc
259 242 554 281 sanctissimo
574 240 777 292 jubilaeo
809 250 900 279 non
929 239 1082 278 minus
1111 249 1295 289 quoque
1324 239 1497 277 laboris
1528 239 1586 278 ab
1609 240 1770 279 eodem

139 319 407 364 susceptum
429 324 530 352 esse
549 312 671 352 scias
694 311 749 362 (si
770 317 925 350 tamen
948 309 1079 348 labor
1102 309 1140 348 is
1162 315 1230 348 est
1253 309 1490 359 dicendus,
1524 310 1569 349 in
1599 322 1688 361 quo
1711 312 1771 351 di·

140 383 276 423 uinae
305 383 565 423 Maiestatis
586 394 754 422 nomen
786 380 1035 429 extollitur,
1072 386 1116 419 et
1144 391 1237 419 non
1258 380 1413 430 potius
1442 392 1622 420 summa
1646 383 1772 422 volu-

138 456 274 505 ptas),
305 455 342 494 si
365 454 565 506 quidem,
591 453 848 494 accersitus
871 465 897 492 a
928 451 1109 491 filiabus
1138 450 1296 498 Ducis,
1331 463 1491 490 earum
1521 452 1771 493 confessio-

138 537 244 565 nem
267 525 445 565 audiuit
467 532 605 577 atque
627 524 816 571 eisdem,
841 529 885 563 et
905 522 1040 562 fratri
1064 521 1266 562 Domino
1291 521 1502 572 Aloysio‚
1529 523 1771 574 sororique

136 595 268 636 lllmi.
294 595 454 645 Ducis,
487 608 542 636 ac
570 595 848 647 quibusdam
878 593 1146 634 domesticis
1169 593 1454 632 mulierculis
1483 600 1670 644 postero
1700 595 1772 635 die

137 667 484 707 sanctissimum
512 673 858 707 sacramentum
887 664 1187 714 ministrauit;
1211 675 1408 714 cumque
1437 665 1661 715 temporis
1693 678 1769 705 an-

135 738 320 788 gustiae
348 739 620 778 concionem
648 749 741 777 non
771 742 1058 795 paterentur,
1091 746 1210 785 eam,
1235 746 1376 786 quam
1408 735 1669 775 habendam
1694 747 1772 787 pa-

133 815 325 849 rauerat
353 808 505 858 Pater,
536 809 582 848 in
613 808 660 848 19
687 808 853 848 horam
881 806 1073 847 distulit:
1108 817 1201 845 non
1229 811 1387 845 tamen
1418 812 1575 846 tacere
1605 808 1771 857 potuit,

134 880 216 920 sed
238 891 388 931 pauca
406 880 461 920 de
480 879 785 920 Sanctissimo
804 877 1110 919 Sacramento
1129 876 1385 929 praemisit3
1405 877 1520 916 hora
1538 884 1695 918 autem
1715 879 1771 919 de

135 962 226 1002 qua
259 956 580 991 conuenerant
607 950 821 1002 proxima
853 949 912 989 ad
940 948 1255 988 nobilissimas
1284 948 1504 988 mulieres
1533 949 1673 989 uenit.
1709 950 1771 990 At

136 1021 263 1062 dices
295 1023 404 1074 quo?
435 1021 575 1073 Apud
611 1021 948 1062 monasterium
978 1019 1305 1070 religiosarum
1336 1020 1660 1070 quarumdam,
1695 1021 1771 1061 ubi

136 1099 322 1133 centum
344 1099 388 1133 et
410 1093 567 1133 nescio
590 1093 733 1132 etiam
754 1094 792 1132 si
814 1093 970 1143 plures
993 1090 1302 1131 communiter
1319 1091 1497 1141 uiuunt,
1516 1091 1636 1131 inter
1654 1103 1773 1144 quas

134 1176 269 1204 soror
296 1164 442 1204 Ducis
473 1176 527 1204 eo
556 1163 798 1214 religionis
819 1163 1006 1203 uinculo
1029 1162 1223 1213 alligata
1245 1162 1387 1213 degit;
1412 1162 1566 1214 ibique
1588 1163 1771 1203 concio-

133 1241 272 1276 natus
293 1242 375 1275 est.
401 1235 472 1275 De
494 1235 719 1275 concione
740 1246 852 1274 uero
871 1233 985 1273 nihil
1006 1233 1169 1273 attinet
1191 1233 1362 1283 dicere,
1384 1233 1429 1272 in
1454 1245 1545 1284 qua
1568 1233 1624 1273 de
1645 1233 1771 1274 Nati-

134 1307 278 1347 uitate
296 1306 509 1357 Virginis
520 1305 711 1355 Mariae,
729 1305 1025 1345 sanctissimo
1040 1303 1366 1344 Eucharistiae
1382 1303 1707 1353 SacramentO,
1725 1312 1770 1345 et

133 1378 300 1429 gratiis
323 1390 348 1418 a
371 1377 560 1418 Summo
583 1376 804 1416 Pontifice
827 1376 1066 1416 concessis
1083 1375 1335 1427 praecipue
1353 1376 1596 1426 agebatur,
1624 1388 1767 1428 quan-

132 1449 191 1489 do
216 1449 501 1499 cogitatione
518 1448 684 1488 melius
706 1447 1053 1499 comprehendi,
1078 1458 1221 1498 quam
1242 1446 1391 1486 literis
1409 1446 1591 1487 abunde
1609 1448 1768 1499 scribi,

131 1521 293 1573 possit.
323 1520 426 1560 Hoc
455 1520 592 1560 modo
621 1519 846 1570 scriptum
875 1519 1015 1559 uelim
1044 1518 1306 1558 doctrinam
1328 1530 1431 1558 eam
1462 1517 1769 1568 declaratam,

133 1604 252 1644 quae
273 1591 486 1632 utilitatis
507 1591 611 1642 plus
633 1596 733 1630 erat
755 1591 972 1640 allatura,
998 1601 1140 1641 quam
1168 1589 1437 1629 continebat
1468 1589 1767 1641 difficultatis,

131 1663 360 1715 siquidem
383 1663 449 1702 sic
471 1663 628 1702 omnia
651 1661 1020 1713 exponebantur,
1045 1667 1093 1700 ut
1122 1660 1266 1700 etiam
1288 1660 1494 1701 difficilia
1522 1660 1680 1702 facilia
1703 1662 1768 1703 ui-

131 1735 365 1775 derentur.
399 1733 692 1786 §perandum
720 1732 906 1784 quidem
925 1738 995 1772 est
1026 1731 1266 1772 Christum
1293 1732 1453 1785 Jesum
1484 1733 1663 1772 semina
1698 1733 1768 1773 sui

130 1805 292 1846 Sancti
314 1805 513 1857 Spiritus
536 1805 581 1844 in
603 1816 764 1844 eorum
787 1803 954 1844 animis
975 1803 1222 1855 sparsisse,
1248 1803 1435 1855 quando
1453 1811 1641 1854 praeter
1658 1816 1766 1845 uen-

129 1883 227 1917 tum
248 1877 498 1928 quicquam
519 1876 620 1916 dari
642 1876 699 1916 ab
722 1875 910 1915 homine
931 1887 1024 1915 non
1047 1880 1217 1926 potest.

209 1948 280 1988 De
301 1947 476 1987 nostris
498 1955 657 1987 autem
678 1946 896 1986 Patribus
918 1952 961 1986 et
983 1945 1209 1986 fratribus
1232 1945 1341 1997 quid
1364 1945 1418 1985 R.
1442 1945 1491 1985 P.
1511 1946 1562 1986 T.
1584 1947 1773 1997 pollice—

128 2019 167 2059 ri
189 2030 389 2070 possem,
414 2019 502 2058 hoc
523 2018 690 2058 habeo:
713 2029 793 2058 eos
814 2017 992 2057 scilicet
1013 2029 1067 2057 eo
1090 2017 1336 2057 charitatis
1367 2017 1535 2057 ardore
1563 2017 1765 2069 flagras-

126 2103 176 2131 se
197 2096 247 2131 ut
268 2089 532 2130 ualetudine
555 2089 756 2129 aduersa
777 2093 959 2128 utentes
982 2088 1125 2128 semel
1145 2088 1276 2127 bisue
1299 2088 1594 2128 consolatum
1611 2101 1766 2130 acces—

126 2162 257 2211 sisse,
287 2173 381 2201 non
408 2160 512 2200 dico
543 2159 601 2200 ad
631 2159 938 2210 xenodochia,
970 2159 1064 2210 sed,
1100 2159 1209 2199 dum
1239 2159 1429 2210 licebat,
1461 2160 1520 2200 ad
1550 2160 1769 2212 proprias

127 2233 306 2282 domos,
330 2232 417 2272 sibi
439 2244 533 2272 non
549 2230 879 2281 satisfecerint,
900 2242 1155 2282 eorumque
1173 2230 1492 2271 confessiones
1510 2231 1764 2281 audiuisse,

127 2303 208 2344 sed
230 2303 402 2356 pluries
424 2303 513 2343 hoc
535 2303 709 2342 amoris
732 2301 940 2342 officium
969 2308 1212 2353 praestare
1236 2301 1482 2352 uoluerint;
1515 2302 1579 2342 ita
1602 2308 1652 2342 ut
1672 2314 1766 2343 non

127 2375 405 2425 recusarint,
429 2374 523 2414 imo
548 2385 660 2413 uero
682 2373 1011 2424 expetiuerint,
1043 2378 1206 2412 noctes
1235 2384 1342 2412 cum
1363 2373 1419 2413 iis
1439 2373 1652 2424 uigilare,
1686 2374 1768 2425 qui

124 2446 338 2486 ultimum
373 2445 495 2485 diem
530 2444 735 2485 clausuri
767 2444 1042 2484 dicebantur
1079 2445 1380 2496 (quamquam
1418 2456 1511 2484 non
1549 2445 1768 2485 accersiti

124 2528 365 2568 nunquam
385 2515 655 2556 eorumdem
677 2515 846 2555 domus
868 2514 1137 2566 adiuerint),
1163 2520 1301 2566 atque
1324 2515 1381 2555 iis
1402 2527 1542 2566 quam
1562 2515 1766 2556 libentis-

124 2589 239 2629 sime
261 2587 509 2628 astiterint.

203 2659 455 2699 Praeterea
490 2656 611 2709 quod
647 2668 811 2697 eorum
844 2656 988 2708 aliqui
1022 2658 1069 2697 in
1096 2657 1269 2708 templo
1297 2663 1459 2697 nostro
1496 2657 1767 2698 concionati

122 2732 294 2772 suerint
309 2731 402 2771 iam
425 2730 476 2770 T.
498 2729 551 2770 R.
575 2728 625 2769 P.
646 2735 937 2781 compertum
965 2740 1068 2769 esse
1091 2740 1243 2780 spero:
1268 2728 1496 2780 siquidem
1521 2729 1552 2770 ii
1573 2735 1767 2771 sanctae

123 2801 414 2843 obedientiae
434 2801 606 2841 uirtute
626 2800 747 2851 freti,
773 2800 905 2840 cuius
927 2800 1156 2840 mandato
1186 2800 1232 2840 id
1254 2799 1658 2852 ingrediebantur,
1681 2813 1768 2842 suo

122 2884 314 2914 munere
335 2872 635 2913 mediocriter
656 2871 803 2912 functi
820 2871 965 2912 fuere.

206 2943 391 2985 Accidit
415 2955 600 2995 quoque
623 2950 671 2983 ut
693 2942 765 2983 his
787 2943 950 2983 diebus
971 2941 1262 2994 cumjudaeo
1286 2943 1489 2995 quodam
1504 2950 1667 2984 nostro
1687 2943 1769 2984 Pa-
