2028 3328
149 157 217 194 106
657 155 885 193 LITTERAE
912 165 1273 198 QUADRIMESTRES

142 265 307 294 eorum
329 253 497 293 summi
519 252 677 304 templi
711 251 1015 292 concionator
1042 252 1145 293 fuit.
1170 253 1276 306 Jam
1307 252 1494 300 tertius,
1529 254 1788 295 canonicus

138 324 350 364 eiusdem
383 324 544 376 templi
578 329 622 364 et
657 322 984 373 concionator,
1023 324 1164 364 etiam
1194 336 1243 364 se
1274 322 1502 364 Societati
1544 324 1639 364 iarn
1672 325 1787 365 dare

142 394 355 436 intendit:
375 405 548 446 magna
570 394 753 435 dicendi
775 394 997 434 facundia
1017 394 1258 446 praeditus
1280 400 1364 445 est,
1388 395 1682 436 naturalibus
1706 408 1786 447 op-

141 467 255 506 time
277 466 479 506 dotatus:
502 465 607 505 30.m
630 463 640 484 ¹
663 476 839 505 annum
859 465 972 516 agit,
997 465 1239 506 ditissimis
1261 465 1549 517 parentibus.

222 537 304 578 Est
326 537 466 577 etiam
487 536 719 588 quaedam
740 542 958 577 matrona
978 535 1274 588 Nouiomagi,
1301 547 1420 587 quae
1438 537 1627 578 domum
1648 548 1785 578 suam

141 609 349 661 amplam
379 608 645 659 admodum,
677 619 783 648 curn
804 607 940 648 horto
970 608 1180 659 pulchro,
1206 606 1434 648 Societati
1457 607 1571 649 dare
1593 608 1784 649 omnino

142 680 290 732 cupit.

223 751 381 792 Vicini
400 751 550 791 nostri
587 750 634 790 in
670 750 768 791 vita
797 750 1056 791 christiana
1089 750 1310 791 alacriter
1338 749 1602 802 proficiunt,
1626 750 1786 802 singu—

142 823 200 863 lis
231 822 601 863 hebdomadibus
621 822 764 862 semel
786 821 1049 863 confitendo
1073 827 1117 862 et
1139 821 1534 862 communicando
1551 833 1658 862 cum
1679 821 1785 862 aliis

143 894 387 934 matronis.

222 965 368 1015 Haec,
392 964 499 1005 R.de
519 965 673 1015 Pater,
697 964 947 1006 scribenda
969 965 1115 1005 habui
1132 964 1181 1004 P.
1202 963 1280 1015 V.;
1301 964 1377 1004 cui
1398 964 1533 1004 unice
1554 976 1641 1005 nos
1663 976 1787 1005 com-

141 1036 432 1087 mendamus,
453 1042 497 1077 et
518 1035 711 1077 Patrum
732 1048 788 1076 ac
808 1033 1029 1076 Fratrum
1049 1036 1286 1088 precibus
1316 1035 1442 1076 Bene
1463 1036 1622 1076 valeat
1644 1035 1693 1076 P.
1717 1034 1781 1076 V.

143 1108 192 1148 in
212 1107 295 1148 X.0
318 1131 365 1136 —
383 1107 586 1160 Raptim.

226 1249 449 1291 Coloniae
475 1250 533 1289 1.0
554 1249 627 1291 die
648 1249 935 1302 Septembris
960 1248 1074 1290 1554.

462 1321 515 1362 R.
540 1320 599 1362 V.
623 1332 790 1362 seruus
815 1320 1051 1372 indignus,

1003 1463 1035 1515 -ξ-
1055 1465 1340 1505 LEONARDUS
1371 1463 1570 1505 KEssEL.
1593 1463 1625 1515 †

221 1679 574 1731 superscriptio
591 1679 641 1719 in
656 1678 1077 1730 seczmdapagz'na:
1105 1680 1131 1725 †
1146 1678 1226 1718 Re.
1238 1677 1280 1704 ‘¹0
1301 1677 1347 1718 in
1365 1678 1449 1718 X.0
1471 1677 1599 1718 Patri
1610 1677 1765 1728 Mago

138 1751 321 1802 Ignatio
344 1763 371 1791 a
392 1750 587 1803 Loona,
610 1751 880 1802 praeposito
901 1750 1110 1801 generali
1133 1748 1383 1790 Societatis
1404 1749 1529 1802 Jesu.

863 1821 1054 1862 Romae.

217 1893 329 1934 Alta
345 1904 505 1934 manu.
533 1892 648 1934 1554.
673 1893 879 1935 Colonia.
905 1892 960 1933 de
982 1904 1040 1932 m.
1065 1891 1313 1932 Leonardo
1337 1890 1395 1932 1.0
1414 1891 1470 1932 de
1501 1890 1780 1932 Settembre.

193 2102 204 2122 ¹
244 2103 456 2131 Emendatus
471 2106 522 2131 est
537 2103 666 2137 primus
681 2108 851 2135 numerus,
865 2104 897 2129 et
913 2101 1047 2135 quidem
1061 2101 1104 2128 ab
1119 2100 1192 2135 ipso
1218 2099 1349 2134 Kessel,
1376 2099 1432 2133 qui
1457 2099 1552 2134 prius
1567 2102 1782 2127 exaraverat

140 2149 280 2178 literam
299 2150 337 2183 T,
351 2151 447 2185 quasi
463 2150 658 2185 incepturus
673 2150 824 2177 scribere
840 2156 959 2177 vocem
980 2147 1234 2182 Trigesimnm.
