2028 3328
821 112 905 150 AN.
937 113 1028 149 1555
1673 112 1739 149 471

105 213 187 263 pit.
211 212 345 252 Ultro
368 212 580 262 citroque
600 209 820 250 familiari
840 201 1068 260 producto
1091 208 1150 248 ad
1172 209 1344 248 iustum
1381 209 1605 259 temporis
1636 220 1735 259 spa-

106 284 222 324 tium
258 283 503 335 colloquio,
528 282 823 332 tandemque,
860 281 962 332 ipsa
993 281 1059 319 rei
1086 280 1285 319 veritate
1307 280 1449 329 probe
1486 280 1736 330 intellecta,

111 354 299 394 Patrem
320 354 526 394 studiose
548 353 726 394 monuit
747 358 811 403 vt,
845 351 1191 403 quamprimum
1222 350 1468 390 commode
1493 350 1593 390 fieri
1614 356 1737 401 pote—

108 426 183 475 rit,
207 425 477 476 Principum
504 437 559 465 ac
581 424 907 464 Praelatorum
940 422 1207 462 testimonia
1230 422 1276 461 in
1311 427 1500 461 nostrae
1531 419 1736 471 Congre-

109 496 313 546 gationis
332 495 644 547 patrocinium
664 494 800 534 nobis
822 494 1140 544 impetremus.

189 566 289 617 Qua
311 567 648 618 pollicitatione
669 565 808 605 Pater
835 571 995 604 noster
1023 575 1072 604 se
1100 563 1164 603 illi
1192 564 1455 614 obstrinxit,
1486 570 1566 603 tua
1595 575 1736 615 opera

111 638 417 690 praestanda.
444 637 687 688 Quumque
709 635 838 676 R.tiae
861 642 967 675 tuae
999 635 1174 686 literas,
1198 635 1427 686 simulque
1449 634 1578 675 Patri
1597 636 1738 675 tradi-

108 715 204 748 tam
225 708 403 759 negotii
424 709 549 759 apud
571 708 723 759 ipsum
745 706 980 747 tractandi
1008 705 1292 756 methodum,
1324 711 1462 757 atque
1485 705 1602 746 adeo
1634 718 1738 746 cen-

106 791 266 819 suram
296 780 610 831 theologicam
639 778 936 831 perlegisset,
970 777 1170 828 benigne
1207 777 1442 827 pollicitus
1468 782 1538 817 est
1568 788 1617 816 se
1645 777 1734 817 Do-

103 857 259 890 ctores
279 851 526 901 theologos
547 856 886 890 conuenturum
908 860 1048 900 super
1066 860 1237 888 causae
1255 854 1446 888 nostrae
1464 854 1733 889 controuer-

105 922 189 971 sia,
214 928 263 962 vt
286 921 459 962 editam
482 933 730 962 censuram
751 921 1009 971 corrigant,
1032 920 1249 960 veritatis
1272 926 1540 971 compertae
1562 920 1732 961 studio.

104 992 288 1043 Optime
310 1004 423 1044 erga
446 1005 531 1033 nos
555 993 775 1033 affectum
804 1004 853 1032 se
875 992 1083 1044 praebet,
1123 1003 1264 1043 seque
1287 991 1598 1032 Reuerentiae
1627 997 1736 1032 tuae

106 1064 309 1104 officiose
331 1064 650 1105 commendari
674 1063 961 1114 efflagitauit.

184 1134 348 1175 Itidem
375 1135 487 1175 facit
515 1134 649 1175 R.mus
671 1134 902 1175 Dominus
933 1133 1297 1174 Clarmontanus
1331 1133 1564 1185 Antistes,
1596 1146 1650 1174 ac
1679 1133 1729 1174 Il-

104 1206 263 1246 lustris
283 1207 356 1246 vir
377 1206 608 1246 Dominus
637 1205 697 1245 du
725 1205 869 1256 Mont,
900 1216 1008 1245 cum
1035 1205 1257 1244 vniuerso
1284 1204 1485 1245 fratrum
1511 1205 1726 1257 collegio,

104 1278 507 1329 promptissimam
536 1276 850 1318 obedientiam
877 1275 977 1317 Ρ.ἵὶς
1004 1283 1112 1318 tuae
1140 1276 1335 1328 imperio
1362 1276 1597 1316 humiliter
1629 1276 1735 1317 offe-

104 1355 250 1389 rente.

181 1419 411 1460 Dominus
430 1420 567 1473 Jesus
588 1426 633 1460 te
654 1425 844 1460 nostrae
866 1420 1004 1460 saluti
1026 1420 1104 1460 diu
1119 1425 1275 1460 seruet
1293 1419 1588 1471 incolumem,
1609 1420 1734 1471 apud

101 1503 237 1542 quem
255 1490 501 1531 sacrificiis
518 1497 561 1531 et
579 1491 869 1531 orationibus
889 1492 981 1531 tuis
998 1491 1215 1542 pusillum
1229 1492 1352 1532 hunc
1368 1502 1565 1542 gregem
1586 1497 1733 1537 tuum,

102 1562 297 1602 Parisiis
319 1563 597 1614 latitantem,
623 1562 943 1603 commendari
965 1562 1187 1614 digneris.

180 1634 317 1684 Vale,
343 1634 390 1673 in
410 1633 598 1674 Christo
620 1634 730 1686 Jesu
752 1633 891 1674 Pater
918 1634 1360 1685 obseruandissime,
1394 1646 1499 1674 cum
1519 1645 1734 1674 numero-

99 1705 286 1745 sissimo
308 1704 469 1755 gregis
490 1704 672 1744 romani
694 1710 844 1755 coetU‚
876 1705 1008 1745 cuius
1029 1717 1115 1757 ope
1137 1717 1350 1745 crescere
1376 1705 1650 1756 propediem
1686 1705 1733 1745 in

100 1776 254 1817 Gallia
275 1776 412 1816 nobis
430 1776 601 1826 licebit,
625 1782 723 1816 tum
743 1775 976 1816 Auinione
996 1775 1022 1827 ¹,
1046 1783 1143 1817 tum
1165 1776 1379 1817 Billomii.
1403 1775 1571 1817 Amen.

176 1847 337 1887 Tertio
361 1846 473 1887 Maii
498 1846 612 1897 1555,
635 1846 843 1898 Parisiis,
868 1859 926 1888 ex
946 1847 1140 1888 aedibus
1158 1847 1519 1888 Clarmontanis.

178 1918 521 1959 Commissione
543 1917 635 1958 Κῶ
656 1918 706 1958 Ρ.
730 1919 881 1959 nostri
901 1919 1090 1960 Domini
1110 1919 1354 1960 Paschasii
1374 1919 1562 1959 Broe'tii.

311 1988 436 2030 Reae
460 1989 764 2030 Paternitatis
785 1995 894 2030 tuae
914 1990 1136 2041 indignus
1156 1990 1291 2040 filius,

900 2132 1148 2173 ROBERTUS
1179 2133 1512 2174 CLAYSSONius.

178 2273 532 2325 Sztperscrz'ptio
562 2273 611 2313 in
633 2278 807 2326 quarta
821 2275 1036 2326 pagina:
1056 2275 1159 2316 R.d0
1190 2275 1238 2315 in
1258 2275 1446 2316 Christo
1474 2275 1604 2316 Patri
1638 2276 1728 2317 Do-

95 2344 223 2384 mino
245 2344 427 2395 Ignatio
459 2345 514 2385 de
536 2344 735 2397 Loyola,
759 2345 1034 2398 Praeposito
1068 2346 1290 2387 Generali
1317 2346 1565 2388 Societatis
1586 2347 1728 2388 nomi-

92 2415 166 2455 nis
187 2415 313 2468 Jesu,
337 2416 384 2455 in
405 2415 600 2457 aedibus
622 2415 666 2457 S.
692 2416 870 2457 Mariae
892 2417 948 2457 de
972 2416 1158 2458 Strada.

1261 2488 1455 2529 Romae.

600 2559 647 2599 di
668 2565 803 2611 porto
824 2571 918 2600 vno
940 2560 1132 2600 carlino.

171 2627 284 2668 Alia
304 2640 468 2670 manu:
493 2630 607 2671 1555.
633 2630 842 2682 Parisiis,
867 2629 1245 2681 Quadrimestres
1265 2629 1313 2682 iij
1335 2631 1462 2671 Maii.

172 2699 337 2740 Manet
357 2701 618 2753 vestigium
639 2712 771 2742 cerae
791 2702 963 2742 rubrae
984 2700 1155 2753 sigilli.

148 2881 158 2901 ¹
197 2882 378 2916 Agebatur
399 2884 471 2920 jam
492 2889 564 2913 tum
590 2886 632 2913 ab
657 2890 819 2914 autumno
841 2886 1061 2921 praecedenti
1089 2887 1127 2914 de
1154 2886 1306 2921 Collegio
1329 2887 1361 2914 in
1385 2888 1468 2915 urbe
1491 2887 1724 2917 Avenionensi

82 2929 314 2958 dnstituendo.
