2028 3328
812 123 894 159 ΑΝ.
927 122 1018 159 1555
1665 124 1736 161 685

95 232 218 273 quae
241 221 496 261 maximum
517 223 882 260 emolumentum
905 221 951 259 in
973 219 1117 259 literis
1146 219 1371 270 bonisque
1394 220 1602 259 moribus
1624 220 1730 260 huic

99 292 201 332 urbi
216 291 393 340 afferat,
414 292 546 331 cuius
564 292 802 342 exemplar
820 290 913 330 iam
929 290 987 330 ad
1006 289 1342 330 paternitatem
1359 296 1487 330 tuam
1506 291 1732 340 misimus,

104 363 293 402 missuri
308 368 470 413 postea
488 363 687 402 alterum
703 361 848 401 Ducis
865 361 1098 412 totiusque
1122 367 1330 411 senatus,
1351 361 1429 412 qui
1451 361 1571 401 idem
1595 362 1734 401 omni-

102 445 161 472 no
184 433 461 473 confirmant
486 432 511 473 ¹.

181 504 231 544 In
253 504 425 544 scholis
447 505 603 544 omnia
625 515 709 556 pro
730 515 858 544 more
887 503 1015 552 fiunt,
1040 502 1246 553 nihilque
1268 509 1338 542 est
1362 503 1655 543 immutatum
1679 515 1737 543 ex

101 587 156 614 eo
187 575 309 626 quod
338 574 392 615 R.
430 575 568 615 Pater
604 575 741 616 Natal
776 575 990 615 instituit:
1027 574 1199 625 legitur
1228 574 1442 614 doctrina
1480 573 1737 614 christiana

99 646 258 698 pueris
279 646 442 686 diebus
465 647 649 687 ueneris
672 659 698 686 a
728 646 776 687 P.
805 645 1000 699 Joanne,
1026 645 1103 697 qui
1134 645 1275 685 etiam
1297 645 1460 685 diebus
1488 645 1736 685 dominicis

100 717 408 757 concionatur
431 719 477 757 in
499 718 700 769 quodam
718 717 1028 761 xenodochio,
1049 717 1095 756 in
1115 728 1204 768 quo
1223 716 1364 756 etiam
1381 716 1496 756 fiunt
1518 728 1544 755 a
1562 717 1738 757 nostris

100 787 328 828 fratribus
358 788 624 840 frequentes
652 789 1014 839 cohortationes,
1045 788 1179 828 uaria
1211 788 1459 839 colloquia,
1490 794 1629 839 atque
1659 788 1736 828 ad-

105 860 397 910 monitiones,
422 872 541 911 quae
564 860 804 912 sigillatim
817 871 1062 900 recensere
1083 871 1488 911 superuacaneum
1505 867 1643 909 esset;
1664 872 1737 899 ne-

103 943 192 982 que
228 943 281 970 eo
312 931 357 970 in
388 932 490 971 loco
519 938 716 981 tanturn,
748 931 830 971 sed
858 931 1040 983 ubique,
1073 930 1150 970 ubi
1185 930 1492 970 commoditas
1529 930 1739 970 offertur.

103 1002 222 1042 Nam
242 1014 347 1042 cum
365 1002 553 1053 quidam
571 1015 596 1042 a
621 1003 794 1043 nostris
815 1003 886 1043 bis
909 1009 1061 1042 essent
1085 1001 1365 1053 deprehensi
1388 1001 1565 1042 chartis
1586 1002 1741 1042 luden-

105 1080 189 1124 tes,
210 1085 316 1113 cum
337 1074 382 1114 id
398 1074 574 1114 factum
591 1087 617 1114 a
634 1074 806 1115 nostris
820 1072 1074 1126 [fratribus]
1090 1085 1183 1113 non
1202 1073 1490 1122 laudaretur,
1506 1073 1585 1124 illi,
1606 1073 1740 1113 omis-

103 1158 156 1187 so
177 1147 302 1196 lud0‚
327 1146 517 1186 chartas
539 1145 859 1186 dilacerauere
881 1152 1019 1196 atque
1048 1145 1094 1185 in
1115 1157 1245 1185 mare
1277 1143 1532 1196 projecere,
1557 1145 1741 1196 promit-

105 1225 256 1259 tentes
278 1229 327 1257 se
349 1223 572 1258 uenturos
597 1217 643 1256 in
667 1217 914 1267 collegium
937 1222 1150 1256 nostrum
1169 1216 1228 1256 ad
1246 1215 1578 1256 confitendum.
1602 1215 1743 1256 Bene-

105 1290 258 1330 dictus
286 1289 344 1329 sit
375 1288 619 1335 Dominus,
650 1288 725 1328 cui
754 1287 870 1327 haec
903 1287 1059 1327 omnia
1081 1293 1277 1338 accepta
1299 1286 1475 1327 referre
1505 1287 1740 1337 debemus,

107 1361 185 1413 qui
206 1360 343 1400 efficit
365 1367 412 1399 ut
434 1371 537 1399 eam
560 1359 897 1410 praestantiam
915 1359 1103 1398 uirtutis
1120 1365 1258 1410 atque
1276 1358 1453 1409 ingenii
1471 1358 1525 1408 <si
1548 1370 1638 1410 qua
1657 1360 1741 1409 est)

102 1443 246 1484 quam
266 1431 531 1471 hominibus
553 1430 815 1481 impertitus
837 1435 921 1479 est,
941 1429 1209 1481 impertiant
1232 1429 1320 1480 ipsi
1341 1429 1461 1480 suis,
1487 1430 1739 1470 communi-

106 1508 305 1554 centque
327 1514 432 1542 cum
453 1501 694 1553 proximis;
717 1501 897 1541 fructus
919 1501 1040 1541 enim
1063 1500 1239 1551 ingenii
1260 1507 1305 1540 et
1325 1501 1512 1540 uirtutis
1530 1507 1627 1541 tum
1650 1513 1741 1541 ma-

106 1574 234 1614 xime
257 1574 454 1625 capitur,
479 1585 585 1613 cum
606 1573 653 1613 in
674 1573 941 1624 proximum
964 1584 1192 1624 quemque
1215 1571 1471 1612 confertur.

187 1644 234 1686 Si
269 1646 401 1693 haec,
439 1643 578 1684 Pater
614 1644 800 1695 optime,
834 1655 981 1695 parua
1011 1644 1092 1683 tibi
1113 1643 1346 1693 uidentur,
1375 1643 1599 1684 habemus
1632 1644 1741 1695 quid

107 1727 193 1756 nos
224 1727 405 1767 quoque
437 1715 623 1755 causari
651 1715 897 1767 possimus;
926 1714 1076 1766 primo
1105 1714 1289 1765 collegii
1320 1715 1467 1754 nostri
1499 1715 1640 1755 situm
1662 1715 1742 1755 im-

109 1794 374 1838 portunum;
398 1786 563 1826 deinde
586 1787 834 1826 aduersam
851 1786 1170 1826 ualetudinem
1186 1785 1279 1825 Rdi
1301 1785 1351 1825 P.
1372 1785 1624 1837 Baptistae,
1647 1787 1740 1839 qui,

104 1859 146 1898 si
167 1859 358 1904 ualeret,
383 1870 475 1897 non
498 1857 656 1897 dubito
688 1857 799 1909 quin
820 1858 964 1897 multo
988 1858 1121 1909 plura
1144 1856 1321 1907 fierent;
1346 1863 1449 1896 tum
1470 1869 1582 1897 uero
1604 1869 1743 1908 penu-

109 1930 226 1969 riam
261 1929 624 1977 concionatoris,
664 1928 1019 1979 absentiamque
1051 1927 1105 1967 R.
1141 1927 1293 1967 Patris
1325 1927 1529 1979 LayneZ,
1573 1929 1649 1980 qui
1684 1929 1741 1968 ab

107 2000 322 2040 omnibus
350 1999 557 2051 quotidie
587 2006 880 2050 expectatur.
913 1998 1063 2050 Spero
1099 1999 1238 2038 modo
1273 1999 1478 2038 aduentu
1500 1998 1552 2038 R.
1579 1999 1626 2040 P.
1651 1998 1742 2039 Do-

104 2071 250 2111 ctoris
273 2070 422 2111 Olarti
442 2070 455 2088 '²
486 2070 650 2110 melius
673 2082 722 2109 se
744 2081 820 2109 res
841 2070 1085 2110 habituras
1107 2081 1246 2120 quam
1274 2069 1519 2109 hactenus.
1551 2069 1742 2110 Interim

108 2150 263 2182 tamen
286 2142 415 2189 haec,
451 2148 700 2192 utcumque
729 2147 850 2191 sunt,
880 2140 980 2181 Rde
1008 2140 1075 2191 P„
1099 2141 1331 2191 benignus
1356 2141 1532 2192 accipe,
1556 2143 1742 2192 quando

107 2213 241 2264 plura
263 2213 344 2252 tibi
367 2212 533 2252 offerre
554 2224 649 2252 non
670 2223 932 2263 possumus.

189 2283 313 2323 Nihil
337 2284 429 2323 iam
450 2290 662 2335 superest
685 2283 774 2323 nisi
794 2290 843 2322 ut
865 2283 999 2322 nobis
1021 2283 1256 2333 ignoscas,
1283 2283 1560 2334 ueniamque
1593 2296 1618 2323 a
1641 2283 1741 2323 Deo

108 2367 194 2406 pro
216 2355 352 2394 nobis
374 2360 507 2405 petas
528 2354 567 2394 si
589 2354 699 2406 quid
720 2354 829 2394 boni
849 2365 875 2393 a
893 2354 1028 2394 nobis
1050 2354 1335 2404 negligentia
1355 2355 1740 2404 praetermissum

110 2432 193 2477 est,
218 2433 261 2466 et
284 2426 490 2465 diuinam
506 2425 727 2476 implores
749 2425 1059 2474 clementiam,
1084 2435 1132 2464 ut
1155 2425 1389 2476 possimus
1408 2426 1507 2464 eius
1530 2427 1738 2465 uolunta-

108 2503 202 2537 tem
223 2507 512 2547 cognoscere
534 2502 578 2536 et
600 2496 803 2547 perfecte
826 2496 1006 2547 exequi.
1035 2495 1167 2536 Vale.

188 2567 396 2617 Genuae,
419 2573 552 2607 sexto
575 2566 678 2606 idus
700 2566 916 2607 Octobris
940 2577 1062 2606 anno
1090 2565 1204 2606 1555.

643 2637 763 2678 filius
785 2644 828 2677 et
850 2648 1015 2677 seruus
1037 2637 1210 2676 inutilis
1228 2637 1273 2676 in
1295 2636 1497 2687 Christo,

1051 2743 1327 2784 ALPHoNsus
1348 2744 1657 2785 HERNANDEZ.

167 2893 176 2911 ¹
216 2893 303 2920 Vide
321 2893 465 2919 Pon-xxm
484 2891 686 2923 C'zrom‘con,
702 2895 725 2918 t.
744 2899 774 2924 ν,
787 2891 841 2918 ubi
855 2891 894 2917 de
912 2890 1064 2925 Collegio
1080 2890 1251 2918 Genuensi
1268 2891 1394 2926 agitur.

164 2941 178 2960 ²
215 2940 279 2974 Sic;
292 2945 343 2968 est
359 2946 473 2968 autem
487 2948 598 2968 sermo
614 2939 653 2965 de
670 2939 704 2966 P.
719 2938 874 2973 Gaspare
890 2939 1033 2966 Loarte.
