2028 3328
154 146 225 183 304
672 142 899 179 LITTERAE
918 147 1278 183 QUADRmEsTREs

155 248 250 282 tate
272 241 397 281 haud
417 240 581 292 procul
603 237 900 279 discesserim
922 237 960 277 si
989 236 1125 276 malis
1151 233 1334 286 punicis
1372 231 1650 281 conferrem,
1676 242 1799 281 quae·

156 324 259 353 cum
284 311 595 363 praerubeum
615 321 728 361 prae
749 321 799 350 se
820 309 971 349 ferant
992 307 1213 354 colorem,
1238 303 1316 354 qui
1344 313 1449 342 eum
1472 302 1792 352 inspectantes

158 384 393 423 oblectare
414 383 546 430 solet,
570 382 719 421 fracta
742 380 1058 426 nihilominus,
1083 375 1292 416 marcida
1309 373 1516 424 reperire
1533 372 1635 412 erit.
1660 370 1794 422 Quod

158 466 265 495 cum
285 453 334 494 Ρ.
373 453 543 494 Rector
567 452 881 503 cognouisset,
911 450 1049 501 paulo
1085 451 1361 493 commotuS‚
1383 450 1590 483 attamen
1611 443 1791 492 hilaris,

157 525 274 565 haec
297 524 484 576 quidem
500 522 800 564 dilacerando
819 522 865 561 ui
887 520 1085 570 effregit,
1108 518 1224 557 haec
1247 522 1404 556 autem
1427 514 1633 565 gladiolo
1655 513 1791 553 disci·

158 596 309 636 dendo
327 595 537 647 proiecit,
562 594 701 634 credo
724 592 938 644 equidem
963 597 1117 630 tantas
1139 587 1392 639 perfrictae
1422 585 1649 625 audaciae
1670 584 1796 624 uires

157 668 365 719 perferre
386 678 480 706 non
500 665 705 717 potuisse
727 664 837 714 quin
856 662 1095 712 repentino
1114 658 1317 710 quodam
1339 656 1513 707 impetu
1531 655 1591 695 ad
1610 667 1665 695 ea
1684 654 1794 694 dila-

159 739 332 778 nianda
354 738 520 777 ductus
544 736 719 776 suisset.
744 733 900 774 Noluit
922 739 1076 771 tamen
1096 729 1261 769 Patres
1279 734 1322 767 et
1340 727 1511 766 fratres
1530 731 1660 766 tanta
1678 725 1798 765 dele—

160 809 366 849 ctatione
393 808 595 859 priuare,
627 805 751 857 quod
782 802 1071 844 commodius
1100 799 1199 840 fieri
1234 810 1373 850 posse
1405 797 1602 838 credidit
1632 796 1671 836 si
1692 796 1797 836 hae-

161 880 301 920 rcsim
322 891 376 919 eo
413 879 621 925 allatam,
660 877 737 916 ubi
767 875 903 915 simul
934 884 1094 913 omnes
1131 880 1522 918 conueneramus,
1560 868 1637 908 ubi
1675 867 1799 918 ignis

162 952 451 1001 compositus
467 949 636 998 fuerat,
662 946 1097 986 combussissemus.
1138 941 1176 982 O
1211 942 1337 993 piam
1367 939 1611 980 laetitiam!
1642 950 1667 978 o
1687 949 1798 989 gau-

160 1022 287 1061 dium
321 1032 415 1060 non
444 1019 668 1060 obliuioni
696 1015 1029 1057 mandandum!
1059 1014 1162 1065 quis
1195 1024 1289 1052 non
1317 1011 1607 1051 exhilaratus
1638 1009 1801 1049 fuisset

160 1093 197 1132 si
214 1091 402 1131 Patrem
424 1097 467 1130 et
488 1091 659 1130 fratres
680 1089 735 1138 ei,
772 1088 949 1127 scelera
986 1084 1254 1136 respiranti,
1288 1081 1610 1122 incendendae
1642 1080 1708 1120 sic
1736 1080 1800 1119 in—

159 1163 297 1203 nixos
314 1162 525 1212 uidisset,
547 1167 594 1200 ut
616 1161 663 1200 hi
687 1158 873 1211 quidem
892 1158 1072 1197 adeam
1096 1157 1141 1195 in
1164 1155 1322 1206 ignem
1342 1151 1684 1193 immittendam
1704 1151 1800 1190 nul-

160 1235 253 1273 lam
274 1244 456 1273 moram
478 1233 734 1281 traherent,
759 1236 802 1270 et
824 1229 870 1269 hi
891 1228 1031 1279 lignis
1049 1238 1142 1267 non
1163 1226 1306 1266 semel
1323 1224 1521 1264 subditis
1543 1223 1602 1263 ad
1622 1228 1802 1274 pestem

161 1304 528 1355 extinguendam
546 1302 829 1342 laborarent!
847 1299 937 1340 Sed
954 1298 1114 1339 nescio
1125 1298 1248 1349 quid,
1267 1308 1376 1337 ecce
1391 1306 1553 1335 eorum
1570 1293 1802 1345 quaedam

161 1375 410 1425 cernimus,
434 1386 553 1426 quae
576 1374 622 1413 in
653 1374 760 1424 igne
795 1372 878 1412 vix
909 1371 1171 1421 deflagrare
1199 1368 1493 1417 videbantur,
1519 1372 1563 1406 et
1586 1365 1801 1417 quamuis

159 1447 256 1486 fere
280 1446 443 1486 horam
468 1446 682 1485 flammae
706 1443 975 1495 suppositae
1002 1442 1226 1491 iacerent,
1265 1438 1467 1480 cremari
1499 1436 1803 1478 nihilominus

159 1530 252 1557 non
273 1517 566 1557 uidebamus.
592 1516 695 1556 Non
718 1515 967 1555 defuerunt
990 1514 1068 1565 qui
1090 1513 1319 1553 dixissent
1341 1522 1447 1551 eum
1469 1509 1700 1561 spiritum,
1726 1507 1804 1559 qui

161 1589 220 1629 ad
237 1589 314 1628 illa
340 1589 580 1628 exaranda
613 1586 997 1637 lucubrandaque
1026 1585 1303 1636 deceptores
1332 1582 1440 1632 (non
1468 1581 1622 1621 dicam
1649 1579 1804 1619 docto-

158 1660 249 1709 res)
272 1660 580 1710 compulerat,
605 1658 667 1698 ibi
698 1658 934 1707 latitasse3
972 1656 1053 1696 sed
1089 1656 1206 1695 haec
1242 1653 1455 1705 pluribus
1485 1653 1644 1692 forsan
1665 1662 1806 1702 quam

159 1731 444 1782 oportuisset
470 1730 683 1770 disserui.
709 1729 886 1769 Nobilis
908 1734 1065 1767 autem
1086 1727 1177 1777 ille,
1202 1725 1376 1777 pluries
1396 1724 1654 1773 confessus,
1687 1721 1804 1762 San-

159 1808 262 1841 ctae
282 1801 417 1841 Fidei
441 1801 683 1841 Romanae
705 1800 947 1840 Ecclesiae
969 1799 1159 1839 innixus
1182 1797 1408 1849 persistit.

242 1872 622 1913 Commemoratu
645 1872 789 1922 digna
811 1876 967 1911 essent
988 1870 1189 1922 plurima
1211 1867 1426 1917 dicenda,
1457 1867 1505 1907 in
1534 1866 1702 1918 quibus
1724 1865 1803 1905 mi—

158 1943 443 1983 sericordiae
470 1942 659 1983 Domini
696 1943 942 1994 perspicue
972 1940 1180 1981 infinitae
1216 1939 1543 1991 inspiciuntur.
1576 1937 1667 1978 Sed
1698 1937 1802 1988 quis

158 2014 380 2054 uniuersa
401 2025 649 2054 recensere
678 2014 854 2065 posset?
884 2024 978 2052 non
999 2018 1157 2052 tamen
1184 2011 1230 2051 id
1257 2009 1652 2062 praetermittam,
1677 2007 1801 2060 quod

158 2090 379 2136 operatus
403 2091 473 2125 est
497 2084 728 2125 Dominus
746 2085 791 2124 in
810 2083 1184 2124 confessionibus
1201 2081 1445 2134 proximis:
1467 2081 1710 2120 confessus
1732 2088 1801 2119 est

158 2156 232 2195 ille
250 2162 295 2196 et
312 2156 623 2196 sacramentis
641 2155 845 2196 Sanctae
863 2154 1105 2195 Ecclesiae
1123 2153 1381 2202 restitutus,
1403 2152 1480 2203 qui
1496 2151 1561 2191 ita
1579 2151 1803 2191 contami-

158 2233 295 2267 natus
317 2236 421 2268 erat
446 2233 508 2278 ut,
540 2228 876 2278 languescens,
901 2227 948 2266 in
970 2225 1265 2277 putredinem
1287 2224 1467 2264 solutus
1489 2222 1692 2263 iamiam
1715 2221 1803 2261 dis-

160 2298 411 2338 soluendus
450 2298 822 2338 existimabatur.
864 2297 1084 2337 Mulieres
1114 2308 1319 2348 quoque,
1359 2306 1478 2346 quae
1514 2294 1604 2333 hoc
1638 2292 1804 2333 morbo

157 2368 447 2418 laborabant,
472 2381 564 2409 non
585 2369 845 2417 defuerunt,
868 2368 1117 2420 quominus
1139 2366 1304 2407 sordes
1325 2372 1369 2406 et
1396 2364 1539 2405 animi
1568 2363 1682 2404 uitia
1705 2375 1731 2402 a
1751 2375 1801 2402 se

163 2438 420 2479 abiicerent
438 2445 482 2479 et
499 2451 668 2480 nouam
684 2440 874 2479 uiuendi
886 2439 1118 2479 rationem
1132 2438 1482 2478 constituerent:
1499 2436 1645 2475 altera
1662 2434 1801 2485 enim,

159 2520 278 2560 quae
300 2510 501 2561 quinque
520 2521 670 2549 annos
688 2510 963 2550 haeresibus
978 2509 1227 2558 institerat,
1247 2509 1396 2548 altera
1414 2518 1526 2547 uero
1541 2512 1662 2556 octo,
1681 2516 1804 2557 quae

157 2591 253 2619 non
275 2591 441 2631 parum
464 2580 580 2630 (Deo
604 2581 776 2631 gratia)
809 2582 990 2621 fructus
1019 2592 1045 2620 a
1080 2579 1407 2630 sacramentis,
1445 2589 1564 2630 quae
1589 2577 1800 2629 frequen-

161 2655 230 2689 tat
251 2682 259 2701 ,
298 2650 528 2702 decerpit,
567 2663 594 2690 a
630 2652 830 2692 uinculis
864 2651 1040 2691 inimici
1075 2652 1277 2700 solutae,
1315 2650 1362 2690 in
1398 2649 1577 2700 campis
1613 2653 1804 2688 sanctae

159 2719 264 2760 fidei
299 2721 697 2773 gratulabundae,
728 2723 945 2762 maximis
975 2722 1363 2762 delectationibus
1397 2720 1659 2772 capiuntur.
1697 2717 1805 2758 Per-

160 2791 317 2842 plures
349 2792 535 2832 fuerunt
557 2803 733 2843 eorum,
771 2794 849 2844 qui
878 2793 1054 2833 nostris
1084 2792 1300 2833 Patribus
1336 2798 1444 2832 sunt
1476 2789 1692 2838 confessi,
1727 2789 1806 2840 qui

163 2868 271 2912 tres,
295 2862 372 2913 qui
394 2868 592 2913 quatuor
623 2874 771 2903 annos
805 2864 863 2903 ab
894 2864 984 2904 hoc
1019 2868 1317 2904 sacramento
1353 2862 1652 2911 destiterant,
1685 2860 1805 2900 inter

161 2944 280 2984 quos
299 2931 386 2972 fuit
407 2933 588 2983 mulier,
614 2945 731 2984 quae
768 2933 815 2974 18
840 2946 991 2974 annos
1026 2934 1341 2974 meretriciam
1374 2932 1644 2973 foeditatem
1672 2941 1803 2970 exer-
