2028 3328
857 102 941 140 AN.
973 102 1064 139 1555
1715 106 1783 141 747

231 199 291 238 ln
312 199 463 238 allero
485 198 720 249 exemplo:

231 270 584 321 Sztperscrl'ptso
606 270 654 309 fn
677 274 850 321 quarta
866 270 1074 321 pagina,
1095 270 1252 309 satiem
1275 281 1327 309 ac
1347 271 1395 309 sn
1413 271 1585 321 primo.

230 340 339 380 Alsa
363 353 521 381 malm.
551 341 665 381 1556.
694 343 721 389 †
749 341 987 382 Granada.
1020 340 1372 391 Quadrimcstre
1401 342 1457 381 de
1480 349 1691 392 postrcro
1723 343 1778 382 de

148 411 285 451 ΒΘΖ.Ε
307 412 408 452 RQ
436 415 462 452 a
485 413 552 452 los
573 413 626 452 22
647 413 701 453 de
724 412 871 452 Abril.

242 483 502 533 I'estz'gz'mn
523 494 655 522 cerae
674 482 845 533 sigilli.

371 925 651 953 praecedentium
668 926 781 953 Patris
797 926 890 953 Petri
909 925 1067 953 Navarro
1082 925 1277 952 litterarum
1293 925 1401 952 latina
1416 926 1529 951 versio
1547 925 1566 951 ¹.

918 1080 1014 1146 Itis

226 1265 502 1305 Reuerendo
525 1266 776 1306 admodum
806 1267 852 1306 in
875 1266 1060 1307 Christo
1083 1265 1225 1306 Patri.

225 1335 415 1376 Summa
437 1337 548 1390 Jesu
570 1337 771 1387 Christi,
796 1338 1054 1377 seruatoris
1082 1337 1250 1383 nostri.
1275 1337 1430 1388 gratia
1459 1345 1501 1377 et
1530 1349 1623 1388 pax
1646 1338 1703 1378 sit
1734 1339 1778 1378 in

147 1408 338 1459 diesque
361 1415 543 1448 crescat
565 1408 610 1448 in
633 1409 851 1448 cordibus
873 1408 1060 1448 nostris.
1084 1409 1249 1448 Amen.

224 1478 354 1529 Quae
381 1487 517 1530 gesta
550 1486 656 1519 sunt
684 1479 729 1519 in
758 1479 845 1519 hoc
874 1478 1206 1530 quadrimestri
1237 1491 1263 1518 a
1292 1479 1392 1519 Deo
1415 1485 1508 1530 opt.
1539 1492 1663 1520 max.
1696 1493 1779 1532 per

149 1552 317 1590 horum
337 1549 538 1589 filiorum
559 1557 742 1590 tuorum
766 1550 1090 1600 ministerium,
1108 1561 1330 1601 magnam
1352 1550 1566 1601 profecto
1584 1552 1718 1591 nobis
1736 1558 1780 1592 et

146 1621 389 1673 quibusuis
411 1621 779 1661 consolationem
810 1621 1033 1662 afferunt:
1066 1622 1207 1673 digna
1238 1622 1410 1673 quippe
1440 1622 1667 1672 existunt,
1693 1634 1778 1674 pro

144 1692 314 1743 quibus
335 1692 434 1743 ipse
457 1692 744 1743 glorificetur
766 1691 1010 1733 Dominus.

226 1763 291 1804 Vt
313 1769 468 1803 autem
489 1776 547 1803 ex
569 1763 738 1804 affectu
760 1775 897 1815 quem
918 1764 1115 1815 populus
1141 1764 1216 1804 hic
1238 1775 1351 1815 erga
1383 1763 1665 1805 Societatem
1695 1765 1779 1804 ha-

151 1835 241 1885 bet,
266 1846 370 1875 mea
391 1834 663 1875 exordiatur
689 1835 922 1886 narratio,
952 1835 1075 1875 scias
1096 1835 1256 1886 uelim,
1278 1835 1441 1887 Pater,
1474 1836 1646 1876 nullam
1676 1847 1778 1876 esse

141 1917 339 1956 prorsus
361 1906 522 1946 urbem
544 1917 684 1957 quam
705 1917 793 1956 ego
815 1906 1029 1956 viderim,
1053 1918 1172 1958 quae
1193 1912 1290 1946 tam
1310 1907 1442 1957 bene,
1467 1914 1562 1947 tam
1580 1907 1653 1958 pie
1670 1906 1779 1947 affe-

140 1983 219 2017 cta
241 1988 356 2028 erga
378 1976 660 2017 Societatem
683 1977 902 2027 extiterit,
928 1989 1069 2028 quam
1096 1977 1218 2017 hanc
1239 1984 1465 2018 nostram.
1496 1978 1675 2019 Tantus
1707 1985 1778 2019 est

141 2047 383 2088 hominum
406 2060 460 2088 ac
483 2048 728 2088 mulierum
751 2048 810 2088 ad
831 2047 985 2088 Patris
1002 2048 1151 2088 nostri
1168 2049 1418 2089 conciones
1435 2061 1708 2100 concursus,
1726 2055 1778 2090 vt

141 2119 217 2158 uia
239 2119 354 2170 ipsa,
380 2119 549 2159 nedum
572 2120 809 2170 templum,
834 2120 1097 2159 hominibus
1119 2125 1313 2160 scateat:
1337 2120 1536 2172 denique
1558 2132 1675 2172 opus
1705 2126 1777 2161 est

140 2191 215 2230 uel
236 2197 287 2230 vt
309 2190 526 2230 maximis
548 2190 851 2229 concionetur
880 2190 924 2230 in
957 2191 1162 2241 templis,
1193 2192 1266 2230 uel
1295 2197 1344 2230 vt
1372 2191 1418 2230 in
1450 2192 1629 2242 plateis.
1661 2190 1779 2232 Sunt

143 2267 312 2311 autem,
337 2262 415 2312 qui
436 2273 542 2300 eum
563 2267 842 2312 sequuntur,
867 2269 910 2301 et
942 2261 1160 2310 studiosi,
1191 2261 1270 2312 qui
1301 2263 1436 2312 pauci
1466 2262 1652 2313 quidem
1681 2274 1778 2304 non

141 2339 264 2382 sunt,
289 2339 333 2372 et
356 2333 598 2383 Vtriusque
619 2331 733 2371 iuris
755 2332 905 2383 periti,
926 2338 969 2372 et
992 2332 1212 2382 theologi.

221 2403 447 2444 Priuatim
469 2403 610 2442 etiam
641 2402 687 2442 in
717 2402 954 2442 coenobiis
982 2414 1195 2442 sororum
1231 2403 1499 2454 frequenter
1529 2405 1776 2445 conciona-

137 2483 230 2526 tur3
254 2475 377 2526 quod
399 2474 559 2514 diebus
582 2485 686 2514 cum
707 2473 850 2513 faciat
868 2473 1099 2525 profestis,
1121 2474 1358 2514 auditores
1377 2481 1534 2515 tamen
1550 2477 1775 2527 templum

136 2558 310 2599 capere
330 2558 422 2586 non
445 2551 610 2596 potest.
635 2544 699 2585 At
731 2557 841 2585 uero
864 2557 916 2584 ea
943 2551 1013 2584 est
1045 2545 1246 2585 auiditas
1273 2545 1492 2586 audiendi
1523 2547 1656 2586 verbi
1685 2546 1776 2588 Dei

195 2731 202 2750 ¹
245 2730 497 2764 Autographae
513 2729 546 2756 in
561 2729 639 2756 folio
655 2729 791 2763 duplici,
806 2737 859 2756 nn.
877 2729 956 2757 olim
969 2729 1020 2756 521
1039 2734 1071 2756 et
1085 2729 1149 2762 522,
1165 2737 1251 2757 nunc
1278 2730 1325 2757 111
1350 2734 1383 2757 et
1406 2730 1719 2760 112.—Emendatae
1741 2732 1775 2760 in

140 2779 297 2813 pluribus
311 2782 400 2810 sunt;
416 2777 474 2804 sed
489 2777 553 2804 has
567 2777 822 2805 emendationes
838 2777 892 2805 hic
907 2785 972 2804 non
984 2777 1246 2811 recensebimus,
1262 2777 1341 2812 quia
1363 2778 1478 2805 factae
1490 2779 1651 2806 videntur
1668 2787 1688 2807 a
1712 2779 1776 2807 Re-

138 2831 246 2858 -ctore,
263 2826 298 2853 P,
315 2825 442 2852 Basilio
460 2825 499 2851 de
517 2825 629 2856 Avila,
646 2830 829 2858 antequam
842 2825 998 2852 Granata
1012 2825 1154 2853 Romam
1169 2825 1308 2852 litterae
1320 2825 1549 2853 mitterentur.
1562 2827 1776 2855 Emendatas

145 2873 252 2907 igitur
277 2872 557 2903 transcribemus,
586 2873 679 2899 nulla
703 2873 837 2899 ratione
861 2879 976 2899 eorum
1003 2873 1132 2904 habita,
1150 2880 1235 2907 quae
1250 2876 1330 2899 ante
1352 2873 1622 2901 emendationem
1644 2874 1775 2909 scripta

144 2927 258 2949 crant:
275 2927 361 2954 quae
377 2919 503 2953 aiioqui
518 2927 581 2946 non
595 2920 708 2954 magni
726 2920 885 2946 momenti
901 2926 987 2947 sunt.
