2028 3328
219 145 289 182 410
728 146 955 184 LITTERAE
980 156 1336 190 QUADRIMESTRES

219 248 349 282 ratus
370 242 523 283 fuerat
545 243 636 283 duo
657 244 731 284 uel
753 244 844 284 tria
865 244 1007 284 millia
1031 254 1294 288 aureorum,
1317 240 1442 292 quod
1463 240 1649 291 quidem
1664 240 1847 280 latroci-

219 312 348 352 nium
368 314 485 354 tales
507 314 885 355 circumstantias
912 314 1111 354 habebat
1143 319 1191 352 ut
1227 310 1477 362 suspendio
1501 310 1670 361 dignus
1693 321 1847 350 cense-

220 390 363 434 retur;
387 384 463 424 hic
485 396 659 436 magna
687 386 972 436 poenitentia
1000 386 1180 433 ductus,
1217 394 1310 422 non
1338 382 1488 422 solum
1516 392 1565 420 se
1595 381 1758 420 obtulit
1786 380 1849 420 di-

220 461 343 495 ctam
365 456 675 507 quantitatem
696 457 956 505 restituere,
983 455 1063 495 sed
1085 455 1240 503 etiam,
1266 453 1304 492 si
1334 464 1450 504 opus
1472 458 1608 502 esset,
1633 452 1843 503 periculo

217 525 530 577 patefaciendi
550 527 847 567 latrocinium
869 538 918 566 se
941 526 1178 574 offerebat,
1204 535 1309 564 cum
1327 524 1426 563 sine
1444 523 1526 563 tali
1543 522 1750 574 periculo
1768 523 1850 562 uix

218 604 375 647 posset
396 596 494 637 fieri
517 598 762 648 restitutio,
787 598 910 648 quod
931 597 1156 647 pecuniae
1175 595 1462 634 devenerant
1480 594 1539 633 ad
1556 604 1721 633 manus
1739 605 1848 633 uxo-

220 668 283 707 ris
305 669 418 708 socii
449 669 520 708 sui
548 670 593 708 in
622 668 745 708 dicto
773 669 983 715 crimine,
1017 667 1094 717 qui
1131 666 1375 706 subitanea
1399 672 1548 705 morte
1579 665 1772 713 obierat,
1805 671 1849 704 et

218 739 319 789 ipsa
341 740 526 779 nolebat
548 740 721 779 dictam
743 740 1051 790 quantitatem
1080 738 1340 785 restituere,
1378 735 1560 787 fingens
1589 748 1637 775 se
1667 735 1850 775 nescire

221 810 342 849 unde
371 810 652 850 obuenisset:
679 810 755 849 alii
784 810 872 849 duo
903 808 1104 848 confessi
1137 814 1242 847 sunt
1278 807 1430 847 eidem
1465 806 1616 856 Patri,
1650 805 1742 857 qui,
1773 806 1847 846 do—

220 891 345 920 mum
368 881 546 931 regiam
569 881 898 932 relinquentes,
924 880 1198 930 religionem
1220 878 1468 929 petierunt3
1500 878 1749 917 nonnullae
1772 876 1847 916 do-

221 951 372 991 minae
394 952 600 992 eiusdem
622 952 786 991 domus
808 952 901 991 iam
923 950 1231 990 decreuerunt
1263 949 1540 1000 religionem
1569 948 1768 999 ingredi,
1806 954 1851 988 et

221 1022 339 1061 aliae
362 1023 408 1062 in
430 1035 484 1062 eo
508 1024 751 1063 intendunt
772 1030 820 1062 ut
842 1034 923 1073 per
947 1028 1176 1072 cognatos
1198 1022 1264 1061 eis
1298 1021 1452 1060 liceat.
1479 1019 1602 1059 Inter
1622 1026 1850 1059 mercato-

220 1103 296 1132 res
318 1093 560 1144 quosdam,
584 1094 702 1133 inter
726 1105 842 1144 quos
864 1104 1037 1143 magna
1060 1092 1405 1132 discordiarum
1435 1091 1633 1131 materia
1655 1090 1851 1130 suscita-

220 1164 368 1214 batur,
394 1166 652 1216 composita
675 1171 743 1204 est
765 1177 872 1215 pax.
906 1164 1014 1204 Alia
1041 1163 1272 1204 restitutio
1293 1162 1420 1202 facta
1452 1168 1521 1202 est
1554 1161 1741 1201 circiter
1762 1167 1853 1201 ter-

220 1240 460 1275 centorum
491 1236 788 1276 ducatorum:
819 1235 985 1275 nobilis
1014 1235 1204 1286 quidam
1231 1233 1363 1274 miles
1392 1239 1530 1273 nocte
1558 1232 1763 1284 quadam
1791 1231 1850 1272 ad

221 1317 306 1345 nos
327 1308 542 1351 accessit,
575 1308 782 1358 peccatis
811 1313 974 1347 contra
1011 1312 1231 1346 naturam
1265 1312 1310 1345 et
1330 1305 1435 1345 aliis
1456 1305 1613 1344 multis
1636 1309 1847 1354 onustuS,

221 1376 417 1428 indeque
438 1378 593 1428 gratia
616 1378 804 1418 Domini
826 1390 931 1418 cum
951 1389 1063 1418 vera
1087 1376 1373 1428 poenitentia
1404 1382 1448 1416 et
1476 1386 1648 1426 magno
1673 1375 1845 1415 deside-

223 1447 292 1487 rio
314 1450 523 1489 mutandi
544 1450 690 1489 uitam
711 1450 946 1489 discessit:
977 1449 1204 1489 moniales
1231 1448 1498 1497 nonnullae,
1532 1458 1650 1498 quae
1673 1457 1780 1486 cum
1801 1446 1850 1485 li-

229 1519 381 1559 centia
402 1521 600 1571 praelati
622 1521 707 1567 sui,
732 1527 776 1560 et
798 1521 917 1560 aliae
939 1520 1038 1560 sine
1069 1520 1186 1571 ipsa,
1211 1524 1345 1558 extra
1368 1518 1708 1558 monasterium
1729 1517 1848 1557 exie-

221 1596 328 1630 runt
350 1598 530 1631 secreto
557 1591 564 1609 ¹
589 1592 647 1631 ad
670 1592 984 1632 confitendum
1012 1591 1071 1631 ad
1097 1602 1183 1631 nos
1216 1588 1532 1639 adcesserunt,
1556 1600 1675 1640 quae
1695 1589 1851 1639 gratia

225 1659 428 1712 Domini,
452 1668 641 1713 peracta
666 1663 972 1712 confessione,
998 1662 1308 1702 decreuerunt
1337 1661 1495 1700 statim
1516 1660 1575 1699 ad
1596 1671 1732 1699 suum
1757 1670 1852 1699 mo-

219 1732 477 1772 nasterium
513 1734 712 1784 regredi.
750 1734 965 1774 Aliarum
999 1734 1212 1784 exemplo
1247 1733 1420 1772 multae
1456 1731 1576 1771 aliae
1616 1729 1848 1779 dominae,

218 1814 338 1853 quae
360 1803 468 1843 alibi
488 1804 660 1844 habent
681 1816 788 1844 suos
812 1805 1147 1854 confessarios,
1171 1803 1229 1843 ad
1251 1815 1336 1843 nos
1359 1802 1604 1843 accedunt.

296 1874 520 1926 Princeps
541 1875 641 1927 ipsa
663 1877 824 1927 magni
844 1875 957 1916 facit
979 1876 1100 1915 hanc
1121 1875 1311 1915 domum
1332 1880 1376 1914 et
1392 1873 1643 1926 praecipue
1663 1872 1852 1913 Patrem

216 1944 523 1986 Franciscum
548 1946 576 1997 ²,
609 1959 694 1998 pro
730 1959 819 1999 quo
848 1947 1046 1998 singulis
1087 1946 1248 1986 diebus
1283 1945 1416 1986 offert
1446 1955 1592 1984 vnum
1617 1943 1852 1984 rosarium

218 2016 418 2056 nominis
437 2016 563 2069 Jesu.
586 2017 931 2058 Eleemosinam
953 2018 1052 2069 (pro
1073 2018 1231 2069 precio
1258 2016 1504 2057 domorum
1530 2026 1613 2067 per
1648 2025 1736 2054 nos
1757 2025 1849 2054 em-

218 2088 418 2138 ptarum)
441 2094 547 2128 ante
576 2095 760 2140 tempus
781 2089 1026 2129 solutionis
1046 2088 1246 2139 elargita
1279 2093 1363 2136 est,
1387 2099 1437 2127 ut
1458 2086 1598 2126 citius
1630 2085 1849 2137 adimple·

219 2169 375 2197 remus
403 2159 525 2210 quod
552 2160 678 2211 pacti
703 2160 942 2200 fueramus
964 2171 1070 2200 cum
1096 2159 1188 2209 illo,
1223 2159 1301 2209 qui
1338 2158 1487 2198 dictas
1518 2157 1682 2197 domos
1716 2156 1855 2196 nobis

219 2229 443 2280 vendidit3
466 2236 511 2270 et
532 2231 737 2271 creditur
755 2231 878 2282 quod
899 2231 1022 2271 mille
1039 2236 1083 2270 et
1108 2230 1391 2281 quingentos
1412 2228 1623 2277 ducatos,
1650 2226 1845 2276 scilicet,

222 2300 518 2342 medietatem
547 2302 693 2353 precii
719 2308 882 2342 mutuo
919 2307 1169 2353 acceperat
1205 2312 1346 2352 super
1381 2298 1612 2351 quaedam
1650 2298 1852 2349 pignora

222 2379 461 2423 argentea3
485 2385 571 2412 nec
593 2379 782 2424 propter
802 2373 920 2413 haec
942 2372 1194 2412 remittitur
1215 2372 1315 2411 eius
1336 2371 1495 2422 regius
1517 2370 1715 2419 animus
1740 2369 1851 2420 quin

222 2441 394 2482 bonam
414 2443 547 2483 nobis
567 2444 810 2494 promittat
841 2454 972 2495 spem
992 2454 1087 2482 non
1118 2441 1382 2482 defuturam
1415 2440 1549 2480 nobis
1570 2440 1670 2479 eius
1687 2438 1848 2479 libera-

223 2512 401 2553 litatem
420 2513 467 2553 in
489 2514 807 2554 subueniendo
838 2514 972 2554 nobis
1000 2514 1046 2553 in
1077 2512 1310 2564 expensis,
1349 2523 1468 2564 quae
1499 2522 1548 2551 se
1569 2509 1771 2550 offerunt
1799 2510 1845 2549 in

226 2584 540 2624 construenda
580 2585 803 2635 ecclesia,
846 2596 987 2636 quam
1019 2584 1069 2624 P.
1106 2583 1391 2624 Franciscus
1430 2581 1564 2622 nobis
1604 2579 1855 2620 aedificare

229 2661 379 2703 parat.

308 2724 470 2765 Officia
492 2725 814 2766 hebdomadae
835 2725 1037 2767 Sanctae
1063 2732 1195 2766 tanta
1230 2736 1338 2765 cum
1366 2723 1614 2764 deuotione
1644 2728 1689 2762 et
1723 2733 1853 2762 acce-

283 2860 292 2878 ¹
332 2860 432 2886 Nulla
447 2866 497 2887 est
514 2861 567 2887 hic
592 2861 831 2895 interpunctic;
856 2870 959 2896 quare
982 2870 1025 2889 an
1046 2862 1248 2889 adverbium
1263 2862 1326 2889 hoc
1348 2862 1482 2888 secreto
1503 2860 1684 2895 prioribus,
1706 2866 1749 2886 an
1772 2864 1856 2885 vero

226 2908 481 2940 posterioribus,
498 2909 745 2935 annectendum
758 2910 812 2942 sit,
829 2910 934 2943 eligat
952 2910 1098 2943 prudens
1114 2911 1233 2936 lector.

280 2955 294 2973 2
331 2954 365 2980 P.
382 2954 586 2982 Franciscus
600 2956 639 2981 de
657 2956 770 2990 Borja,
