2028 3328
247 161 298 197 dt‘)
764 161 991 199 LITTERAE
1020 173 1379 205 QUADRniEsTREs

245 257 337 303 duo
372 270 429 298 ex
461 258 683 298 fratribus
716 264 822 298 sunt
851 259 1082 307 accersiti,
1115 265 1165 299 vt
1193 260 1409 310 precibus
1432 260 1565 311 (quas
1586 260 1809 300 horarum
1831 261 1891 301 40-

244 330 533 381 n·uncupant)
556 330 851 377 interessent,
872 341 991 381 quae
1012 336 1123 370 tunc
1144 332 1367 382 temporis
1384 331 1482 371 fieri
1504 332 1668 381 solent,
1692 332 1770 372 vbi
1792 333 1881 372 sin-

243 401 367 451 gulis
388 400 516 440 horis
537 402 680 440 semel
712 407 849 452 atque
881 401 1047 441 iterum
1076 401 1161 441 fuit
1189 402 1575 450 concionandum,
1609 403 1713 442 aliis
1745 404 1880 443 vicis-

241 471 723 511 simrsuccedentibus.
749 471 935 522 Quanto
957 478 1111 512 autem
1141 472 1185 511 id
1212 479 1443 523 prouentu
1471 473 1601 512 nouit
1630 472 1875 514 Dominus.

241 542 378 583 Certe
414 543 471 583 ad
506 542 775 592 lachrimas,
815 544 1084 594 amplexus,
1121 544 1415 595 gemitusque
1443 545 1660 594 permulti
1688 546 1878 596 saepius

239 614 475 663 commoti,
498 614 655 665 palam
671 619 848 663 mutim,
868 614 1006 654 venia
1027 621 1210 665 rogata,
1232 625 1347 665 pace
1372 615 1646 665 composita,
1680 615 1727 655 in
1744 616 1879 656 Chri-

242 684 299 724 sti
321 685 525 735 gratiam
547 684 742 724 rediere.

317 754 427 795 Post
463 767 625 796 sacros
655 755 932 795 Dominicae
968 755 1344 796 Resurrectionis
1375 756 1473 795 dies
1494 755 1615 796 RduS
1636 758 1880 808 Vicarius,

236 827 323 876 vir,
348 832 397 866 vt
419 826 624 877 quotidie
645 827 798 877 magis
820 838 874 866 ac
897 827 1050 877 magis
1072 828 1355 878 experimur,
1380 833 1425 866 et
1446 827 1632 877 pietatis
1657 835 1701 868 et
1724 828 1877 869 Socie-

236 898 361 946 tatis,
388 909 528 949 quam
560 896 884 949 vndecumque
913 898 1172 949 pervehere
1193 898 1368 947 nititur,
1399 898 1783 950 studiosissimus,
1810 901 1875 940 iu-

234 968 435 1008 bilaeum
452 969 498 1008 in
515 969 687 1019 templo
705 974 865 1008 nostro
884 968 1272 1018 constituit,vnde
1289 980 1411 1008 noua
1429 967 1661 1009 dominico
1679 981 1795 1022 agro
1813 971 1878 1010 in—

235 1046 471 1079 crementa
495 1050 677 1090 semper
700 1045 1001 1079 accesserunt
1021 1040 1224 1091 nouique
1242 1051 1295 1079 ac
1318 1040 1548 1079 salutares
1569 1040 1750 1081 fructus
1771 1054 1876 1093 per-

234 1111 358 1162 cepti
381 1116 501 1150 sunt.
525 1109 647 1149 Rdus
667 1109 805 1150 Pater
828 1110 1098 1150 Euerardus
1128 1111 1281 1162 pergit
1317 1109 1478 1150 diebus
1499 1110 1629 1152 festis
1651 1112 1697 1152 in
1719 1113 1875 1163 expla-

234 1181 421 1221 natione
439 1181 744 1232 epistolarum
767 1181 826 1221 ad
843 1181 1157 1230 Timotheum,
1182 1181 1444 1232 frequentia
1461 1194 1553 1222 non
1576 1189 1875 1224 contemnen-

233 1253 306 1304 da,
339 1253 472 1292 cuius
507 1259 551 1292 et
579 1252 843 1292 doctrinam
880 1253 1011 1292 multi
1047 1253 1354 1303 admirantur,
1386 1260 1431 1292 et
1461 1253 1678 1304 spiritum
1711 1266 1877 1294 omnes

231 1325 587 1375 amplectuntur.
638 1323 751 1363 Eius
797 1334 941 1375 opera
976 1324 1263 1375 consilioque
1300 1323 1422 1363 Rdus
1453 1324 1674 1364 Vicarius
1709 1325 1873 1375 vtitur,

230 1395 497 1435 haereticae
529 1406 711 1446 quoque
741 1395 990 1446 prauitatis
1019 1395 1263 1446 inquisitor
1294 1395 1549 1438 maximam
1579 1396 1625 1436 in
1647 1396 1876 1437 librorum·v

230 1478 429 1506 censura
450 1467 514 1506 illi
536 1466 683 1506 desert
703 1472 898 1518 partem.
922 1465 1044 1505 RQS
1065 1466 1203 1506 Pater
1228 1466 1435 1518 Joannes
1461 1466 1606 1518 Niger
1634 1468 1871 1508 concioni-

229 1539 328 1587 bus,
354 1550 471 1589 quas
500 1538 547 1577 in
577 1537 868 1577 hebdomade
899 1537 1087 1588 saepius
1114 1537 1266 1586 habet,
1292 1537 1402 1577 totis
1424 1537 1605 1578 viribus
1627 1538 1866 1587 incumbit,

231 1610 307 1660 qui
338 1621 392 1649 eo
422 1609 602 1649 cunctis
632 1615 701 1648 est
743 1608 996 1659 acceptior,
1030 1620 1121 1660 quo
1153 1608 1305 1658 magis
1334 1608 1521 1648 diuinae
1563 1609 1742 1660 gloriae
1773 1611 1878 1650 zelo

229 1680 427 1720 excellit.
453 1680 579 1720 Idem
600 1680 659 1720 ad
680 1678 992 1729 xenodochia,
1017 1691 1271 1729 carcerem,
1296 1685 1517 1730 aegrotos
1547 1691 1869 1732 quoscumque

230 1752 507 1801 aduocatur‚
531 1751 791 1802 mirumque
819 1762 959 1802 quam
986 1751 1120 1801 plene
1150 1751 1363 1790 omnibus
1385 1750 1660 1791 satisfaciat.
1686 1751 1867 1791 Praele-

229 1824 297 1874 git
319 1830 363 1864 et
393 1824 554 1863 diebus
576 1823 764 1863 veneris
787 1823 1091 1862 christianam
1124 1823 1386 1862 doctrinam
1405 1822 1636 1874 frequenti
1658 1824 1871 1864 virorum·

228 1895 568 1946 mulierumque
596 1906 842 1934 concursu.
877 1893 966 1944 Qui
994 1905 1154 1933 omnes
1182 1895 1346 1933 eodem
1376 1894 1464 1945 die,
1489 1894 1652 1934 diebus
1684 1906 1868 1946 quoquc

229 1966 489 2016 dominicis,
523 1977 618 2005 non
648 1977 796 2017 paruo
831 1976 939 2005 cum
974 1965 1237 2004 animarum
1280 1965 1458 2015 fructu,
1502 1965 1871 2005 communicant„

231 2036 317 2087 Qui
348 2043 494 2077 restat
528 2037 695 2077 tertius
723 2036 1095 2076 confessionibus
1124 2036 1368 2076 audiendis
1400 2036 1669 2086 maximam,
1707 2048 1865 2087 quam-

230 2119 371 2159 quam
411 2114 454 2147 et
496 2107 800 2147 concionibus
839 2107 980 2146 etiam
1021 2117 1270 2157 magnam,
1310 2107 1536 2158 temporis
1570 2113 1751 2158 partem
1785 2108 1864 2147 im-

231 2179 403 2231 pendit.

309 2250 378 2290 Ea
399 2261 645 2301 superesse
665 2249 899 2296 videntur,
918 2260 1037 2300 quae
1057 2248 1115 2288 ad
1130 2247 1231 2287 Rmi
1251 2248 1517 2289 Cardinalis
1535 2248 1747 2289 Perusini
1764 2249 1862 2290 Col-

228 2322 401 2372 legium
427 2326 655 2373 spectant.
680 2320 941 2361 Conciones
975 2319 1162 2359 habitae
1189 2326 1295 2359 sunt
1322 2320 1520 2370 singulis
1549 2319 1712 2360 diebus
1732 2320 1869 2360 sestis

228 2392 379 2432 binae.
417 2391 491 2432 Ad
527 2391 835 2432 confessionis
870 2390 1275 2441 eucharistiaeque
1303 2397 1603 2431 sacramenta
1630 2403 1724 2431 non
1751 2403 1861 2430 rara

227 2475 312 2504 nec
348 2463 520 2513 exigua
551 2462 788 2503 concurrit
822 2461 1083 2510 multitudo,
1119 2461 1324 2514 Juuenes
1355 2469 1535 2513 autem,
1566 2473 1683 2514 quos
1709 2462 1772 2502 ibi
1798 2462 1864 2502 in-

225 2534 474 2575 struendos
495 2534 776 2584 accepimus,
800 2538 849 2572 vt
867 2533 1013 2572 literis
1041 2532 1107 2572 sic
1128 2532 1334 2573 moribus
1365 2533 1572 2584 insignes
1594 2539 1866 2573 euaserunt..

305 2605 389 2645 His
411 2613 454 2645 et
474 2605 738 2644 huiusmodi
760 2603 997 2655 obsequiis
1024 2611 1164 2655 atque
1195 2604 1240 2644 in
1271 2604 1539 2655 proximum
1560 2603 1748 2655 pietatis
1770 2603 1859 2643 offi-

225 2676 309 2716 ciis
331 2682 470 2716 aucta
490 2681 560 2716 est
581 2675 685 2715 R.m³
706 2675 943 2725 Prolegati
966 2686 1022 2714 ac
1051 2673 1252 2715 Senatus
1273 2686 1389 2726 erga
1410 2687 1494 2715 nos
1516 2674 1861 2725 beneuolentia,

223 2759 315 2799 qua
340 2747 538 2787 instituti
573 2746 723 2786 nostri
758 2745 895 2785 fidem
926 2747 1069 2785 multo
1099 2745 1353 2786 firmiorem
1381 2745 1505 2797 apud
1535 2745 1663 2785 ciues
1697 2757 1861 2785 omnes

221 2817 537 2866 reddiderunt.
576 2817 660 2857 His
704 2816 903 2856 accessit
937 2817 1086 2856 oratio
1127 2817 1286 2857 habita
1320 2824 1427 2868 post
1467 2816 1745 2856 Dominicae
1774 2816 1858 2856 Re-

222 2889 526 2936 surrectionis
548 2888 773 2928 solemnia
795 2899 955 2927 coram
976 2888 1140 2928 eodem
1161 2887 1427 2939 Prolegato,
1452 2886 1642 2938 Senatu,
1662 2887 1854 2927 celebri-

222 2971 312 3011 que
330 2959 706 2999 doctissimorum
736 2958 1224 3010 nobilissimorumque
1247 2959 1420 2999 ciuium
1442 2969 1632 2999 corona.
1667 2957 1738 2998 Ac
1761 2958 1858 2998 dia-
