2028 3328
130 163 204 201 126
647 162 875 200 LirrERAE
902 172 1262 205 QUADRIMESTRES

132 267 183 301 ut
204 261 467 300 habeantur
503 259 647 310 digni,
680 258 759 310 qui
789 259 909 299 inter
940 266 1128 300 nostros
1160 263 1572 301 connumerentur.
1596 258 1778 299 Verum

133 338 295 373 noster
314 331 454 371 Pater
478 328 487 349 ¹
511 329 673 371 decem
694 336 875 370 tantum
897 329 1029 382 (quos
1046 331 1140 371 iam
1161 329 1435 380 introduxit)
1455 329 1636 381 selegit,
1657 330 1780 370 inter

131 414 252 454 ¹quos
284 409 392 442 sunt
422 401 581 453 aliqui,
606 401 661 441 iis
683 400 896 452 corporis
926 407 970 441 et
993 402 1135 442 animi
1157 402 1340 442 dotibus
1364 401 1580 453 praediti,
1605 407 1655 441 ut
1687 412 1781 441 non

137 481 312 513 temere
341 472 397 512 de
426 472 493 512 eis
523 472 757 524 possimus
784 472 930 512 multa
958 483 1225 524 magnaque
1253 473 1300 512 in
1331 472 1541 512 futurum
1570 483 1780 523 sperare.

132 545 253 586 Sunt
286 550 472 596 praeter
508 543 594 583 hos
623 543 682 583 ad
709 543 935 583 exercitia
973 544 1235 595 spiritualia
1272 544 1538 595 complures
1568 542 1777 583 admissi:

138 617 305 656 horum
335 615 458 655 bona
493 626 604 666 pars
632 614 827 654 debetur
859 615 1169 655 concionibus
1198 614 1402 655 assiduis
1433 614 1581 654 nostri
1610 613 1659 653 Ρ.
1691 613 1784 653 Do-

135 687 285 727 ctoris
330 686 571 737 Baptistae
611 683 648 734 ²,
692 696 810 736 quae
851 685 1057 726 maximo
1103 697 1211 726 cum
1250 686 1484 737 applausu
1524 684 1684 737 populi
1726 696 1784 724 ac

140 758 351 798 omnium
369 755 694 797 aedificatione
716 755 984 797 audiuntur.
1007 756 1104 798 Nec
1126 757 1359 797 immerito
1389 768 1518 807 sane,
1543 767 1650 796 cum
1671 755 1784 795 iudi-

138 830 216 869 ·cio
238 840 416 875 eorum,
441 827 519 879 qui
540 826 686 878 probe
708 838 808 867 rem
827 833 1032 879 teneant,
1055 828 1167 868 nulli
1189 839 1369 878 eorum,
1394 828 1472 879 qui
1493 827 1539 867 in
1560 826 1650 867 hac
1674 826 1768 867 ciui

141 906 240 940 tate
262 900 599 940 concionentur
636 897 730 950 (qui
762 899 895 939 multi
921 904 1028 939 sunt
1058 905 1198 951 atque
1220 899 1432 939 nonnulli
1453 897 1703 950 praeclari)
1726 897 1786 937 sit

140 971 392 1011 secundus.
426 970 509 1010 Est
533 968 719 1021 quidem
740 969 787 1009 in
818 970 1168 1011 commonendis
1199 969 1446 1010 affectibus
1478 976 1716 1019 strenuus,
1740 968 1788 1008 in

146 1042 405 1083 alliciendis
441 1040 610 1081 animis
644 1040 863 1092 prudens,
895 1041 942 1081 in
968 1041 1175 1082 solandis
1203 1041 1380 1093 suauis3
1412 1047 1481 1081 est
1509 1040 1550 1081 ei
1586 1040 1706 1080 mira
1743 1040 1790 1079 in

142 1112 344 1154 dicendo
379 1111 652 1160 dexteritas,
685 1111 731 1151 in
759 1112 1144 1163 reprehendendo
1178 1112 1458 1162 acrimonia,
1481 1111 1529 1151 in
1549 1110 1792 1151 narrando

142 1184 372 1233 suauitas,
397 1183 444 1223 in
466 1182 706 1223 suadendo
728 1182 889 1223 feruor
918 1190 962 1223 et
996 1184 1103 1234 alia,
1137 1195 1256 1235 quae
1279 1183 1326 1223 in
1347 1183 1520 1235 quouis
1543 1182 1795 1222 conciona-

147 1262 250 1296 tore
287 1255 461 1307 optimo
497 1253 853 1305 desyderentur.
891 1254 1013 1295 Hinc
1042 1254 1090 1295 fit
1126 1261 1174 1295 ut
1210 1261 1277 1295 tot
1312 1254 1371 1294 ad
1399 1260 1589 1294 nostros
1609 1253 1792 1302 Patres,

149 1326 428 1379 praesertim
456 1325 620 1365 diebus
648 1324 910 1376 dominicis,
934 1326 1163 1367 accedant
1194 1325 1545 1366 manifestaturi
1576 1331 1792 1376 peccata,

147 1399 189 1438 si
211 1397 490 1438 confessarii
512 1397 646 1448 copia
668 1396 764 1448 fiat,
789 1403 839 1437 vt
861 1396 1037 1448 Patres,
1062 1398 1139 1449 qui
1168 1397 1305 1449 pauci
1335 1402 1456 1447 sunt,
1483 1396 1698 1436 omnibus
1721 1407 1795 1436 sa-

151 1468 374 1509 tisfacere
395 1473 644 1519 nequeant,
667 1468 741 1507 uel
762 1468 852 1519 ipsi
873 1468 969 1508 uoti
991 1475 1233 1520 compotes
1254 1468 1369 1509 fieri.

231 1539 499 1580 Versantur
529 1539 669 1579 etiam
701 1538 880 1590 Patres,
912 1551 1018 1580 cum
1049 1549 1232 1592 tempus
1254 1539 1408 1590 datur,
1433 1539 1480 1579 in
1509 1537 1796 1590 pauperibus

154 1610 362 1651 uisendis
390 1617 435 1650 et
466 1609 781 1660 consolandis,
811 1617 934 1662 quos
957 1611 1112 1660 etiam,
1143 1611 1189 1651 in
1218 1617 1429 1651 extremo
1458 1610 1623 1650 mortis
1644 1619 1797 1660 agone

153 1682 349 1734 positos,
372 1687 510 1733 prout
532 1681 757 1733 temporis
778 1682 1037 1723 necessitas
1059 1682 1278 1734 postulat,
1299 1682 1542 1723 adiuuant.
1562 1681 1619 1721 Et
1637 1690 1799 1732 quam-

153 1754 224 1794 uis
246 1752 305 1792 ad
325 1753 414 1793 hoc
437 1764 577 1804 quam
601 1752 658 1792 ad
680 1752 808 1793 aliud
829 1753 1017 1804 saepius
1039 1760 1375 1804 conuocentur,
1400 1765 1493 1793 non
1512 1758 1670 1793 tamen
1689 1762 1801 1791 raro

155 1830 387 1865 uocantur
408 1829 457 1863 ut
479 1823 686 1873 dissidia,
710 1823 872 1875 siquae
894 1825 986 1864 sint
1007 1825 1127 1865 inter
1149 1825 1398 1876 coniuges,
1422 1824 1496 1864 uel
1519 1824 1636 1863 alios
1666 1833 1802 1875 quos-

155 1896 227 1936 uis
247 1895 460 1935 homines
482 1900 600 1945 orta,
631 1901 928 1946 componant,
954 1895 1139 1935 ueniam
1173 1907 1259 1946 pro
1289 1895 1475 1936 iniuriis
1497 1895 1638 1935 illatis
1659 1894 1801 1945 impe-

154 1972 293 2016 trent,
318 1966 502 2017 aliaque
523 1966 599 2017 pia
621 1965 666 2006 id
688 1976 838 2017 genus
860 1966 1123 2008 conficiant.
1149 1966 1250 2019 Quo
1275 1966 1455 2007 factum
1479 1972 1551 2006 est
1571 1971 1621 2006 ut
1642 1965 1804 2005 suauis

155 2040 324 2079 horum
345 2048 539 2089 operum
559 2037 674 2077 odor
696 2037 755 2077 sit
774 2038 868 2077 late
889 2049 969 2089 per
992 2038 1232 2079 ciuitatem
1256 2049 1468 2089 sparsus,
1493 2038 1557 2078 ita
1589 2043 1639 2077 ut
1660 2036 1801 2077 etiam

158 2110 204 2161 ii,
238 2109 315 2161 qui
337 2114 598 2149 extremam
618 2114 802 2160 partem
829 2109 1032 2149 ciuitatis
1060 2109 1296 2160 habitant,
1321 2110 1412 2150 huc
1434 2108 1494 2149 ad
1515 2120 1617 2159 nos,
1643 2108 1802 2148 oblata

157 2180 454 2231 necessitate,
487 2179 649 2219 auxilii
676 2179 865 2231 petendi
892 2180 1062 2231 gratia,
1095 2187 1367 2221 accurrant.
1391 2179 1450 2221 Et
1479 2191 1586 2220 cum
1607 2185 1798 2219 nostrae

157 2251 408 2292 Societatis
429 2262 599 2291 nomen
620 2262 714 2291 non
731 2251 790 2291 sit
807 2251 1021 2292 omnibus
1042 2252 1180 2303 plane
1202 2252 1463 2303 cognitum,
1488 2258 1596 2291 sunt
1618 2250 1698 2302 qui
1719 2261 1806 2290 nos

161 2324 449 2374 inquirentes
470 2322 761 2373 interrogent
783 2322 974 2363 Vbinam
995 2322 1205 2363 habitent
1218 2323 1280 2374 hi,
1307 2334 1506 2374 quorum
1528 2328 1625 2363 tota
1647 2327 1693 2362 et
1706 2322 1807 2362 sola

160 2406 275 2434 cura
297 2400 367 2433 est
389 2395 436 2433 in
457 2393 677 2444 operibus
699 2393 1053 2434 misericordiae
1075 2405 1125 2434 se
1148 2405 1387 2435 exercere.

241 2465 485 2505 Mulierem
508 2464 773 2515 quamdam,
799 2476 918 2517 quae
940 2465 1014 2505 uel
1035 2476 1084 2505 se
1106 2465 1409 2517 suspendere,
1442 2465 1516 2504 uel
1539 2464 1585 2504 in
1615 2469 1809 2516 puteum

163 2535 492 2588 praecipitare,
517 2536 591 2575 uel
612 2535 735 2576 fame
760 2547 932 2577 necare
954 2535 1247 2588 decreuerat,
1279 2542 1532 2588 propterea
1567 2534 1692 2587 quod
1712 2547 1740 2576 a
1761 2547 1811 2576 se

163 2607 258 2648 filia
280 2606 587 2655 discessisset,
610 2607 761 2647 nostri
787 2606 951 2648 Patres
984 2608 1236 2659 plurimum
1265 2608 1313 2648 in
1343 2607 1546 2648 Domino
1578 2607 1811 2647 consolati

159 2683 287 2727 sunt,
312 2683 533 2718 curantes
555 2677 802 2728 diligenter
823 2684 872 2719 ut
897 2677 987 2718 filia
1008 2678 1049 2719 ei
1071 2679 1292 2719 continuo
1315 2678 1657 2719 restitueretur.
1683 2677 1810 2718 Ado-

165 2751 348 2790 lescens
370 2749 504 2799 alius,
529 2749 607 2800 qui
627 2760 788 2789 secum
807 2762 831 2790 e
851 2750 1109 2802 longinquo
1127 2751 1370 2791 mulierem
1388 2749 1635 2790 inhonesto
1653 2749 1810 2789 animo

225 2935 235 2956 ¹
275 2935 311 2962 P.
327 2934 476 2968 Joannes
492 2932 653 2967 Baptista
669 2931 709 2959 de
725 2932 864 2966 Barma,
882 2933 1025 2962 Rector.

227 2981 240 3000 Ξ
277 2982 371 3010 Idem
387 2981 424 3010 P.
438 2981 589 3015 Joannes
603 2978 763 3012 Baptista
779 2982 819 3010 de
835 2982 979 3011 Barma„
