2028 3328
896 148 977 184 AN.
1001 148 1093 198 ,1555
1732 149 1803 185 6513

167 255 240 294 eO,
265 249 316 283 vt
338 256 474 295 quem
492 245 630 285 rebus
648 245 774 284 hisce
791 244 998 295 gaudere
1015 250 1225 293 nouerat,
1249 243 1305 283 de
1323 244 1504 284 ratione
1522 244 1801 285 inuenienda

168 315 277 365 egit,
319 326 410 366 qua
452 316 587 356 rebus
619 315 938 367 spiritualibus
973 315 1268 366 maximeque
1305 315 1549 354 charitatis
1585 316 1802 367 operibus

168 386 350 425 consuli
373 393 543 437 posset.
567 387 637 427 Ac
660 387 859 435 demum,
880 386 1038 426 diuino
1056 385 1242 425 afflante
1263 385 1455 437 Spiritu,
1481 386 1802 437 excogitatum

168 463 238 497 est
258 462 309 496 vt
331 458 723 509 quemadmodum
753 458 1014 498 institutum
1043 458 1088 497 in
1117 457 1206 497 hoc
1234 468 1379 508 regno
1403 464 1503 496 erat
1535 458 1798 508 concilium,

168 528 214 567 in
236 539 326 579 quo
349 540 468 579 quae
485 530 544 569 ad
560 530 776 570 bellicam
793 536 942 569 artem
958 528 1167 569 facerent
1185 528 1345 579 parari
1363 540 1681 580 quaecumque
1700 541 1801 579 pos-

168 606 286 649 sent,
313 599 375 639 ita
393 606 437 639 et
460 600 583 640 aliud
605 607 742 651 esset,
767 601 814 640 in
831 611 922 652 quo
946 599 1001 640 de
1023 600 1176 649 rebus,
1197 611 1315 651 quae
1333 599 1391 639 ad
1410 599 1687 639 charitatem
1706 611 1803 650 per-

168 670 329 719 tinent,
351 678 585 721 ageretur.
604 671 694 712 Sed
711 684 768 712 ne
785 671 873 711 hoc
890 671 1013 711 idem
1031 682 1138 711 cum
1155 670 1342 722 pietatis
1359 676 1515 710 monte
1532 682 1634 710 essc
1651 676 1799 721 putes.

166 740 264 781 Illic
285 742 408 782 enim
430 743 714 794 pauperibus
735 742 981 783 dumtaxat
1003 742 1292 792 subuenitur;
1316 741 1406 781 huc
1429 753 1556 791 uero,
1582 742 1802 793 quicquid

166 813 409 863 spirituale
431 820 515 861 est,
540 815 754 865 pertinet,
781 814 856 854 hic
878 814 1162 865 pauperibus
1184 813 1468 864 prospicitur
1485 819 1529 852 et
1551 813 1641 852 illis
1672 813 1802 852 resti-

167 889 359 924 tuuntur
377 885 549 936 ablata3
569 892 764 925 cauetur
780 897 837 925 ne
854 884 963 937 quid
980 884 1149 925 uiduae
1167 890 1210 924 et
1227 884 1388 935 pupilli
1405 884 1602 923 iniuriae
1624 883 1804 935 patian-

167 961 256 1006 tur3
281 957 468 1008 templa,
489 957 788 1005 monasteria,
810 956 1075 1008 hospitalia,
1106 962 1186 996 aut
1208 956 1341 1007 lapsa
1364 956 1457 995 iam
1478 955 1799 1004 restituuntur,

168 1033 247 1067 aut
265 1028 449 1067 ruinam
464 1028 691 1068 minantia
707 1027 1059 1078 confirmantur;
1075 1033 1214 1079 atque
1227 1027 1492 1067 huiusmodi
1508 1027 1666 1077 multa,
1683 1037 1803 1077 quae

169 1104 214 1138 et
235 1098 348 1138 fiunt
370 1104 414 1138 et
436 1106 686 1150 sperantur
710 1111 802 1139 non
824 1099 961 1150 parui
981 1098 1206 1139 momenti
1224 1097 1395 1138 futura.

248 1170 330 1210 Est
346 1182 526 1221 quoque
548 1171 700 1210 edicto
724 1171 908 1222 publico
930 1175 1156 1210 statutum
1177 1175 1228 1210 vt
1249 1169 1436 1220 notarii,
1456 1170 1494 1209 si
1516 1181 1635 1220 quae
1653 1169 1806 1209 sciant

167 1242 326 1292 legata
347 1242 404 1281 ab
436 1242 591 1293 aliquo
614 1242 791 1291 relicta,
823 1253 942 1294 quae
973 1242 1019 1282 in
1055 1241 1132 1293 pia
1169 1253 1312 1293 opera
1348 1241 1552 1292 impendi
1586 1241 1802 1290 voluerit,

168 1312 309 1353 etiam
330 1312 611 1353 haeredibus
632 1313 964 1353 recusantibus
986 1313 1216 1364 aperiant,
1240 1318 1284 1352 et
1306 1312 1377 1363 iis,
1407 1312 1484 1364 qui
1510 1312 1619 1352 huic
1654 1311 1804 1351 chari-

168 1384 277 1424 tatis
312 1384 462 1424 officio
500 1391 738 1436 praesunt,
774 1384 1118 1436 quamprimum
1140 1383 1362 1423 referant.
1393 1383 1495 1434 Qua
1516 1395 1574 1423 ex
1608 1395 1658 1422 re
1692 1382 1806 1424 illud

167 1454 381 1495 effectum
403 1461 486 1505 est,
511 1461 561 1495 vt
583 1455 676 1495 iam
698 1466 792 1495 non
813 1466 961 1507 parua
978 1454 1285 1506 pecuniarum
1307 1466 1490 1494 summa
1512 1454 1718 1494 indicata
1743 1454 1803 1494 sit

166 1527 211 1566 in
230 1538 461 1578 pauperes
479 1526 736 1577 eroganda,
756 1533 836 1567 aut
853 1526 941 1578 piis
964 1526 1182 1577 operibus
1197 1525 1489 1576 insumenda,
1510 1537 1628 1577 quae
1645 1526 1802 1566 hacte-

166 1609 253 1638 nus
275 1598 524 1638 latuerant.
548 1598 597 1637 ln
620 1597 710 1637 hoc
733 1598 980 1638 concilium
1009 1602 1115 1636 sunt
1143 1607 1228 1636 sex
1249 1596 1398 1647 electi;
1422 1597 1468 1637 hi
1497 1603 1666 1637 octauo
1695 1608 1805 1648 quo·

166 1681 253 1721 que
275 1669 364 1719 die,
388 1669 526 1721 idque
548 1670 594 1710 in
617 1676 778 1710 nostro
800 1670 1015 1720 collegio,
1046 1671 1300 1711 conuenire
1329 1669 1466 1709 simul
1494 1671 1658 1710 solent.
1688 1668 1805 1709 Sunt

167 1748 324 1781 autem
346 1740 437 1780 duo
465 1741 686 1791 theologi,
719 1752 918 1792 quorum
939 1743 1057 1782 alter
1078 1749 1147 1782 est
1163 1742 1287 1783 Rdus
1316 1741 1365 1781 P.
1396 1740 1714 1792 praepositus,
1744 1741 1804 1780 al-

166 1818 238 1852 ter
260 1823 373 1852 uero
409 1812 734 1852 dominicanus
757 1813 960 1864 quidam,
1000 1813 1197 1853 celebris
1232 1814 1279 1853 in
1314 1813 1403 1853 hac
1439 1814 1553 1852 vrbe
1587 1811 1803 1861 nominis,

165 1894 287 1923 Vnus
308 1895 367 1923 ex
388 1883 620 1923 iudicibus
639 1894 841 1934 magnae
863 1884 1039 1934 curiae3
1063 1885 1154 1924 duo
1176 1884 1518 1933 Messanenses,
1543 1885 1661 1923 alter
1680 1883 1807 1924 nobi-

164 1954 220 1993 lis
237 1960 281 1994 et
302 1954 423 1994 inter
441 1954 630 2005 primos,
658 1955 774 1994 alter
796 1955 913 1995 ciuis
934 1955 1035 2007 ipsa
1058 1956 1200 1996 etiam
1222 1961 1375 1995 aetate
1397 1955 1709 2005 uenerandus;
1735 1961 1805 1994 est

165 2031 327 2065 sextus
347 2037 406 2065 ex
426 2025 482 2065 iis
500 2037 634 2074 vnus,
660 2026 738 2077 qui
759 2025 877 2077 Regi
898 2032 1006 2066 sunt
1029 2039 1055 2066 a
1082 2027 1291 2067 secretis.
1323 2025 1413 2077 Qui
1435 2037 1597 2065 omnes
1623 2025 1804 2066 decimo

165 2096 325 2148 quinto
348 2107 533 2148 quoque
562 2096 635 2136 die
665 2096 872 2137 referunt
904 2097 962 2137 ad
992 2098 1248 2149 Proregem
1275 2097 1384 2149 quid
1414 2097 1710 2137 decreuerint
1739 2096 1802 2136 fa-

164 2167 380 2207 ciendum
415 2167 614 2208 Accedit
636 2168 778 2208 etiam
799 2168 925 2217 illud,
950 2169 1074 2220 quod
1096 2175 1165 2209 est
1187 2169 1244 2209 ab
1272 2169 1437 2209 eodem
1471 2168 1678 2219 Prorege
1705 2168 1802 2208 dili-

164 2244 330 2289 genter
357 2244 585 2287 curatum‚
626 2244 674 2278 vt
709 2239 756 2279 in
781 2240 996 2280 omnibus
1026 2240 1163 2280 huius
1199 2240 1379 2280 insulae
1407 2240 1676 2280 ciuitatibus
1710 2239 1802 2280 duo

165 2309 465 2360 eligerentur,
492 2311 609 2349 alter
638 2310 768 2359 ciuis,
802 2311 920 2350 alter
955 2311 1319 2361 ecclesiasticus,
1353 2317 1550 2362 vterque
1576 2311 1694 2362 pius,
1725 2311 1803 2362 qui

164 2381 362 2432 singulis
384 2381 645 2432 quibusque
668 2381 917 2432 mensibus,
941 2393 1024 2432 per
1058 2382 1233 2432 literas,
1270 2382 1408 2422 huius
1443 2383 1598 2433 operis
1624 2382 1803 2434 praefe-

163 2452 252 2492 ctis
295 2452 560 2503 significent
591 2453 745 2492 sintne
780 2453 961 2504 aliqua,
998 2453 1165 2504 quibus
1204 2443 1385 2493 consuli
1416 2459 1646 2504 oporteat.
1683 2452 1804 2496 Cum

163 2522 342 2563 Prorex
379 2524 587 2563 animum
623 2535 810 2574 semper
844 2535 958 2575 erga
992 2530 1207 2564 nostrum
1243 2524 1491 2575 collegium
1524 2525 1803 2566 beneuolum

162 2593 433 2645 ostenderit,
474 2595 969 2635 beneuolentissimum
1004 2602 1131 2636 certe
1166 2596 1212 2636 in
1247 2595 1336 2635 hoc
1371 2595 1617 2636 charitatis
1652 2595 1802 2637 officio

163 2664 443 2716 declarauit,
478 2677 571 2705 non
607 2666 757 2706 solum
793 2666 916 2717 quod
951 2666 1049 2706 eius
1083 2666 1255 2707 bonam
1293 2673 1476 2718 partem
1516 2667 1804 2708 commiserit

162 2736 216 2776 R.
254 2736 303 2776 Ρ.
347 2735 637 2788 Praeposito,
681 2742 724 2776 et
765 2737 890 2788 quod
924 2748 1021 2788 eos,
1064 2738 1142 2789 qui
1176 2738 1283 2778 huic
1323 2739 1452 2790 operi
1490 2744 1730 2790 praesunt,
1755 2739 1804 2780 in

160 2813 379 2848 nostrum
400 2808 649 2859 collegium
671 2808 924 2849 conuenire
955 2809 1171 2860 voluerit,
1207 2821 1372 2850 uerum
1406 2810 1546 2850 etiam
1580 2810 1705 2862 quod
1728 2811 1802 2851 de-

163 2879 285 2918 cimo
326 2878 486 2930 quinto
527 2878 614 2928 die,
657 2891 715 2919 ex
753 2891 844 2931 quo
884 2887 985 2920 erat
1018 2880 1109 2920 hoc
1146 2881 1410 2921 institutum
1440 2881 1717 2932 Concilium,
1754 2882 1802 2923 in

161 2955 381 2990 nostrum
401 2949 647 3001 collegium
669 2962 774 2991 cum
795 2961 878 2991 sex
899 2951 1003 3001 illis,
1027 2963 1145 3004 quos
1165 2952 1273 2993 huic
1296 2952 1555 2993 destinatos
1582 2953 1713 3005 operi
1739 2953 1802 2993 di-
