2028 3328
838 121 922 158 AN.
955 121 1045 156 1555
1693 118 1764 155 443

125 220 251 260 idem
276 226 498 272 praestet,
523 226 570 259 ut
598 219 824 259 foeliciter
856 204 1045 257 cursum
1069 223 1111 256 et
1134 217 1258 256 uitae
1294 223 1336 255 ct
1363 217 1588 256 uirtutum
1611 216 1759 256 absol-

127 298 255 341 uant‚
280 292 485 342 mihique
507 291 632 330 uires
653 289 888 338 adhibeat,
913 288 1081 340 quibus
1102 288 1278 339 possim
1310 287 1473 326 Patres
1505 293 1549 326 et
1570 287 1761 327 Fratres

126 362 214 402 hos
240 363 305 402 ita
333 368 575 402 currentes
610 360 803 411 insequi,
842 371 990 411 eaque
1019 365 1278 411 praestare,
1313 357 1371 397 ad
1403 369 1522 409 quae
1558 369 1661 397 mea
1690 369 1761 397 me

128 434 315 474 uocatio
339 434 529 484 obligat,
555 445 611 473 ac
632 439 681 472 ut
702 443 758 472 ea
779 431 966 482 assequi
982 432 1184 479 valeam,
1210 441 1329 481 quae
1350 435 1399 468 tu
1421 429 1467 467 in
1488 428 1580 468 tuis
1598 429 1762 468 ouibus

133 505 353 544 ardenter
383 504 655 555 desyderas,
690 514 852 543 omnes
888 507 1114 553 quotquot
1150 512 1310 540 sumus
1334 500 1392 539 ad
1427 499 1473 539 id
1499 499 1652 550 ipsum
1678 511 1764 538 nos

129 583 237 616 tuae
259 575 562 616 Paternitatis
584 573 871 615 orationibus
904 578 948 613 et
979 572 1224 612 sacrificiis
1259 571 1657 620 commendamus,
1691 581 1764 609 ue-

129 647 213 687 luti
241 654 285 687 te
308 647 464 687 facere
487 647 604 687 citra
625 645 987 686 haesitationem
1009 644 1256 684 credimus.

211 718 474 768 Valentiae‚
500 718 717 759 Calendis
739 716 864 767 Maii,
889 728 1012 756 anno
1038 715 1152 755 1555.

210 790 338 830 Tuae
364 789 486 829 R.<¹ae
516 788 820 829 Paternitatis
841 798 1009 827 seruus
1032 786 1387 837 indignissimus
1410 786 1456 825 in
1478 784 1682 835 Christo,

890 930 1201 971 HIERONYMus
1230 942 1291 970 DE
1321 928 1552 969 RIPALDA.

751 1358 1178 1414 CCCLXXXII

208 1590 430 1627 Antonius
451 1588 673 1628 Cordeses

256 1655 379 1692 Patri
397 1654 566 1701 Ignatio
588 1654 640 1692 de
656 1654 840 1701 Loyola.

303 1720 487 1767 Gandia,
512 1720 528 1757 1
550 1720 654 1768 Maji
675 1720 766 1758 1555
783 1720 809 1756 ¹.

936 1893 976 1965 ,Γ

218 2075 330 2127 Muy
351 2074 452 2115 R.d0
467 2074 617 2114 Padre
640 2086 697 2113 en
716 2073 1022 2126 Jesuchristo.

217 2148 285 2188 La
316 2147 501 2198 gracia,
541 2157 674 2185 amor
708 2158 739 2196 y
769 2157 856 2197 paz
891 2145 947 2185 de
980 2145 1240 2198 Jesucristo
1275 2150 1468 2184 nuestro
1506 2136 1655 2184 serior
1697 2155 1776 2183 sea

141 2219 344 2270 siempre
367 2229 424 2258 en
445 2219 485 2257 el
508 2217 663 2257 anima
685 2217 740 2256 de
762 2215 822 2257 V.
842 2215 891 2256 Ρ.
915 2229 946 2268 y
967 2217 1023 2256 de
1045 2216 1197 2256 todos.
1221 2215 1386 2256 Amen*

218 2290 286 2330 La
307 2296 525 2341 presente
547 2300 596 2328 es
617 2300 733 2339 para
754 2287 839 2327 dar
853 2288 984 2327 auiso
1008 2287 1106 2328 aV.
1132 2287 1181 2327 P.
1206 2287 1263 2327 de
1284 2288 1327 2327 10
1345 2299 1432 2339 que
1450 2287 1491 2327 el
1508 2285 1669 2336 Senon
1690 2297 1778 2337 por

134 2373 192 2401 su
213 2361 416 2410 bondad,
441 2363 468 2400 a
488 2360 642 2411 gloria
663 2370 781 2410 suya
803 2359 862 2399 ha
886 2359 1062 2399 obrado
1083 2371 1141 2398 en
1162 2360 1232 2399 105
1254 2364 1420 2410 quatro
1442 2370 1593 2398 meses
1615 2369 1773 2408 passa—

136 2433 225 2472 (105
247 2444 305 2472 en
326 2437 451 2472 estas
474 2438 633 2482 partes
654 2442 740 2482 por
760 2431 830 2470 105
851 2429 1027 2470 Padres
1044 2443 1075 2482 y
1097 2430 1362 2470 Hermanos
1384 2430 1515 2470 desta
1537 2440 1663 2469 casa.

218 2501 257 2542 E
276 2502 640 2554 primeramente
661 2502 706 2541 la
727 2500 988 2552 frequentia
1012 2501 1067 2541 de
1090 2502 1158 2540 las
1181 2500 1501 2541 confessiones
1523 2513 1554 2551 y
1575 2511 1776 2540 commu-

138 2574 305 2614 niones
326 2585 383 2613 en
404 2579 595 2613 nuestra
617 2572 800 2624 yglesia
822 2572 882 2612 ha
903 2572 1003 2612 sido
1025 2572 1207 2623 grande
1228 2583 1313 2623 por
1334 2573 1380 2611 la
1400 2571 1587 2611 bondad
1607 2571 1681 2611 del
1701 2569 1775 2611 Se-

139 2649 240 2685 fior.
265 2644 392 2684 Hase
414 2644 666 2695 predicado
688 2643 1084 2683 ordinariamente
1106 2655 1164 2683 en
1185 2648 1377 2683 nuestra
1402 2642 1585 2694 yglesia
1607 2643 1677 2682 los
1701 2641 1780 2682 do-

140 2716 326 2766 mingos
356 2728 386 2766 y
418 2714 576 2755 fiestas
597 2726 655 2754 en
676 2714 717 2754 el
737 2714 910 2765 tiempo
932 2717 1066 2754 antes
1086 2726 1117 2766 y
1139 2714 1337 2765 despues
1359 2713 1415 2754 de
1435 2714 1480 2753 la
1512 2724 1777 2765 quaresma‚

138 2799 229 2827 con
250 2785 419 2826 mucho
439 2797 668 2826 concurso
686 2785 742 2825 de
763 2791 917 2836 gente.
942 2784 1066 2836 Digo
1084 2788 1218 2825 antes
1241 2798 1271 2837 y
1289 2785 1501 2836 despues,
1525 2796 1704 2836 porque
1722 2796 1779 2824 en

195 2946 204 2966 ¹
246 2946 494 2980 Autographae
510 2946 634 2980 duplici
650 2946 740 2980 folio,
757 2947 865 2981 primo
881 2954 911 2973 n.
924 2946 986 2979 514,
1000 2947 1109 2973 altero
1125 2953 1191 2972 non
1207 2949 1398 2974 numerato.
