2028 3328
210 145 282 182 228
726 147 952 183 LITTERAE
974 157 1333 190 QUADRIMESTRES

211 244 440 293 gesimum
465 250 682 295 quartum
704 243 912 294 attigerit
933 245 1121 294 annum)
1141 251 1235 285 tres
1258 245 1444 295 linguas
1467 245 1531 285 ita
1553 251 1694 296 tenet,
1718 252 1767 287 ut
1799 247 1850 287 irr

211 315 415 365 qualibet
448 314 633 354 illarum
668 316 861 354 multum
898 316 1140 366 solumque
1176 316 1445 355 elaborasse
1490 316 1720 357 uideatur.
1760 317 1846 358 Est

211 386 396 436 quidem
418 386 462 425 in
483 386 628 425 latina
650 386 810 436 lingua
832 386 968 426 ualde
998 386 1257 438 expeditus3
1281 397 1507 436 graecam
1538 387 1601 427 ita
1625 394 1766 437 tenet,
1791 397 1841 429 ut

211 468 315 497 eam
336 457 483 508 possit
505 457 686 507 publice
709 457 930 508 profiteri,
956 470 1127 509 eosque
1149 457 1257 497 fecit
1276 458 1322 497 in
1343 457 1546 498 hebraea
1564 459 1722 510 lingua
1742 471 1844 511 pro-

209 540 417 580 gressus,
441 535 489 568 ut
509 540 657 579 paruo
680 529 839 568 labore
861 536 1019 580 posset
1041 536 1186 568 totam
1209 540 1396 568 sacram
1422 530 1648 580 paginam
1681 531 1851 571 intelli·

209 611 321 650 gere
347 605 501 650 atque,
535 599 573 638 si
601 611 677 638 res
704 600 1035 650 postulauerit,
1062 600 1385 650 interpretari:
1422 600 1481 640 ad
1512 600 1630 640 haec
1661 602 1844 642 accedit

210 671 333 722 quod
354 671 413 710 sit
432 671 479 710 in
501 676 602 710 arte
623 671 804 710 medica
821 672 1074 712 laureatus.
1097 671 1181 710 His
1200 670 1385 710 dotibus
1407 671 1470 711 ita
1494 672 1675 712 cunctis
1704 679 1843 713 notus

210 748 325 792 erat,
349 747 398 781 ut
419 742 571 781 nullus
588 741 773 792 ignoret
794 753 843 782 se
864 748 1056 782 nostrae
1077 740 1300 782 Societati
1322 741 1586 783 tradidisse:
1612 743 1735 794 quod
1755 755 1843 784 nec

210 825 386 864 paucos
415 825 500 853 nec
522 824 689 864 parum
710 813 1017 853 scholasticos
1049 813 1316 853 commouit.
1341 812 1475 853 Alius
1496 814 1638 854 etiam
1659 814 1841 855 schola-

209 885 355 924 sticus
376 890 596 935 acceptus
618 891 707 932 est,
732 884 975 924 latinitatis
995 884 1139 936 probe
1160 884 1354 934 peritus,
1379 884 1548 935 aliique
1568 890 1664 925 tres
1685 886 1840 937 singu—

206 956 261 995 lis
283 955 454 1005 singuli
474 954 569 994 suis
592 955 775 995 dotibus
796 956 1010 1006 praediti.

285 1026 444 1066 Vnum
466 1026 512 1065 id
533 1026 762 1077 reliquum
785 1033 867 1077 est,
900 1034 947 1066 ut
977 1027 1032 1067 de
1063 1027 1383 1078 spiritualibus
1412 1028 1648 1067 exercitiis
1684 1028 1840 1079 aliqua

206 1097 375 1137 dicam.
398 1096 591 1137 Fratres
612 1109 787 1147 omnes,
813 1109 872 1137 ex
893 1109 982 1149 quo
1005 1097 1053 1137 P.
1076 1097 1258 1138 Natalis
1280 1097 1338 1138 ad
1360 1110 1410 1138 se
1432 1098 1645 1149 accessit,
1670 1099 1840 1139 mirum

205 1168 251 1208 in
273 1168 544 1219 regularum
566 1168 896 1209 observatione
919 1176 1025 1209 sunt
1044 1170 1245 1218 solliciti,
1266 1170 1390 1222 quod
1406 1170 1521 1210 satis
1537 1176 1607 1210 est
1625 1177 1838 1221 apertum

206 1240 498 1279 obedientiae
526 1239 859 1280 testimonium.
884 1240 985 1280 Hoc
1013 1241 1163 1280 solum
1185 1240 1351 1281 videor
1372 1241 1484 1281 mihi
1505 1247 1673 1281 cuncta
1696 1240 1837 1281 fuisse

204 1311 491 1362 complexus,
516 1311 683 1351 cumis
705 1310 828 1362 apud
855 1323 940 1351 nos
968 1311 1229 1352 censendus
1258 1311 1317 1351 sit
1344 1311 1680 1363 perfectionem
1703 1312 1835 1352 attin-

202 1393 328 1433 gere,
353 1381 431 1433 qui
451 1382 586 1433 plene
606 1381 746 1422 suerit
766 1382 854 1422 sibi
875 1389 1128 1433 praecepta
1150 1389 1431 1434 exequutus,
1462 1383 1508 1423 id
1530 1388 1700 1433 tamen,
1725 1395 1838 1434 quo-

201 1453 328 1492 niam
349 1452 469 1492 inter
491 1453 583 1492 alia
600 1453 803 1493 maxime
818 1453 957 1503 lucet,
978 1453 1211 1503 adiiciam,
1232 1454 1413 1504 maiori,
1435 1465 1575 1506 quam
1591 1453 1728 1494 facile
1746 1453 1837 1494 dici

200 1524 369 1575 possit,
401 1535 450 1563 se
480 1529 641 1564 mutuo
677 1536 838 1564 amore
872 1525 1108 1576 prosequi,
1144 1525 1506 1576 desyderantes,
1541 1530 1590 1564 ut
1621 1525 1836 1576 coniicio,

201 1595 417 1646 discipuli
436 1595 537 1635 ueri
557 1595 707 1635 nostri
727 1594 998 1636 Seruatoris
1019 1596 1197 1636 haberi.

281 1665 453 1706 Omnes
474 1679 499 1706 a
522 1673 582 1713 te,
607 1666 662 1707 R.
686 1666 754 1715 R,
785 1667 955 1707 obnixe
977 1668 1290 1719 postulamus,
1321 1673 1371 1707 ut
1392 1679 1477 1707 nos
1499 1667 1590 1707 tuis
1620 1667 1838 1718 precibus

199 1737 282 1786 (uti
303 1743 348 1777 te
367 1737 524 1778 facere
546 1737 796 1789 credimus)
819 1739 935 1778 uelis
958 1738 1199 1778 adiuuare.

278 1808 539 1860 Valentiae,
564 1808 754 1849 Calend.
780 1809 994 1861 Januarii
1017 1810 1126 1849 anni
1153 1809 1270 1849 1555.

276 1878 405 1919 Tuae
426 1879 549 1919 Rdae
570 1879 874 1920 Paternitatis
895 1891 1060 1920 seruus
1082 1880 1128 1920 in
1150 1880 1356 1930 Christo,

955 2023 1265 2064 HIERONYMUS
1295 2035 1357 2063 DE
1386 2022 1619 2063 RIPALDA.
