2028 3328
823 153 903 190 AN.
939 152 1026 202 1555
1667 155 1737 193 5813

106 256 213 289 ante
244 251 402 289 oculos
434 251 690 301 proposuit,
726 262 897 301 cosque
929 250 1186 298 admonuit,
1220 258 1268 290 ut
1300 251 1387 289 sibi
1418 252 1734 302 providerent,

108 327 246 371 atque
270 328 317 360 ut
341 321 395 360 de
418 322 626 361 discessu
644 323 721 361 illo
740 322 988 371 diligenter
1006 322 1285 372 cogitarent.
1307 322 1436 372 Quae
1455 323 1554 362 eius
1570 324 1735 373 oratio,

107 391 267 431 diuina
291 403 405 441 erga
428 393 639 432 homines
662 393 868 432 bonitate
890 393 1095 442 iuuante,
1114 399 1295 432 tantum
1313 393 1435 443 apud
1454 394 1556 432 illos
1573 395 1736 443 ualuit,

110 470 159 502 ut
195 463 256 502 ibi
292 464 448 503 statim
484 465 738 504 inimicitiis
773 464 995 515 depositis
1027 465 1073 503 in
1107 465 1310 514 gratiam
1349 464 1568 504 redirent.
1606 464 1741 504 Alius

109 534 249 573 etiam
286 534 424 574 Pater
462 547 567 574 cum
603 547 628 574 a
664 536 861 586 quodam
898 536 1157 585 postularet
1192 542 1240 574 ut
1276 535 1330 583 ei,
1370 547 1396 574 a
1432 547 1524 586 quo
1560 536 1741 575 iniuriis

108 604 305 644 affectus
323 613 439 654 erat,
461 606 740 656 ignosceret,
760 618 1042 657 quamquam
1061 605 1245 645 dicebat
1262 606 1400 645 Pater
1414 606 1740 646 aduersarium

108 677 225 726 eius,
249 676 287 715 si
310 677 407 727 ipse
430 677 491 716 ita
516 679 667 727 uellet,
691 690 744 717 eo
767 689 877 717 mox
899 689 1000 717 esse
1023 684 1272 717 uenturum
1296 684 1343 716 ut
1366 678 1422 716 ab
1452 690 1505 716 eo
1537 678 1637 728 ipso
1667 677 1739 716 de>

110 748 208 786 licti
238 748 423 787 ueniam
452 755 644 798 peteret,
676 749 749 788 ille
781 756 951 796 tamen,
986 749 1059 787 cui
1090 749 1260 788 iniuria
1291 748 1417 788 sacta
1448 748 1614 795 fuerat,
1649 760 1743 788 non

109 819 244 858 modo
276 819 335 868 id,
368 820 491 869 quod
523 819 658 859 Pater
694 820 906 869 rogabat,
945 820 1247 859 libentissime
1285 821 1542 870 concessit,
1579 831 1743 859 uerum

109 890 250 929 etiam
272 890 507 939 pollicitus
528 898 597 930 est
619 903 668 930 se
689 891 877 931 domum
907 892 1168 931 aduersarii
1199 892 1372 931 iturum
1401 892 1458 931 ab
1486 891 1743 941 eodemque

112 961 297 1001 ueniam
321 962 572 1012 petiturum
594 974 711 1002 esse.
743 963 813 1002 Ex
842 963 897 1003 iis
929 970 1084 1003 autem
1116 964 1347 1012 omnibus,
1373 964 1451 1014 qui
1472 964 1516 1002 in
1539 962 1744 1014 gratiam

110 1032 292 1072 reducti
320 1040 440 1082 sunt,
472 1034 602 1072 multi
629 1033 813 1083 fratres,
845 1035 974 1074 multi
1007 1035 1292 1085 cognatione
1323 1042 1366 1074 et
1397 1034 1744 1086 propinquitate

110 1104 485 1143 coniunctissimi
512 1113 663 1144 erant.
703 1104 849 1144 Multa
879 1112 1125 1156 praeterea
1156 1106 1247 1145 alia
1276 1117 1359 1156 per
1381 1111 1570 1145 nostros
1591 1111 1742 1155 gesta,

112 1184 155 1214 et
179 1175 387 1226 perfecta
409 1182 529 1225 sunt,
554 1184 742 1227 propter
764 1188 882 1227 quae
904 1176 1004 1217 Deo
1028 1177 1132 1229 Opt.
1157 1177 1300 1227 Max„
1337 1178 1411 1217 cui
1440 1177 1558 1216 haec
1587 1176 1745 1216 omnia

111 1252 221 1285 sunt
243 1254 436 1298 accepta
460 1248 718 1296 referenda,
743 1248 949 1288 maxima
973 1249 1075 1288 laus
1096 1256 1140 1288 et
1161 1249 1313 1299 gloria
1333 1249 1506 1288 tributa
1524 1255 1607 1297 est,
1627 1259 1743 1287 sem-

112 1329 286 1368 perque
309 1318 551 1359 tribuetur.

190 1388 279 1438 Qui
315 1389 360 1428 in
396 1391 645 1440 gymnasio
680 1397 842 1430 nostro
871 1391 1017 1431 literis
1047 1403 1238 1442 operam
1268 1392 1401 1440 dant,
1430 1403 1538 1431 cum
1566 1390 1744 1431 confes-

110 1459 319 1499 sionibus
341 1460 504 1509 adiuti,
528 1467 623 1500 tum
646 1461 787 1501 etiam
809 1462 1144 1512 magistrorum
1166 1468 1210 1502 et
1232 1462 1432 1502 instituti
1453 1462 1671 1502 doctrina
1700 1468 1746 1501 et

111 1531 325 1581 exemplo
348 1532 555 1582 excitati,
579 1544 672 1572 non
695 1532 994 1572 mediocriter
1015 1532 1278 1584 proficiunt.
1302 1533 1421 1573 Nam
1445 1534 1582 1573 simul
1604 1541 1745 1584 atque

110 1601 157 1640 in
179 1601 368 1641 scholas
389 1608 575 1642 nostras
597 1602 927 1652 admittuntur,
952 1603 1096 1644 uerba
1118 1604 1276 1644 statim
1299 1604 1425 1656 ipsa,
1458 1616 1577 1656 quae
1606 1611 1745 1644 antea

110 1672 287 1722 passim
310 1673 616 1723 usurpabant,
638 1674 798 1714 nescio
820 1685 911 1725 quo
932 1680 1087 1725 pacto,
1112 1676 1185 1715 uel
1203 1675 1392 1715 omnino
1411 1675 1650 1726 abiiciunt,
1671 1677 1746 1714 uel

112 1754 285 1793 magna
307 1754 367 1783 ex
388 1751 521 1794 parte
542 1751 846 1785 commutant.
870 1744 1032 1797 Neque
1054 1747 1202 1786 solum
1225 1746 1528 1786 iureiurando
1551 1746 1742 1797 diligen-

111 1813 289 1853 tissime
311 1814 558 1866 abstinent,
583 1816 664 1856 sed
685 1828 742 1856 ne
763 1827 906 1856 unum
927 1816 1114 1868 quidem
1135 1817 1330 1857 uerbum
1353 1830 1410 1857 ex
1433 1817 1641 1868 ipsorum
1664 1828 1745 1857 ore

112 1887 221 1935 exit,
246 1886 369 1936 quod
392 1886 668 1938 cuiusquam
690 1899 828 1927 aures
857 1888 1075 1939 offendat,
1107 1894 1155 1928 ut
1182 1895 1320 1928 antea
1353 1889 1419 1928 eis
1449 1900 1537 1928 usu
1564 1889 1745 1928 solebat

111 1956 315 1996 euenire.
345 1956 505 2008 Itaque
543 1958 601 1997 ab
636 1959 761 1998 omni
792 1970 857 2006 re,
893 1970 983 2010 qua
1005 1958 1166 1998 Diuini
1187 1957 1402 1999 Numinis
1424 1960 1648 1999 maiestas
1670 1960 1746 1999 uel

109 2027 275 2066 leuiter
311 2027 481 2067 offendi
515 2029 678 2079 possit,
710 2029 1065 2079 diligentissime
1094 2037 1277 2070 cauent.
1314 2029 1431 2070 Tam
1457 2031 1667 2070 modeste
1695 2042 1744 2070 se

114 2098 330 2138 omnibus
353 2099 399 2138 in
429 2099 567 2139 rebus
596 2106 784 2151 gerunt,
814 2107 863 2140 ut
888 2113 1024 2140 nemo
1057 2113 1137 2141 eos
1167 2101 1339 2151 uideat,
1373 2102 1483 2152 quin
1512 2103 1745 2141 maximas

111 2168 213 2209 Deo
234 2169 415 2220 gratias
436 2176 548 2220 agat
564 2182 648 2222 pro
665 2177 761 2211 tarn
778 2172 1007 2222 singulari
1025 2172 1480 2212 adolescentulorum
1497 2172 1742 2212 modestia.

112 2239 206 2280 Alii
227 2239 349 2279 enim
370 2252 565 2290 prorsus
585 2241 733 2281 uideri
756 2243 919 2291 solent,
945 2250 989 2282 et
1010 2255 1102 2282 non
1124 2243 1202 2293 illi,
1224 2244 1300 2294 qui
1319 2250 1426 2283 ante
1443 2250 1591 2283 erant.
1614 2243 1744 2283 Multi

111 2321 313 2361 namque
330 2322 492 2350 eorum
509 2319 678 2352 octauo
699 2325 881 2364 quoque
899 2314 972 2353 die
990 2314 1045 2353 de
1063 2315 1271 2365 peccatis
1289 2314 1585 2365 confitentur,
1606 2321 1747 2366 atque

114 2381 256 2421 etiam
277 2381 465 2432 capiunt
488 2381 851 2423 Sacrosanctum
872 2384 1045 2424 Christi
1066 2383 1263 2436 Corpus,
1283 2392 1482 2436 suntque
1501 2386 1745 2426 uehemen-

114 2458 184 2491 ter
206 2451 375 2491 soliciti
395 2452 451 2492 de
473 2464 665 2493 suorum
685 2455 949 2494 animorum
971 2455 1215 2495 commodo
1237 2462 1281 2495 et
1302 2457 1466 2496 salute.
1500 2457 1550 2496 In
1578 2457 1747 2508 quibus

112 2522 249 2562 facile
271 2523 458 2573 quidem
479 2530 675 2575 apparet
696 2532 897 2576 quantos
918 2526 965 2565 in
986 2526 1159 2566 uirtute
1181 2526 1356 2567 faciant
1379 2538 1675 2578 progressus.

193 2592 334 2633 Pater
361 2600 520 2634 noster
546 2595 665 2635 Miro
693 2607 779 2635 nos
811 2596 870 2636 ad
901 2597 1123 2637 calendas
1154 2597 1375 2648 Quintilis
1406 2598 1579 2650 inuisit,
1612 2599 1748 2639 cuius

112 2664 447 2704 iucundissimo
482 2666 846 2718 gratissimoque
882 2675 1135 2719 conspectu
1170 2669 1339 2708 mirum
1374 2669 1420 2708 in
1456 2669 1646 2710 modum
1677 2682 1745 2711 re-

112 2735 260 2774 creati
280 2746 455 2776 sumus.
480 2736 659 2776 Verum
680 2737 804 2788 apud
826 2750 911 2777 nos
932 2750 1024 2778 non
1047 2740 1247 2791 amplius
1265 2740 1513 2781 undecimo
1531 2741 1604 2782 die
1621 2753 1744 2782 com-

112 2812 324 2846 moratus
346 2813 431 2858 est,
454 2814 703 2858 propterea
725 2809 848 2859 quod
869 2811 1015 2849 multa
1037 2821 1304 2862 magnaque
1319 2812 1526 2862 'negocia
1548 2819 1592 2852 et
1613 2812 1745 2865 Olys-

114 2876 276 2927 sipone
298 2883 342 2916 et
365 2876 689 2918 Conimbricae
711 2879 928 2930 habebat,
953 2892 1072 2932 quae
1093 2881 1221 2921 illum
1247 2881 1419 2923 diutius
1438 2883 1621 2924 Eborae
1643 2896 1748 2925 esse

113 2959 209 2987 non
230 2948 541 2999 patiebantur.
565 2949 754 2990 Interim
776 2951 1023 3001 quemdam
1045 2952 1120 2991 hic
1142 2953 1437 2994 sacerdotem
1464 2955 1512 2994 in
1541 2954 1749 2996 Societa—
