<?xml version="1.0" encoding="UTF-8"?>
<!DOCTYPE html PUBLIC "-//W3C//DTD XHTML 1.0 Transitional//EN"
    "http://www.w3.org/TR/xhtml1/DTD/xhtml1-transitional.dtd">
<html xmlns="http://www.w3.org/1999/xhtml" xml:lang="en" lang="en">
 <head>
  <title>
</title>
<meta http-equiv="Content-Type" content="text/html;charset=utf-8" />
  <meta name='ocr-system' content='tesseract 3.04.00' />
  <meta name='ocr-capabilities' content='ocr_page ocr_carea ocr_par ocr_line ocrx_word'/>
</head>
<body>
  <div class='ocr_page' id='page_1' title='image "./litteraequadrime1503lain_0642.png"; bbox 0 0 2028 3328; ppageno 0'>
   <div class='ocr_carea' id='block_1_1' title="bbox 202 182 1328 229">
    <p class='ocr_par' dir='ltr' id='par_1_1' title="bbox 202 182 1328 229">
     <span class='ocr_line' id='line_1_1' title="bbox 202 182 1328 229; baseline 0.003 -9"><span class='ocrx_word' id='word_1_1' title='bbox 202 182 275 220; x_wconf 76' lang='lat'>036</span> <span class='ocrx_word' id='word_1_2' title='bbox 722 185 948 224; x_wconf 79' lang='lat' dir='ltr'><strong>LITTERAE</strong></span> <span class='ocrx_word' id='word_1_3' title='bbox 969 197 1328 229; x_wconf 80' lang='lat' dir='ltr'>QUADRIMESTRES</span> 
     </span>
    </p>
   </div>
   <div class='ocr_carea' id='block_1_2' title="bbox 202 280 1845 2749">
    <p class='ocr_par' dir='ltr' id='par_1_2' title="bbox 202 280 1844 2381">
     <span class='ocr_line' id='line_1_2' title="bbox 205 280 1837 333; baseline 0.004 -14"><span class='ocrx_word' id='word_1_4' title='bbox 205 280 433 331; x_wconf 78' lang='lat' dir='ltr'>uenimUS,</span> <span class='ocrx_word' id='word_1_5' title='bbox 465 282 509 321; x_wconf 91' lang='lat' dir='ltr'>in</span> <span class='ocrx_word' id='word_1_6' title='bbox 538 293 628 333; x_wconf 89' lang='lat' dir='ltr'>quo</span> <span class='ocrx_word' id='word_1_7' title='bbox 658 282 815 322; x_wconf 88' lang='lat' dir='ltr'>sedem</span> <span class='ocrx_word' id='word_1_8' title='bbox 850 283 993 333; x_wconf 80' lang='lat' dir='ltr'>figere</span> <span class='ocrx_word' id='word_1_9' title='bbox 1021 284 1279 323; x_wconf 87' lang='lat' dir='ltr'>consueuit.</span> <span class='ocrx_word' id='word_1_10' title='bbox 1318 282 1547 322; x_wconf 74' lang='lat' dir='ltr'>Postridie</span> <span class='ocrx_word' id='word_1_11' title='bbox 1578 283 1692 333; x_wconf 88' lang='lat' dir='ltr'>(dies</span> <span class='ocrx_word' id='word_1_12' title='bbox 1715 285 1837 325; x_wconf 90' lang='lat' dir='ltr'>enim</span> 
     </span>
     <span class='ocr_line' id='line_1_3' title="bbox 204 351 1836 404; baseline 0.002 -13"><span class='ocrx_word' id='word_1_13' title='bbox 204 357 305 391; x_wconf 86' lang='lat' dir='ltr'>erat</span> <span class='ocrx_word' id='word_1_14' title='bbox 339 351 648 403; x_wconf 80' lang='lat' dir='ltr'>dominicus),</span> <span class='ocrx_word' id='word_1_15' title='bbox 682 353 879 404; x_wconf 86' lang='lat' dir='ltr'>primam</span> <span class='ocrx_word' id='word_1_16' title='bbox 912 355 955 393; x_wconf 88' lang='lat' dir='ltr'>in</span> <span class='ocrx_word' id='word_1_17' title='bbox 997 353 1236 393; x_wconf 82' lang='lat' dir='ltr'>Auuernia</span> <span class='ocrx_word' id='word_1_18' title='bbox 1269 353 1530 404; x_wconf 86' lang='lat' dir='ltr'>Euscopiae</span> <span class='ocrx_word' id='word_1_19' title='bbox 1561 355 1836 396; x_wconf 77' lang='lat' dir='ltr'>concionem</span> 
     </span>
     <span class='ocr_line' id='line_1_4' title="bbox 205 422 1836 477; baseline 0.003 -16"><span class='ocrx_word' id='word_1_20' title='bbox 205 422 344 462; x_wconf 86' lang='lat' dir='ltr'>habui</span> <span class='ocrx_word' id='word_1_21' title='bbox 359 423 691 464; x_wconf 75' lang='lat' dir='ltr'>circumstante</span> <span class='ocrx_word' id='word_1_22' title='bbox 707 424 1083 476; x_wconf 82' lang='lat' dir='ltr'>frequentissima</span> <span class='ocrx_word' id='word_1_23' title='bbox 1102 424 1342 464; x_wconf 90' lang='lat' dir='ltr'>hominum</span> <span class='ocrx_word' id='word_1_24' title='bbox 1359 435 1547 475; x_wconf 82' lang='lat' dir='ltr'>corona,</span> <span class='ocrx_word' id='word_1_25' title='bbox 1564 432 1702 477; x_wconf 89' lang='lat' dir='ltr'>atque</span> <span class='ocrx_word' id='word_1_26' title='bbox 1720 427 1836 466; x_wconf 88' lang='lat' dir='ltr'>adeo</span> 
     </span>
     <span class='ocr_line' id='line_1_5' title="bbox 203 493 1836 548; baseline 0.002 -15"><span class='ocrx_word' id='word_1_27' title='bbox 203 493 425 545; x_wconf 78' lang='lat' dir='ltr'>Episcopi</span> <span class='ocrx_word' id='word_1_28' title='bbox 445 494 636 535; x_wconf 82' lang='lat' dir='ltr'>familia.</span> <span class='ocrx_word' id='word_1_29' title='bbox 661 495 902 536; x_wconf 85' lang='lat' dir='ltr'>Postremo</span> <span class='ocrx_word' id='word_1_30' title='bbox 924 496 1035 535; x_wconf 86' lang='lat' dir='ltr'>Maii</span> <span class='ocrx_word' id='word_1_31' title='bbox 1058 496 1299 545; x_wconf 78' lang='lat' dir='ltr'>ingressus</span> <span class='ocrx_word' id='word_1_32' title='bbox 1329 507 1452 546; x_wconf 88' lang='lat' dir='ltr'>sum,</span> <span class='ocrx_word' id='word_1_33' title='bbox 1477 496 1595 535; x_wconf 90' lang='lat' dir='ltr'>duce</span> <span class='ocrx_word' id='word_1_34' title='bbox 1615 497 1836 548; x_wconf 87' lang='lat' dir='ltr'>Episcopi</span> 
     </span>
     <span class='ocr_line' id='line_1_6' title="bbox 202 564 1834 619; baseline 0.002 -15"><span class='ocrx_word' id='word_1_35' title='bbox 202 564 401 615; x_wconf 87' lang='lat' dir='ltr'>medico,</span> <span class='ocrx_word' id='word_1_36' title='bbox 438 564 705 615; x_wconf 85' lang='lat' dir='ltr'>Biliomum,</span> <span class='ocrx_word' id='word_1_37' title='bbox 746 566 1113 606; x_wconf 89' lang='lat' dir='ltr'>concionaturus</span> <span class='ocrx_word' id='word_1_38' title='bbox 1148 565 1320 605; x_wconf 89' lang='lat' dir='ltr'>ibidem</span> <span class='ocrx_word' id='word_1_39' title='bbox 1352 566 1481 606; x_wconf 87' lang='lat' dir='ltr'>feriis</span> <span class='ocrx_word' id='word_1_40' title='bbox 1515 567 1834 619; x_wconf 82' lang='lat' dir='ltr'>Pentecostcs,</span> 
     </span>
     <span class='ocr_line' id='line_1_7' title="bbox 204 635 1837 688; baseline 0.002 -13"><span class='ocrx_word' id='word_1_41' title='bbox 204 635 327 687; x_wconf 91' lang='lat' dir='ltr'>quod</span> <span class='ocrx_word' id='word_1_42' title='bbox 349 642 393 676; x_wconf 92' lang='lat' dir='ltr'>et</span> <span class='ocrx_word' id='word_1_43' title='bbox 415 648 440 676; x_wconf 90' lang='lat' dir='ltr'>a</span> <span class='ocrx_word' id='word_1_44' title='bbox 462 648 534 676; x_wconf 90' lang='lat' dir='ltr'>me</span> <span class='ocrx_word' id='word_1_45' title='bbox 556 637 833 687; x_wconf 89' lang='lat' dir='ltr'>praestitum</span> <span class='ocrx_word' id='word_1_46' title='bbox 854 644 923 676; x_wconf 89' lang='lat' dir='ltr'>est</span> <span class='ocrx_word' id='word_1_47' title='bbox 945 645 1147 688; x_wconf 87' lang='lat' dir='ltr'>quatuor</span> <span class='ocrx_word' id='word_1_48' title='bbox 1169 638 1473 677; x_wconf 88' lang='lat' dir='ltr'>concionibus</span> <span class='ocrx_word' id='word_1_49' title='bbox 1494 638 1642 678; x_wconf 89' lang='lat' dir='ltr'>tribus</span> <span class='ocrx_word' id='word_1_50' title='bbox 1664 639 1753 679; x_wconf 88' lang='lat' dir='ltr'>illis</span> <span class='ocrx_word' id='word_1_51' title='bbox 1777 638 1837 679; x_wconf 89' lang='lat' dir='ltr'>fe-</span> 
     </span>
     <span class='ocr_line' id='line_1_8' title="bbox 205 706 1836 761; baseline 0.002 -15"><span class='ocrx_word' id='word_1_52' title='bbox 205 706 286 747; x_wconf 88' lang='lat' dir='ltr'>riis</span> <span class='ocrx_word' id='word_1_53' title='bbox 314 707 483 747; x_wconf 79' lang='lat' dir='ltr'>ibidem</span> <span class='ocrx_word' id='word_1_54' title='bbox 512 707 682 748; x_wconf 88' lang='lat' dir='ltr'>habitis</span> <span class='ocrx_word' id='word_1_55' title='bbox 712 719 816 747; x_wconf 90' lang='lat' dir='ltr'>cum</span> <span class='ocrx_word' id='word_1_56' title='bbox 846 708 1050 748; x_wconf 84' lang='lat' dir='ltr'>maximo</span> <span class='ocrx_word' id='word_1_57' title='bbox 1078 708 1234 759; x_wconf 89' lang='lat' dir='ltr'>populi</span> <span class='ocrx_word' id='word_1_58' title='bbox 1269 708 1486 748; x_wconf 84' lang='lat' dir='ltr'>confluxu</span> <span class='ocrx_word' id='word_1_59' title='bbox 1515 717 1558 749; x_wconf 91' lang='lat' dir='ltr'>et</span> <span class='ocrx_word' id='word_1_60' title='bbox 1587 710 1836 761; x_wconf 75' lang='lat' dir='ltr'>applausu.</span> 
     </span>
     <span class='ocr_line' id='line_1_9' title="bbox 208 777 1836 831; baseline 0.002 -14"><span class='ocrx_word' id='word_1_61' title='bbox 208 777 378 828; x_wconf 86' lang='lat' dir='ltr'>Quinto</span> <span class='ocrx_word' id='word_1_62' title='bbox 403 778 529 831; x_wconf 90' lang='lat' dir='ltr'>Junii</span> <span class='ocrx_word' id='word_1_63' title='bbox 556 779 896 829; x_wconf 83' lang='lat' dir='ltr'>professionem</span> <span class='ocrx_word' id='word_1_64' title='bbox 926 778 1260 829; x_wconf 82' lang='lat' dir='ltr'>theologicam,</span> <span class='ocrx_word' id='word_1_65' title='bbox 1283 778 1504 819; x_wconf 87' lang='lat' dir='ltr'>inchoata</span> <span class='ocrx_word' id='word_1_66' title='bbox 1534 780 1591 820; x_wconf 89' lang='lat' dir='ltr'>D.</span> <span class='ocrx_word' id='word_1_67' title='bbox 1616 780 1747 820; x_wconf 83' lang='lat' dir='ltr'>Pauli</span> <span class='ocrx_word' id='word_1_68' title='bbox 1777 780 1836 820; x_wconf 89' lang='lat' dir='ltr'>ad</span> 
     </span>
     <span class='ocr_line' id='line_1_10' title="bbox 204 847 1838 901; baseline 0 -13"><span class='ocrx_word' id='word_1_69' title='bbox 204 847 445 888; x_wconf 87' lang='lat' dir='ltr'>Romanos</span> <span class='ocrx_word' id='word_1_70' title='bbox 479 850 700 900; x_wconf 84' lang='lat' dir='ltr'>epistola,</span> <span class='ocrx_word' id='word_1_71' title='bbox 733 850 1004 901; x_wconf 81' lang='lat' dir='ltr'>auspicatus</span> <span class='ocrx_word' id='word_1_72' title='bbox 1031 861 1135 890; x_wconf 92' lang='lat' dir='ltr'>sum</span> <span class='ocrx_word' id='word_1_73' title='bbox 1163 862 1270 890; x_wconf 90' lang='lat' dir='ltr'>cum</span> <span class='ocrx_word' id='word_1_74' title='bbox 1300 862 1549 891; x_wconf 90' lang='lat' dir='ltr'>numeroso</span> <span class='ocrx_word' id='word_1_75' title='bbox 1580 850 1838 892; x_wconf 86' lang='lat' dir='ltr'>Canonico-</span> 
     </span>
     <span class='ocr_line' id='line_1_11' title="bbox 208 920 1836 974; baseline 0.002 -15"><span class='ocrx_word' id='word_1_76' title='bbox 208 930 326 970; x_wconf 87' lang='lat' dir='ltr'>rum,</span> <span class='ocrx_word' id='word_1_77' title='bbox 351 920 737 960; x_wconf 88' lang='lat' dir='ltr'>scholasticorum</span> <span class='ocrx_word' id='word_1_78' title='bbox 760 932 814 960; x_wconf 85' lang='lat' dir='ltr'>ac</span> <span class='ocrx_word' id='word_1_79' title='bbox 831 920 1004 960; x_wconf 89' lang='lat' dir='ltr'>ciuium</span> <span class='ocrx_word' id='word_1_80' title='bbox 1022 928 1255 961; x_wconf 90' lang='lat' dir='ltr'>conuentu</span> <span class='ocrx_word' id='word_1_81' title='bbox 1273 928 1410 973; x_wconf 88' lang='lat' dir='ltr'>atque</span> <span class='ocrx_word' id='word_1_82' title='bbox 1430 921 1608 962; x_wconf 79' lang='lat' dir='ltr'>fauore</span> <span class='ocrx_word' id='word_1_83' title='bbox 1629 921 1836 974; x_wconf 85' lang='lat' dir='ltr'>Septimo</span> 
     </span>
     <span class='ocr_line' id='line_1_12' title="bbox 203 989 1841 1044; baseline 0.002 -14"><span class='ocrx_word' id='word_1_84' title='bbox 203 989 331 1042; x_wconf 89' lang='lat' dir='ltr'>Junii</span> <span class='ocrx_word' id='word_1_85' title='bbox 352 990 667 1031; x_wconf 85' lang='lat' dir='ltr'>Clarmontem</span> <span class='ocrx_word' id='word_1_86' title='bbox 690 991 941 1042; x_wconf 85' lang='lat' dir='ltr'>profectus,</span> <span class='ocrx_word' id='word_1_87' title='bbox 968 992 1190 1042; x_wconf 80' lang='lat' dir='ltr'>postridie</span> <span class='ocrx_word' id='word_1_88' title='bbox 1213 993 1270 1031; x_wconf 91' lang='lat' dir='ltr'>ab</span> <span class='ocrx_word' id='word_1_89' title='bbox 1288 992 1520 1044; x_wconf 88' lang='lat' dir='ltr'>Episcopo</span> <span class='ocrx_word' id='word_1_90' title='bbox 1552 993 1611 1033; x_wconf 87' lang='lat' dir='ltr'>ad</span> <span class='ocrx_word' id='word_1_91' title='bbox 1638 992 1841 1034; x_wconf 87' lang='lat' dir='ltr'>Diaconi</span> 
     </span>
     <span class='ocr_line' id='line_1_13' title="bbox 206 1061 1841 1114; baseline 0.003 -14"><span class='ocrx_word' id='word_1_92' title='bbox 206 1072 373 1101; x_wconf 90' lang='lat' dir='ltr'>munus</span> <span class='ocrx_word' id='word_1_93' title='bbox 394 1068 635 1113; x_wconf 89' lang='lat' dir='ltr'>promotus</span> <span class='ocrx_word' id='word_1_94' title='bbox 656 1073 774 1102; x_wconf 90' lang='lat' dir='ltr'>sum.</span> <span class='ocrx_word' id='word_1_95' title='bbox 799 1061 955 1111; x_wconf 88' lang='lat' dir='ltr'>Nono,</span> <span class='ocrx_word' id='word_1_96' title='bbox 981 1063 1038 1102; x_wconf 88' lang='lat' dir='ltr'>ab</span> <span class='ocrx_word' id='word_1_97' title='bbox 1067 1063 1301 1114; x_wconf 87' lang='lat' dir='ltr'>Episcopo</span> <span class='ocrx_word' id='word_1_98' title='bbox 1323 1063 1506 1114; x_wconf 83' lang='lat' dir='ltr'>missus,</span> <span class='ocrx_word' id='word_1_99' title='bbox 1532 1065 1841 1105; x_wconf 86' lang='lat' dir='ltr'>concionatus</span> 
     </span>
     <span class='ocr_line' id='line_1_14' title="bbox 206 1132 1837 1186; baseline 0.003 -15"><span class='ocrx_word' id='word_1_100' title='bbox 206 1143 310 1172; x_wconf 90' lang='lat' dir='ltr'>sum</span> <span class='ocrx_word' id='word_1_101' title='bbox 343 1132 466 1183; x_wconf 85' lang='lat' dir='ltr'>apud</span> <span class='ocrx_word' id='word_1_102' title='bbox 502 1132 965 1183; x_wconf 82' lang='lat' dir='ltr'>Montemferranum,</span> <span class='ocrx_word' id='word_1_103' title='bbox 1004 1134 1225 1185; x_wconf 90' lang='lat' dir='ltr'>oppidum</span> <span class='ocrx_word' id='word_1_104' title='bbox 1261 1134 1518 1175; x_wconf 90' lang='lat' dir='ltr'>Clarmonti</span> <span class='ocrx_word' id='word_1_105' title='bbox 1554 1135 1837 1186; x_wconf 84' lang='lat' dir='ltr'>proximum.</span> 
     </span>
     <span class='ocr_line' id='line_1_15' title="bbox 205 1203 1840 1257; baseline 0.002 -14"><span class='ocrx_word' id='word_1_106' title='bbox 205 1203 465 1243; x_wconf 88' lang='lat' dir='ltr'>Undecimo</span> <span class='ocrx_word' id='word_1_107' title='bbox 489 1203 695 1243; x_wconf 89' lang='lat' dir='ltr'>eiusdem</span> <span class='ocrx_word' id='word_1_108' title='bbox 718 1204 891 1245; x_wconf 90' lang='lat' dir='ltr'>mensis</span> <span class='ocrx_word' id='word_1_109' title='bbox 912 1205 1088 1256; x_wconf 81' lang='lat' dir='ltr'>aliquot</span> <span class='ocrx_word' id='word_1_110' title='bbox 1116 1205 1363 1255; x_wconf 89' lang='lat' dir='ltr'>Canonici,</span> <span class='ocrx_word' id='word_1_111' title='bbox 1387 1212 1577 1257; x_wconf 88' lang='lat' dir='ltr'>postero</span> <span class='ocrx_word' id='word_1_112' title='bbox 1607 1207 1679 1246; x_wconf 89' lang='lat' dir='ltr'>die</span> <span class='ocrx_word' id='word_1_113' title='bbox 1712 1207 1840 1247; x_wconf 91' lang='lat' dir='ltr'>ciues</span> 
     </span>
     <span class='ocr_line' id='line_1_16' title="bbox 205 1274 1842 1330; baseline 0.003 -17"><span class='ocrx_word' id='word_1_114' title='bbox 205 1275 433 1325; x_wconf 83' lang='lat' dir='ltr'>potiores,</span> <span class='ocrx_word' id='word_1_115' title='bbox 458 1274 691 1325; x_wconf 90' lang='lat' dir='ltr'>impendia</span> <span class='ocrx_word' id='word_1_116' title='bbox 721 1275 834 1315; x_wconf 90' lang='lat' dir='ltr'>mihi</span> <span class='ocrx_word' id='word_1_117' title='bbox 855 1275 1126 1323; x_wconf 76' lang='lat' dir='ltr'>offerentes,</span> <span class='ocrx_word' id='word_1_118' title='bbox 1155 1276 1436 1328; x_wconf 88' lang='lat' dir='ltr'>Euscopiam</span> <span class='ocrx_word' id='word_1_119' title='bbox 1456 1289 1652 1328; x_wconf 88' lang='lat' dir='ltr'>venere,</span> <span class='ocrx_word' id='word_1_120' title='bbox 1677 1289 1842 1330; x_wconf 81' lang='lat' dir='ltr'>meque</span> 
     </span>
     <span class='ocr_line' id='line_1_17' title="bbox 207 1345 1838 1402; baseline 0.003 -18"><span class='ocrx_word' id='word_1_121' title='bbox 207 1345 263 1384; x_wconf 89' lang='lat' dir='ltr'>ab</span> <span class='ocrx_word' id='word_1_122' title='bbox 286 1345 517 1397; x_wconf 91' lang='lat' dir='ltr'>Episcopo</span> <span class='ocrx_word' id='word_1_123' title='bbox 538 1347 755 1397; x_wconf 87' lang='lat' dir='ltr'>precibus</span> <span class='ocrx_word' id='word_1_124' title='bbox 777 1347 900 1387; x_wconf 85' lang='lat' dir='ltr'>victo</span> <span class='ocrx_word' id='word_1_125' title='bbox 924 1355 1195 1387; x_wconf 81' lang='lat' dir='ltr'>exorarunt.</span> <span class='ocrx_word' id='word_1_126' title='bbox 1221 1348 1381 1400; x_wconf 88' lang='lat' dir='ltr'>Itaque</span> <span class='ocrx_word' id='word_1_127' title='bbox 1403 1349 1677 1389; x_wconf 86' lang='lat' dir='ltr'>duodecimo</span> <span class='ocrx_word' id='word_1_128' title='bbox 1698 1349 1838 1402; x_wconf 88' lang='lat' dir='ltr'>Junii,</span> 
     </span>
     <span class='ocr_line' id='line_1_18' title="bbox 207 1416 1836 1471; baseline 0.003 -16"><span class='ocrx_word' id='word_1_129' title='bbox 207 1416 449 1456; x_wconf 82' lang='lat' dir='ltr'>Praefecto</span> <span class='ocrx_word' id='word_1_130' title='bbox 472 1417 601 1457; x_wconf 87' lang='lat' dir='ltr'>vrbis</span> <span class='ocrx_word' id='word_1_131' title='bbox 623 1417 738 1457; x_wconf 91' lang='lat' dir='ltr'>duce</span> <span class='ocrx_word' id='word_1_132' title='bbox 761 1425 805 1458; x_wconf 92' lang='lat' dir='ltr'>et</span> <span class='ocrx_word' id='word_1_133' title='bbox 828 1418 1026 1470; x_wconf 89' lang='lat' dir='ltr'>hospite,</span> <span class='ocrx_word' id='word_1_134' title='bbox 1052 1419 1299 1459; x_wconf 83' lang='lat' dir='ltr'>Biliomum</span> <span class='ocrx_word' id='word_1_135' title='bbox 1320 1431 1554 1470; x_wconf 85' lang='lat' dir='ltr'>reuersus,</span> <span class='ocrx_word' id='word_1_136' title='bbox 1579 1421 1725 1460; x_wconf 91' lang='lat' dir='ltr'>altero</span> <span class='ocrx_word' id='word_1_137' title='bbox 1748 1420 1836 1471; x_wconf 87' lang='lat' dir='ltr'>die,</span> 
     </span>
     <span class='ocr_line' id='line_1_19' title="bbox 209 1487 1840 1541; baseline 0.002 -14"><span class='ocrx_word' id='word_1_138' title='bbox 209 1487 534 1528; x_wconf 84' lang='lat' dir='ltr'>Eucharistiae</span> <span class='ocrx_word' id='word_1_139' title='bbox 557 1500 693 1528; x_wconf 84' lang='lat' dir='ltr'>sacro</span> <span class='ocrx_word' id='word_1_140' title='bbox 721 1489 744 1539; x_wconf 82' lang='lat'>¹,</span> <span class='ocrx_word' id='word_1_141' title='bbox 769 1490 814 1529; x_wconf 86' lang='lat' dir='ltr'>in</span> <span class='ocrx_word' id='word_1_142' title='bbox 836 1490 936 1529; x_wconf 75' lang='lat' dir='ltr'>foro</span> <span class='ocrx_word' id='word_1_143' title='bbox 955 1490 1138 1541; x_wconf 89' lang='lat' dir='ltr'>publico</span> <span class='ocrx_word' id='word_1_144' title='bbox 1162 1491 1468 1531; x_wconf 85' lang='lat' dir='ltr'>concionatus</span> <span class='ocrx_word' id='word_1_145' title='bbox 1485 1502 1600 1531; x_wconf 89' lang='lat' dir='ltr'>sum.</span> <span class='ocrx_word' id='word_1_146' title='bbox 1621 1491 1709 1531; x_wconf 88' lang='lat' dir='ltr'>Die</span> <span class='ocrx_word' id='word_1_147' title='bbox 1726 1502 1840 1531; x_wconf 83' lang='lat' dir='ltr'>vero</span> 
     </span>
     <span class='ocr_line' id='line_1_20' title="bbox 208 1558 1843 1613; baseline 0.003 -16"><span class='ocrx_word' id='word_1_148' title='bbox 208 1558 440 1598; x_wconf 89' lang='lat' dir='ltr'>dominico</span> <span class='ocrx_word' id='word_1_149' title='bbox 462 1560 695 1610; x_wconf 82' lang='lat' dir='ltr'>proximo,</span> <span class='ocrx_word' id='word_1_150' title='bbox 719 1566 818 1600; x_wconf 90' lang='lat' dir='ltr'>tum</span> <span class='ocrx_word' id='word_1_151' title='bbox 839 1560 885 1600; x_wconf 88' lang='lat' dir='ltr'>in</span> <span class='ocrx_word' id='word_1_152' title='bbox 909 1560 1022 1600; x_wconf 89' lang='lat' dir='ltr'>aede</span> <span class='ocrx_word' id='word_1_153' title='bbox 1044 1560 1153 1601; x_wconf 91' lang='lat' dir='ltr'>Diui</span> <span class='ocrx_word' id='word_1_154' title='bbox 1175 1562 1308 1612; x_wconf 73' lang='lat' dir='ltr'>Lupi,</span> <span class='ocrx_word' id='word_1_155' title='bbox 1332 1568 1430 1601; x_wconf 90' lang='lat' dir='ltr'>tum</span> <span class='ocrx_word' id='word_1_156' title='bbox 1446 1562 1492 1601; x_wconf 93' lang='lat' dir='ltr'>in</span> <span class='ocrx_word' id='word_1_157' title='bbox 1508 1563 1682 1613; x_wconf 87' lang='lat' dir='ltr'>templo</span> <span class='ocrx_word' id='word_1_158' title='bbox 1705 1574 1843 1602; x_wconf 87' lang='lat' dir='ltr'>cano-</span> 
     </span>
     <span class='ocr_line' id='line_1_21' title="bbox 206 1629 1843 1684; baseline 0.004 -16"><span class='ocrx_word' id='word_1_159' title='bbox 206 1629 432 1679; x_wconf 88' lang='lat' dir='ltr'>nicorum,</span> <span class='ocrx_word' id='word_1_160' title='bbox 458 1630 734 1671; x_wconf 88' lang='lat' dir='ltr'>concionem</span> <span class='ocrx_word' id='word_1_161' title='bbox 755 1631 939 1671; x_wconf 83' lang='lat' dir='ltr'>Biliomi</span> <span class='ocrx_word' id='word_1_162' title='bbox 967 1631 1130 1672; x_wconf 89' lang='lat' dir='ltr'>habui:</span> <span class='ocrx_word' id='word_1_163' title='bbox 1163 1632 1454 1673; x_wconf 85' lang='lat' dir='ltr'>tantumdem</span> <span class='ocrx_word' id='word_1_164' title='bbox 1483 1633 1696 1684; x_wconf 88' lang='lat' dir='ltr'>praestiti</span> <span class='ocrx_word' id='word_1_165' title='bbox 1717 1633 1843 1684; x_wconf 85' lang='lat' dir='ltr'>vige-</span> 
     </span>
     <span class='ocr_line' id='line_1_22' title="bbox 207 1700 1840 1758; baseline 0.004 -19"><span class='ocrx_word' id='word_1_166' title='bbox 207 1700 324 1740; x_wconf 90' lang='lat' dir='ltr'>simo</span> <span class='ocrx_word' id='word_1_167' title='bbox 346 1701 482 1740; x_wconf 90' lang='lat' dir='ltr'>tertio</span> <span class='ocrx_word' id='word_1_168' title='bbox 503 1702 643 1753; x_wconf 89' lang='lat' dir='ltr'>Junii,</span> <span class='ocrx_word' id='word_1_169' title='bbox 668 1703 747 1753; x_wconf 90' lang='lat' dir='ltr'>qui</span> <span class='ocrx_word' id='word_1_170' title='bbox 764 1702 1025 1742; x_wconf 89' lang='lat' dir='ltr'>dominicus</span> <span class='ocrx_word' id='word_1_171' title='bbox 1043 1711 1157 1743; x_wconf 85' lang='lat' dir='ltr'>erat.</span> <span class='ocrx_word' id='word_1_172' title='bbox 1176 1703 1324 1743; x_wconf 87' lang='lat' dir='ltr'>Feriis</span> <span class='ocrx_word' id='word_1_173' title='bbox 1341 1703 1611 1744; x_wconf 83' lang='lat' dir='ltr'>Natiuitatis</span> <span class='ocrx_word' id='word_1_174' title='bbox 1628 1704 1685 1745; x_wconf 89' lang='lat' dir='ltr'>D.</span> <span class='ocrx_word' id='word_1_175' title='bbox 1704 1705 1840 1758; x_wconf 88' lang='lat' dir='ltr'>Joan-</span> 
     </span>
     <span class='ocr_line' id='line_1_23' title="bbox 207 1771 1840 1825; baseline 0.003 -14"><span class='ocrx_word' id='word_1_176' title='bbox 207 1771 278 1811; x_wconf 90' lang='lat' dir='ltr'>nis</span> <span class='ocrx_word' id='word_1_177' title='bbox 298 1771 537 1823; x_wconf 86' lang='lat' dir='ltr'>Baptistae</span> <span class='ocrx_word' id='word_1_178' title='bbox 559 1784 695 1813; x_wconf 89' lang='lat' dir='ltr'>mane</span> <span class='ocrx_word' id='word_1_179' title='bbox 718 1774 763 1813; x_wconf 91' lang='lat' dir='ltr'>in</span> <span class='ocrx_word' id='word_1_180' title='bbox 786 1784 967 1813; x_wconf 89' lang='lat' dir='ltr'>summo</span> <span class='ocrx_word' id='word_1_181' title='bbox 991 1775 1178 1825; x_wconf 84' lang='lat' dir='ltr'>templo,</span> <span class='ocrx_word' id='word_1_182' title='bbox 1203 1774 1329 1814; x_wconf 90' lang='lat' dir='ltr'>feriis</span> <span class='ocrx_word' id='word_1_183' title='bbox 1350 1774 1632 1815; x_wconf 85' lang='lat' dir='ltr'>Sanctorum</span> <span class='ocrx_word' id='word_1_184' title='bbox 1648 1775 1775 1816; x_wconf 88' lang='lat' dir='ltr'>Petri</span> <span class='ocrx_word' id='word_1_185' title='bbox 1797 1782 1840 1816; x_wconf 91' lang='lat' dir='ltr'>et</span> 
     </span>
     <span class='ocr_line' id='line_1_24' title="bbox 206 1842 1843 1899; baseline 0.002 -17"><span class='ocrx_word' id='word_1_186' title='bbox 206 1842 336 1882; x_wconf 88' lang='lat' dir='ltr'>Pauli</span> <span class='ocrx_word' id='word_1_187' title='bbox 357 1844 404 1883; x_wconf 91' lang='lat' dir='ltr'>in</span> <span class='ocrx_word' id='word_1_188' title='bbox 426 1844 539 1883; x_wconf 88' lang='lat' dir='ltr'>aede</span> <span class='ocrx_word' id='word_1_189' title='bbox 561 1844 618 1883; x_wconf 91' lang='lat' dir='ltr'>D.</span> <span class='ocrx_word' id='word_1_190' title='bbox 642 1844 761 1895; x_wconf 88' lang='lat' dir='ltr'>Lupi</span> <span class='ocrx_word' id='word_1_191' title='bbox 785 1846 1091 1885; x_wconf 87' lang='lat' dir='ltr'>concionatus</span> <span class='ocrx_word' id='word_1_192' title='bbox 1119 1857 1235 1885; x_wconf 88' lang='lat' dir='ltr'>sum.</span> <span class='ocrx_word' id='word_1_193' title='bbox 1269 1845 1533 1896; x_wconf 83' lang='lat' dir='ltr'>Trigesimo</span> <span class='ocrx_word' id='word_1_194' title='bbox 1554 1846 1703 1899; x_wconf 87' lang='lat' dir='ltr'>Junii,</span> <span class='ocrx_word' id='word_1_195' title='bbox 1728 1847 1843 1886; x_wconf 92' lang='lat' dir='ltr'>sole-</span> 
     </span>
     <span class='ocr_line' id='line_1_25' title="bbox 208 1906 1844 1968; baseline 0.002 -15"><span class='ocrx_word' id='word_1_196' title='bbox 208 1914 301 1953; x_wconf 89' lang='lat' dir='ltr'>mni</span> <span class='ocrx_word' id='word_1_197' title='bbox 333 1915 672 1966; x_wconf 87' lang='lat' dir='ltr'>supplicatione</span> <span class='ocrx_word' id='word_1_198' title='bbox 695 1916 931 1956; x_wconf 89' lang='lat' dir='ltr'>celebrata</span> <span class='ocrx_word' id='word_1_199' title='bbox 963 1915 1087 1966; x_wconf 88' lang='lat' dir='ltr'>(dies</span> <span class='ocrx_word' id='word_1_200' title='bbox 1115 1923 1216 1956; x_wconf 87' lang='lat' dir='ltr'>erat</span> <span class='ocrx_word' id='word_1_201' title='bbox 1244 1906 1549 1968; x_wconf 86' lang='lat' dir='ltr'>dominicus),</span> <span class='ocrx_word' id='word_1_202' title='bbox 1575 1923 1681 1957; x_wconf 90' lang='lat' dir='ltr'>ante</span> <span class='ocrx_word' id='word_1_203' title='bbox 1712 1918 1844 1958; x_wconf 88' lang='lat' dir='ltr'>meri-</span> 
     </span>
     <span class='ocr_line' id='line_1_26' title="bbox 208 1985 1843 2040; baseline 0.002 -15"><span class='ocrx_word' id='word_1_204' title='bbox 208 1985 330 2025; x_wconf 90' lang='lat' dir='ltr'>diem</span> <span class='ocrx_word' id='word_1_205' title='bbox 350 1986 397 2025; x_wconf 92' lang='lat' dir='ltr'>in</span> <span class='ocrx_word' id='word_1_206' title='bbox 418 1987 591 2037; x_wconf 89' lang='lat' dir='ltr'>templo</span> <span class='ocrx_word' id='word_1_207' title='bbox 613 1985 671 2026; x_wconf 90' lang='lat' dir='ltr'>D.</span> <span class='ocrx_word' id='word_1_208' title='bbox 694 1986 827 2038; x_wconf 89' lang='lat' dir='ltr'>Lupi;</span> <span class='ocrx_word' id='word_1_209' title='bbox 852 1993 955 2038; x_wconf 91' lang='lat' dir='ltr'>post</span> <span class='ocrx_word' id='word_1_210' title='bbox 983 1988 1303 2039; x_wconf 84' lang='lat' dir='ltr'>vespertinum</span> <span class='ocrx_word' id='word_1_211' title='bbox 1333 1988 1534 2028; x_wconf 89' lang='lat' dir='ltr'>officium</span> <span class='ocrx_word' id='word_1_212' title='bbox 1563 1988 1686 2040; x_wconf 89' lang='lat' dir='ltr'>apud</span> <span class='ocrx_word' id='word_1_213' title='bbox 1717 1987 1843 2028; x_wconf 91' lang='lat' dir='ltr'>Mon-</span> 
     </span>
     <span class='ocr_line' id='line_1_27' title="bbox 207 2056 1841 2111; baseline 0.002 -15"><span class='ocrx_word' id='word_1_214' title='bbox 207 2063 301 2096; x_wconf 88' lang='lat' dir='ltr'>tem</span> <span class='ocrx_word' id='word_1_215' title='bbox 328 2056 561 2097; x_wconf 88' lang='lat' dir='ltr'>Morinum</span> <span class='ocrx_word' id='word_1_216' title='bbox 589 2061 603 2080; x_wconf 73' lang='lat'><strong>²</strong></span> <span class='ocrx_word' id='word_1_217' title='bbox 632 2058 849 2098; x_wconf 90' lang='lat' dir='ltr'>milliario</span> <span class='ocrx_word' id='word_1_218' title='bbox 880 2070 906 2098; x_wconf 89' lang='lat' dir='ltr'>a</span> <span class='ocrx_word' id='word_1_219' title='bbox 936 2058 1069 2099; x_wconf 90' lang='lat' dir='ltr'>nobis</span> <span class='ocrx_word' id='word_1_220' title='bbox 1098 2059 1326 2109; x_wconf 89' lang='lat' dir='ltr'>dissitum,</span> <span class='ocrx_word' id='word_1_221' title='bbox 1350 2071 1377 2098; x_wconf 86' lang='lat' dir='ltr'>a</span> <span class='ocrx_word' id='word_1_222' title='bbox 1405 2059 1607 2100; x_wconf 89' lang='lat' dir='ltr'>Domina</span> <span class='ocrx_word' id='word_1_223' title='bbox 1638 2060 1728 2100; x_wconf 90' lang='lat' dir='ltr'>loci</span> <span class='ocrx_word' id='word_1_224' title='bbox 1758 2071 1841 2111; x_wconf 86' lang='lat' dir='ltr'>per</span> 
     </span>
     <span class='ocr_line' id='line_1_28' title="bbox 206 2127 1841 2180; baseline 0.002 -13"><span class='ocrx_word' id='word_1_225' title='bbox 206 2127 366 2168; x_wconf 85' lang='lat' dir='ltr'>literas</span> <span class='ocrx_word' id='word_1_226' title='bbox 387 2128 624 2180; x_wconf 53' lang='lat' dir='ltr'>inuitatus</span> <span class='ocrx_word' id='word_1_227' title='bbox 650 2129 924 2170; x_wconf 90' lang='lat' dir='ltr'>concionem</span> <span class='ocrx_word' id='word_1_228' title='bbox 947 2129 1104 2170; x_wconf 87' lang='lat' dir='ltr'>habui.</span> <span class='ocrx_word' id='word_1_229' title='bbox 1127 2129 1275 2170; x_wconf 88' lang='lat' dir='ltr'>Feriis</span> <span class='ocrx_word' id='word_1_230' title='bbox 1297 2130 1593 2170; x_wconf 88' lang='lat' dir='ltr'>Visitationis</span> <span class='ocrx_word' id='word_1_231' title='bbox 1615 2130 1841 2171; x_wconf 84' lang='lat' dir='ltr'>Sacratis-</span> 
     </span>
     <span class='ocr_line' id='line_1_29' title="bbox 207 2199 1844 2253; baseline 0.002 -15"><span class='ocrx_word' id='word_1_232' title='bbox 207 2199 353 2239; x_wconf 87' lang='lat' dir='ltr'>simae</span> <span class='ocrx_word' id='word_1_233' title='bbox 376 2199 589 2250; x_wconf 85' lang='lat' dir='ltr'>Virginis</span> <span class='ocrx_word' id='word_1_234' title='bbox 609 2200 656 2239; x_wconf 89' lang='lat' dir='ltr'>in</span> <span class='ocrx_word' id='word_1_235' title='bbox 679 2211 861 2240; x_wconf 89' lang='lat' dir='ltr'>summo</span> <span class='ocrx_word' id='word_1_236' title='bbox 882 2202 1056 2252; x_wconf 87' lang='lat' dir='ltr'>templo</span> <span class='ocrx_word' id='word_1_237' title='bbox 1078 2212 1189 2241; x_wconf 85' lang='lat' dir='ltr'>mox</span> <span class='ocrx_word' id='word_1_238' title='bbox 1212 2213 1237 2240; x_wconf 91' lang='lat' dir='ltr'>a</span> <span class='ocrx_word' id='word_1_239' title='bbox 1258 2202 1455 2252; x_wconf 87' lang='lat' dir='ltr'>prandio</span> <span class='ocrx_word' id='word_1_240' title='bbox 1478 2201 1687 2252; x_wconf 77' lang='lat' dir='ltr'>Bilimni,</span> <span class='ocrx_word' id='word_1_241' title='bbox 1720 2208 1844 2253; x_wconf 89' lang='lat' dir='ltr'>post-</span> 
     </span>
     <span class='ocr_line' id='line_1_30' title="bbox 208 2271 1843 2323; baseline 0.002 -15"><span class='ocrx_word' id='word_1_242' title='bbox 208 2279 296 2319; x_wconf 88' lang='lat' dir='ltr'>que</span> <span class='ocrx_word' id='word_1_243' title='bbox 324 2271 659 2321; x_wconf 80' lang='lat' dir='ltr'>vespertinum,</span> <span class='ocrx_word' id='word_1_244' title='bbox 699 2271 821 2322; x_wconf 90' lang='lat' dir='ltr'>apud</span> <span class='ocrx_word' id='word_1_245' title='bbox 856 2271 1063 2311; x_wconf 88' lang='lat' dir='ltr'>Montem</span> <span class='ocrx_word' id='word_1_246' title='bbox 1098 2272 1346 2322; x_wconf 89' lang='lat' dir='ltr'>Morinum,</span> <span class='ocrx_word' id='word_1_247' title='bbox 1378 2272 1592 2322; x_wconf 90' lang='lat' dir='ltr'>officium,</span> <span class='ocrx_word' id='word_1_248' title='bbox 1631 2272 1843 2323; x_wconf 84' lang='lat' dir='ltr'>Euange-</span> 
     </span>
     <span class='ocr_line' id='line_1_31' title="bbox 209 2339 575 2381; baseline 0.008 -3"><span class='ocrx_word' id='word_1_249' title='bbox 209 2339 321 2379; x_wconf 91' lang='lat' dir='ltr'>lium</span> <span class='ocrx_word' id='word_1_250' title='bbox 341 2342 575 2381; x_wconf 90' lang='lat' dir='ltr'>enarraui.</span> 
     </span>
    </p>

    <p class='ocr_par' dir='ltr' id='par_1_3' title="bbox 208 2409 1845 2749">
     <span class='ocr_line' id='line_1_32' title="bbox 288 2409 1844 2467; baseline 0.003 -16"><span class='ocrx_word' id='word_1_251' title='bbox 288 2409 430 2451; x_wconf 86' lang='lat' dir='ltr'>Sexto</span> <span class='ocrx_word' id='word_1_252' title='bbox 461 2412 569 2465; x_wconf 87' lang='lat' dir='ltr'>Julii</span> <span class='ocrx_word' id='word_1_253' title='bbox 599 2412 856 2464; x_wconf 87' lang='lat' dir='ltr'>Ryomum,</span> <span class='ocrx_word' id='word_1_254' title='bbox 894 2413 1057 2453; x_wconf 90' lang='lat' dir='ltr'>urbem</span> <span class='ocrx_word' id='word_1_255' title='bbox 1092 2413 1329 2464; x_wconf 81' lang='lat' dir='ltr'>ingratam</span> <span class='ocrx_word' id='word_1_256' title='bbox 1360 2413 1372 2431; x_wconf 79' lang='lat'><em>⁵</em></span> <span class='ocrx_word' id='word_1_257' title='bbox 1405 2415 1658 2465; x_wconf 84' lang='lat' dir='ltr'>celebrem,</span> <span class='ocrx_word' id='word_1_258' title='bbox 1696 2415 1844 2467; x_wconf 88' lang='lat' dir='ltr'>profe-</span> 
     </span>
     <span class='ocr_line' id='line_1_33' title="bbox 208 2482 1844 2535; baseline 0.003 -14"><span class='ocrx_word' id='word_1_259' title='bbox 208 2487 332 2521; x_wconf 88' lang='lat' dir='ltr'>ctus:</span> <span class='ocrx_word' id='word_1_260' title='bbox 365 2482 608 2533; x_wconf 91' lang='lat' dir='ltr'>postridie,</span> <span class='ocrx_word' id='word_1_261' title='bbox 642 2489 693 2523; x_wconf 87' lang='lat' dir='ltr'>vt</span> <span class='ocrx_word' id='word_1_262' title='bbox 715 2485 908 2524; x_wconf 89' lang='lat' dir='ltr'>multum</span> <span class='ocrx_word' id='word_1_263' title='bbox 932 2490 1207 2535; x_wconf 85' lang='lat' dir='ltr'>expectatus</span> <span class='ocrx_word' id='word_1_264' title='bbox 1238 2490 1398 2535; x_wconf 85' lang='lat' dir='ltr'>antea,</span> <span class='ocrx_word' id='word_1_265' title='bbox 1432 2486 1495 2525; x_wconf 85' lang='lat' dir='ltr'>ita</span> <span class='ocrx_word' id='word_1_266' title='bbox 1519 2486 1726 2526; x_wconf 90' lang='lat' dir='ltr'>omnium</span> <span class='ocrx_word' id='word_1_267' title='bbox 1755 2486 1844 2526; x_wconf 89' lang='lat' dir='ltr'>ins-</span> 
     </span>
     <span class='ocr_line' id='line_1_34' title="bbox 210 2553 1844 2606; baseline 0.003 -15"><span class='ocrx_word' id='word_1_268' title='bbox 210 2553 483 2593; x_wconf 84' lang='lat' dir='ltr'>tantissimis</span> <span class='ocrx_word' id='word_1_269' title='bbox 504 2554 720 2605; x_wconf 90' lang='lat' dir='ltr'>precibus</span> <span class='ocrx_word' id='word_1_270' title='bbox 742 2555 910 2606; x_wconf 89' lang='lat' dir='ltr'>victus,</span> <span class='ocrx_word' id='word_1_271' title='bbox 933 2555 1171 2606; x_wconf 76' lang='lat' dir='ltr'>geminam</span> <span class='ocrx_word' id='word_1_272' title='bbox 1194 2555 1239 2595; x_wconf 91' lang='lat' dir='ltr'>in</span> <span class='ocrx_word' id='word_1_273' title='bbox 1261 2567 1315 2595; x_wconf 90' lang='lat' dir='ltr'>ea</span> <span class='ocrx_word' id='word_1_274' title='bbox 1337 2556 1452 2596; x_wconf 89' lang='lat' dir='ltr'>vrbe</span> <span class='ocrx_word' id='word_1_275' title='bbox 1469 2557 1742 2597; x_wconf 89' lang='lat' dir='ltr'>concionem</span> <span class='ocrx_word' id='word_1_276' title='bbox 1766 2557 1844 2596; x_wconf 89' lang='lat' dir='ltr'>ha-</span> 
     </span>
     <span class='ocr_line' id='line_1_35' title="bbox 209 2621 1844 2679; baseline 0.004 -18"><span class='ocrx_word' id='word_1_277' title='bbox 209 2621 301 2672; x_wconf 90' lang='lat' dir='ltr'>bui,</span> <span class='ocrx_word' id='word_1_278' title='bbox 333 2623 514 2665; x_wconf 88' lang='lat' dir='ltr'>ciuibus</span> <span class='ocrx_word' id='word_1_279' title='bbox 542 2625 658 2665; x_wconf 88' lang='lat' dir='ltr'>adeo</span> <span class='ocrx_word' id='word_1_280' title='bbox 689 2633 926 2677; x_wconf 85' lang='lat' dir='ltr'>acceptus,</span> <span class='ocrx_word' id='word_1_281' title='bbox 960 2632 1024 2674; x_wconf 88' lang='lat' dir='ltr'>vt,</span> <span class='ocrx_word' id='word_1_282' title='bbox 1057 2626 1203 2666; x_wconf 87' lang='lat' dir='ltr'>literis</span> <span class='ocrx_word' id='word_1_283' title='bbox 1226 2625 1459 2678; x_wconf 92' lang='lat' dir='ltr'>Episcopo</span> <span class='ocrx_word' id='word_1_284' title='bbox 1481 2627 1650 2675; x_wconf 89' lang='lat' dir='ltr'>missis,</span> <span class='ocrx_word' id='word_1_285' title='bbox 1674 2627 1722 2667; x_wconf 92' lang='lat' dir='ltr'>in</span> <span class='ocrx_word' id='word_1_286' title='bbox 1741 2638 1844 2679; x_wconf 92' lang='lat' dir='ltr'>pro-</span> 
     </span>
     <span class='ocr_line' id='line_1_36' title="bbox 211 2693 1845 2749; baseline 0.004 -17"><span class='ocrx_word' id='word_1_287' title='bbox 211 2693 387 2734; x_wconf 84' lang='lat' dir='ltr'>ximum</span> <span class='ocrx_word' id='word_1_288' title='bbox 408 2695 529 2735; x_wconf 88' lang='lat' dir='ltr'>diem</span> <span class='ocrx_word' id='word_1_289' title='bbox 550 2695 849 2745; x_wconf 88' lang='lat' dir='ltr'>dominicum,</span> <span class='ocrx_word' id='word_1_290' title='bbox 880 2708 971 2748; x_wconf 94' lang='lat' dir='ltr'>quo</span> <span class='ocrx_word' id='word_1_291' title='bbox 998 2697 1217 2737; x_wconf 86' lang='lat' dir='ltr'>solemnis</span> <span class='ocrx_word' id='word_1_292' title='bbox 1246 2708 1503 2748; x_wconf 87' lang='lat' dir='ltr'>pauperum</span> <span class='ocrx_word' id='word_1_293' title='bbox 1535 2698 1720 2749; x_wconf 83' lang='lat' dir='ltr'>agenda</span> <span class='ocrx_word' id='word_1_294' title='bbox 1744 2703 1845 2738; x_wconf 86' lang='lat' dir='ltr'>crat</span> 
     </span>
    </p>
   </div>
   <div class='ocr_carea' id='block_1_3' title="bbox 623 2758 635 2774">
    <p class='ocr_par' dir='ltr' id='par_1_4' title="bbox 623 2758 635 2774">
     <span class='ocr_line' id='line_1_37' title="bbox 623 2758 635 2774; baseline 0 0"><span class='ocrx_word' id='word_1_295' title='bbox 623 2758 635 2774; x_wconf 57' lang='lat' dir='ltr'>Q</span> 
     </span>
    </p>
   </div>
   <div class='ocr_carea' id='block_1_4' title="bbox 264 2853 793 2930">
    <p class='ocr_par' dir='ltr' id='par_1_5' title="bbox 264 2853 793 2930">
     <span class='ocr_line' id='line_1_38' title="bbox 265 2853 793 2889; baseline 0.006 -9"><span class='ocrx_word' id='word_1_296' title='bbox 265 2853 274 2872; x_wconf 80' lang='lat'>¹</span> <span class='ocrx_word' id='word_1_297' title='bbox 317 2853 350 2880; x_wconf 88' lang='lat' dir='ltr'>In</span> <span class='ocrx_word' id='word_1_298' title='bbox 367 2855 453 2882; x_wconf 88' lang='lat' dir='ltr'>festo</span> <span class='ocrx_word' id='word_1_299' title='bbox 470 2855 631 2889; x_wconf 88' lang='lat' dir='ltr'>Corporis</span> <span class='ocrx_word' id='word_1_300' title='bbox 648 2855 793 2883; x_wconf 78' lang='lat' dir='ltr'>Christi.</span> 
     </span>
     <span class='ocr_line' id='line_1_39' title="bbox 264 2900 530 2930; baseline 0.008 -2"><span class='ocrx_word' id='word_1_301' title='bbox 264 2900 278 2918; x_wconf 68' lang='lat'><strong>2</strong></span> <span class='ocrx_word' id='word_1_302' title='bbox 318 2900 530 2930; x_wconf 83' lang='lat' dir='ltr'>Montmorin.</span> 
     </span>
    </p>
   </div>
   <div class='ocr_carea' id='block_1_5' title="bbox 213 2947 1845 3032">
    <p class='ocr_par' dir='ltr' id='par_1_6' title="bbox 213 2947 1845 3032">
     <span class='ocr_line' id='line_1_40' title="bbox 263 2947 1845 2986; baseline 0.004 -11"><span class='ocrx_word' id='word_1_303' title='bbox 263 2947 277 2964; x_wconf 70' lang='lat'>³</span> <span class='ocrx_word' id='word_1_304' title='bbox 316 2947 381 2982; x_wconf 84' lang='lat' dir='ltr'>Sic;</span> <span class='ocrx_word' id='word_1_305' title='bbox 397 2956 456 2975; x_wconf 88' lang='lat' dir='ltr'>cur</span> <span class='ocrx_word' id='word_1_306' title='bbox 468 2953 581 2976; x_wconf 84' lang='lat' dir='ltr'>autem</span> <span class='ocrx_word' id='word_1_307' title='bbox 599 2949 782 2982; x_wconf 75' lang='lat' dir='ltr'>ingratam</span> <span class='ocrx_word' id='word_1_308' title='bbox 798 2951 916 2978; x_wconf 86' lang='lat' dir='ltr'>urbem</span> <span class='ocrx_word' id='word_1_309' title='bbox 932 2950 1030 2978; x_wconf 88' lang='lat' dir='ltr'>Riom</span> <span class='ocrx_word' id='word_1_310' title='bbox 1044 2952 1194 2986; x_wconf 82' lang='lat' dir='ltr'>appellet</span> <span class='ocrx_word' id='word_1_311' title='bbox 1216 2951 1447 2986; x_wconf 77' lang='lat' dir='ltr'>Clayssonius,</span> <span class='ocrx_word' id='word_1_312' title='bbox 1474 2952 1687 2986; x_wconf 82' lang='lat' dir='ltr'>singularum</span> <span class='ocrx_word' id='word_1_313' title='bbox 1708 2953 1845 2981; x_wconf 83' lang='lat' dir='ltr'>urbium</span> 
     </span>
     <span class='ocr_line' id='line_1_41' title="bbox 213 2993 1099 3032; baseline 0.005 -11"><span class='ocrx_word' id='word_1_314' title='bbox 213 2993 347 3022; x_wconf 80' lang='lat' dir='ltr'>Galliae</span> <span class='ocrx_word' id='word_1_315' title='bbox 364 2995 546 3023; x_wconf 82' lang='lat' dir='ltr'>historiam</span> <span class='ocrx_word' id='word_1_316' title='bbox 562 2997 852 3031; x_wconf 75' lang='lat' dir='ltr'>investigantibus</span> <span class='ocrx_word' id='word_1_317' title='bbox 865 2997 1099 3032; x_wconf 84' lang='lat' dir='ltr'>relinquimus.</span> 
     </span>
    </p>
   </div>
  </div>
 </body>
</html>
