2028 3328
905 78 975 112 ΑΝ
983 103 993 118 .,
1022 76 1112 111 1555
1752 75 1824 111 2:37

179 174 360 214 Indiam
377 181 445 215 est
463 174 626 224 iturus)
644 173 892 225 plurimum
912 172 1012 212 Deo
1030 172 1250 211 seruitur.
1268 171 1474 211 Relictus
1493 177 1560 210 est
1579 171 1639 210 ibi
1652 171 1821 211 Frater

180 245 389 295 Ignatius
410 245 627 297 Vogado,
657 244 716 284 ad
747 255 884 295 quem
911 244 1046 283 multi
1075 242 1183 282 hinc
1206 242 1394 281 mittunt
1416 242 1739 292 eleemosynas
1762 242 1822 281 ad

180 317 477 359 redimendos
491 316 718 368 captiuos.
734 315 892 366 Nuper
906 314 1012 353 inde
1026 313 1150 353 misit
1167 312 1391 352 tredecim
1407 312 1650 362 foeminas,
1667 312 1712 351 in
1727 313 1822 363 qui-

180 390 266 429 bus
288 395 422 428 erant
444 388 640 438 puellae,
664 399 723 426 ex
744 385 911 437 quibus
935 397 1027 424 una
1058 390 1288 424 statuerat
1311 383 1409 423 fieri
1440 384 1659 422 hebraea:
1685 395 1822 434 quae-

181 461 304 509 dam,
324 459 549 509 grandior
567 464 693 508 natu,
715 458 890 508 aliquot
909 467 1058 496 annos
1077 455 1348 506 turpissimo
1368 454 1624 494 Mahometi
1644 453 1821 505 [cultui]

182 542 230 571 se
253 530 531 573 tradiderat.
557 533 932 578 notauerantque
954 527 1209 577 stigmatis,
1236 533 1284 566 vt
1313 526 1377 565 illi
1408 526 1538 576 genti
1559 537 1660 564 mos
1700 532 1769 565 est
1795 525 1818 563 ¹.

262 601 397 641 Nunc
419 607 729 651 expectantur
750 599 903 646 multi,
929 607 1180 649 propterea
1203 597 1327 649 quod
1350 596 1479 636 missi
1506 603 1613 636 sunt
1633 595 1740 635 3000
1768 593 1819 639 Π.

182 671 378 723 Scripsit
399 672 496 722 ipse
519 670 665 710 frater
685 682 734 710 se
757 669 928 709 habere
958 675 1183 720 perpetuo
1205 667 1270 717 40,
1294 668 1482 707 interim
1502 667 1554 706 45
1582 673 1825 718 aegrotos,

183 743 348 795 quibus
371 742 593 782 curandis
613 740 809 793 grandis
830 740 1030 791 pecunia
1054 739 1349 790 expenditur,
1373 750 1493 790 quae
1513 749 1572 778 ex
1593 738 1824 789 Hispania

185 826 211 854 a
232 814 322 865 piis
349 814 616 853 hominibus
647 812 860 852 mittitur.

266 884 473 935 Captiui,
498 885 576 934 qui
607 883 713 923 inde
737 883 953 931 veniunt,
977 893 1070 921 non
1099 887 1286 921 cessant
1309 881 1409 921 eius
1439 882 1705 932 exemplum
1735 880 1826 920 Vir-

185 955 297 995 tutis
319 954 564 1004 admirari,
589 955 634 994 in
657 954 873 994 omnibus
896 953 1018 993 enim
1042 964 1091 992 se
1112 952 1306 1003 praebet
1328 952 1511 992 fidelem
1540 952 1822 991 ministrum.

186 1026 337 1066 Mauri
361 1026 556 1066 credunt
585 1026 711 1064 illum
740 1036 841 1064 esse
869 1030 1107 1074 sanctum,
1133 1023 1270 1074 idque
1298 1035 1438 1074 saepe
1460 1022 1643 1073 dicunt,
1669 1023 1828 1063 viden-

189 1104 259 1137 tes
289 1097 433 1137 animi
464 1097 846 1148 aequabilitatem
876 1095 1320 1147 perpessionemque
1352 1095 1398 1134 in
1431 1094 1636 1134 ferendis
1668 1100 1826 1134 contu-

190 1169 339 1208 meliis
362 1168 505 1208 illatis
526 1179 551 1206 a
574 1167 744 1219 pueris.
771 1165 972 1217 Quidam
992 1165 1128 1205 fidem
1156 1172 1432 1216 negauerat,
1456 1173 1634 1217 postea,
1659 1165 1833 1205 ductus.

187 1239 497 1291 poenitentia,
523 1238 710 1290 scripsit
733 1238 791 1277 ad
814 1237 862 1277 P.
884 1237 1114 1290 Joannem
1145 1237 1402 1277 secundum
1422 1236 1575 1277 Deum
1607 1249 1701 1276 non
1722 1248 1824 1276 esse

189 1311 355 1360 alium,
381 1322 462 1361 per
486 1321 622 1361 quem
653 1315 811 1360 posset
842 1308 1026 1359 redimi,
1051 1308 1311 1358 deprecans
1333 1315 1383 1347 vt
1415 1307 1461 1348 id
1481 1308 1621 1348 vellet
1652 1308 1825 1348 facere:

189 1387 460 1433 susceptum
495 1387 564 1420 est
595 1380 857 1431 negotium:
887 1379 1159 1431 propediem
1193 1379 1359 1419 aderit.
1384 1378 1607 1429 Quidam,
1639 1379 1829 1419 nomine

184 1452 545 1493 Misericordiae
583 1451 596 1469 '²
637 1451 773 1491 huius
811 1451 964 1502 vrbis,
1010 1450 1277 1502 petiuerunt
1329 1450 1557 1502 proximis
1597 1450 1760 1490 diebus
1800 1461 1826 1489 a

185 1524 236 1564 P.
255 1524 436 1577 Joanne
456 1523 623 1573 Nonio,
644 1529 694 1562 vt
711 1523 851 1563 vellet
872 1534 952 1562 eos
983 1522 1210 1574 captiuos,
1232 1522 1311 1573 qui
1338 1522 1384 1562 in
1401 1521 1539 1562 Salae
1563 1522 1796 1562 coloniam
1815 1520 1830 1539 ³

187 1595 378 1636 deducti
413 1600 543 1645 sunt,
578 1594 828 1644 redimere,
862 1593 1242 1645 quandoquidem
1278 1593 1335 1633 ob
1371 1605 1476 1634 eam
1510 1605 1610 1634 rem
1645 1594 1735 1633 huc
1771 1605 1832 1633 ex

186 1667 352 1707 Africa
374 1666 603 1715 venisset,
627 1665 794 1716 quibus
815 1675 921 1704 cum
942 1664 1263 1716 respondisset
1285 1676 1334 1705 se
1356 1665 1472 1704 nihil
1493 1676 1631 1716 posse
1652 1664 1829 1715 facere,

188 1739 278 1778 nisi
313 1737 436 1789 quc-d
468 1736 736 1788 superiores
771 1735 1077 1786 iudicassent,
1103 1736 1329 1787 alloquuti
1360 1742 1468 1776 sunt
1501 1736 1683 1787 Regem
1704 1741 1755 1775 vt
1784 1735 1831 1775 id

188 1821 295 1850 cum
315 1809 365 1849 P.
390 1808 569 1848 Mirone
599 1813 786 1858 ageret,
810 1807 934 1858 quod
956 1807 1142 1858 quidem
1163 1807 1293 1857 fecit3
1318 1819 1482 1847 verum
1503 1819 1597 1847 non
1624 1807 1740 1847 satis
1761 1813 1830 1846 est

188 1880 412 1932 temporis
433 1886 484 1919 vt
511 1878 658 1930 possit
680 1890 734 1918 eo
756 1889 1031 1929 excurrere,
1056 1884 1100 1918 et
1122 1879 1261 1918 simul
1283 1879 1342 1919 ad
1369 1878 1549 1919 Indiam
1578 1878 1830 1930 proficisci:

188 1951 377 1992 tandem
398 1949 638 2001 respondit
659 1949 748 1989 illis
770 1947 871 1989 Rex
892 1949 1018 1989 nullo
1041 1949 1180 1989 modo
1202 1948 1301 1989 fieri
1322 1961 1475 2001 posse.

268 2023 341 2063 Ab
362 2021 493 2063 India
521 2033 614 2060 non
645 2026 752 2059 sunt
774 2021 944 2060 allatae
966 2020 1215 2071 epistolae,
1240 2021 1349 2072 quia
1372 2021 1579 2061 nondum
1599 2026 1837 2061 venerunt,

188 2105 355 2143 naues,
390 2093 436 2133 in
471 2092 637 2143 quibus
671 2091 923 2131 vehuntur.
946 2091 1141 2142 Appulit
1171 2092 1429 2143 quaedam,
1453 2092 1576 2131 vnde
1612 2091 1833 2143 cognoui-

188 2176 292 2204 mus
327 2163 587 2204 discessum
619 2161 802 2201 felicem
836 2161 1028 2202 Patrum
1070 2160 1099 2212 4,
1141 2173 1225 2213 pro
1261 2162 1429 2213 quibus
1469 2162 1741 2203 sacerdotes
1777 2162 1834 2202 de

189 2246 318 2276 more
353 2233 638 2275 sacrificium
673 2232 907 2284 fecerunt,
948 2245 1235 2285 quamquam
1270 2234 1457 2274 illorum
1492 2245 1717 2274 excessus
1751 2245 1836 2274 va-

192 2307 259 2347 rie
285 2312 473 2346 nostros
508 2305 690 2345 animos
722 2304 952 2354 affecerit,
983 2310 1177 2355 propter
1207 2304 1531 2355 operariorum
1560 2305 1831 2357 penuriam,

193 2377 397 2417 maxime
418 2377 465 2416 in
496 2376 584 2416 illis
611 2376 747 2416 locis:
771 2381 930 2415 tamen
958 2386 1133 2424 omnes,
1160 2374 1369 2415 diuinam
1390 2377 1682 2416 voluntatem
1711 2388 1839 2416 com-

249 2562 259 2582 ¹
300 2561 398 2589 Hanc
421 2561 605 2595 indigitare
628 2560 765 2587 videtur
789 2559 975 2592 Pomxcus,
996 2559 1074 2585 dum
1098 2558 1404 2593 scribittpztellam
1420 2562 1730 2595 quamdam,quae
1748 2562 1829 2597 jam

192 2609 342 2643 serroz'n
359 2609 469 2637 barba
492 2609 613 2635 notata
627 2608 757 2644 fuerat
779 2614 875 2634 more
899 2607 1093 2633 mulierum
1116 2612 1385 2634 saracenorum.
1403 2607 1539 2643 Clzron.,
1553 2612 1577 2637 t.
1603 2616 1649 2643 1v,
1665 2617 1749 2644 pag.
1773 2610 1843 2642 571‚.

194 2666 226 2686 n.
245 2657 314 2685 1525

247 2705 261 2724 ⁴2
301 2705 451 2739 Scilicet,
468 2703 778 2736 confraternitatis,
794 2702 836 2729 de
852 2700 1103 2728 Misericordia
1117 2699 1243 2727 dictae.

249 2754 263 2773 ⁵
301 2753 399 2785 Sala,
412 2753 468 2779 vel
485 2751 578 2783 Sale,
592 2751 673 2778 urbs
694 2754 745 2777 est
761 2754 795 2777 et
818 2753 938 2784 portus
955 2748 997 2776 ad
1019 2746 1189 2774 Atlantici
1213 2754 1310 2775 oram
1330 2748 1363 2776 in
1386 2750 1528 2785 imperio
1543 2751 1739 2787 Marocano,
1757 2753 1837 2780 olim

196 2800 448 2829 mercatoribus
463 2803 498 2827 et
511 2798 635 2834 piratis
646 2798 816 2832 frequens,
829 2804 916 2824 nune
930 2797 1001 2824 sere
1013 2795 1181 2822 desertus.
1193 2793 1244 2821 De
1255 2795 1320 2824 hac
1334 2799 1549 2833 captivorum
1561 2800 1706 2835 colonia,
1720 2799 1840 2828 Salam

197 2849 355 2879 deducta,
374 2846 451 2874 vide
466 2854 582 2881 supra,
601 2850 624 2873 t.
640 2853 674 2879 11,
687 2853 766 2880 pag.
781 2845 844 2873 677.

251 2897 265 2917 4
302 2895 390 2922 Vide
407 2894 557 2923 PoLAxffl
575 2893 778 2926 Clzrom'con,
805 2897 828 2920 t.
846 2893 1065 2928 Ix·,p:1g.553,
1082 2900 1115 2920 n.
1135 2887 1215 2916 1203.
