2028 3328
843 92 926 129 AN.
958 92 1051 129 1555
1704 94 1776 130 243

141 200 228 234 tes.
253 192 384 233 Felix
404 192 607 242 vexatio,
632 202 751 242 quae
772 189 838 229 eis
860 189 1040 228 confert
1062 188 1347 228 intellectum
1369 201 1424 229 ac
1441 190 1605 229 salutis
1627 202 1773 230 reme-

144 265 232 304 dia.
258 263 398 304 Nouit
420 270 544 303 certe
562 262 719 302 diuina
735 260 980 300 clementia
998 272 1088 311 qua
1107 266 1207 299 arte
1225 260 1422 300 curandi
1439 260 1531 299 sint
1549 260 1643 311 qui,
1663 260 1773 300 dum

144 347 227 375 sua
250 335 463 375 libertate
484 334 714 383 fruuntur,
739 331 982 371 authorem
1003 330 1130 370 vitae
1152 342 1411 382 agnoscere
1435 337 1670 371 recusant.

223 406 321 446 Hos
343 412 499 446 autem
522 404 900 445 animaduertens
920 402 1107 453 pietatis
1138 402 1317 442 fructus
1348 401 1480 441 RJDUS
1501 401 1774 442 Claramon-

145 479 290 518 tensis
325 477 587 528 Episcopus
619 476 646 527 ¹,
684 474 1049 515 extruendorum
1081 474 1386 524 collegiorum
1415 485 1575 513 moras
1604 473 1779 514 diutius

145 550 420 601 protrahere
448 560 496 588 se
524 559 617 588 non
645 558 783 598 posse
809 546 1000 595 fatetur;
1039 545 1120 585 sed
1153 545 1339 585 ineunte
1369 557 1481 585 vere
1511 545 1776 585 Billomium

146 621 311 660 saltem
333 631 381 659 se
403 629 680 659 exorsurum
703 618 884 667 asserit,
909 617 1117 668 adeoque
1139 617 1203 656 illi
1223 624 1360 668 grata
1389 622 1459 656 est
1479 622 1642 656 nostra
1666 628 1776 657 con·

145 691 365 740 uersatio‚
389 698 439 730 vt
461 702 564 730 eam
585 690 754 741 vbique
774 690 984 728 locorum
1005 687 1281 739 praedicare
1303 700 1396 728 non
1419 695 1593 737 cesset,
1619 694 1662 728 et
1694 688 1777 728 Be-

145 762 420 810 nedictinos‚
445 773 644 813 quorum
664 761 762 812 ipse
783 767 851 800 est
873 759 1060 810 Abbas,
1084 771 1213 799 more
1244 766 1404 799 nostro
1435 771 1461 799 a
1488 760 1622 800 nobis
1649 760 1776 800 insti-

147 833 345 873 tuendos
382 833 671 873 committere
698 843 859 872 omnes
887 837 1100 882 cuperet,
1130 837 1181 870 vt
1202 832 1539 871 monasterium
1561 831 1687 882 illud,
1720 832 1783 871 ab

149 905 275 945 omni
296 905 522 955 religione
550 904 766 954 alienum,
791 903 980 943 tandem
1002 903 1254 954 aliquando
1284 915 1396 943 suae
1423 903 1682 954 integritati
1710 915 1778 943 re-

147 976 433 1025 stitueretur,
457 975 580 1026 quod
600 975 725 1014 nulla
746 973 963 1015 methodo
985 986 1070 1014 nec
1088 986 1170 1025 per
1191 985 1241 1013 se
1260 986 1346 1014 nec
1364 986 1446 1026 per
1465 975 1596 1025 alios,
1617 986 1756 1026 quam
1770 998 1779 1002 -

149 1048 220 1088 uis
242 1048 289 1088 id
311 1047 500 1087 infinitis
522 1059 639 1098 pene
668 1045 818 1086 modis
847 1046 1109 1096 attentarit,
1140 1045 1321 1085 efficere
1353 1046 1506 1086 adhuc
1537 1046 1711 1097 potuit:
1741 1046 1781 1086 si

149 1131 287 1171 quem
308 1126 476 1158 nactus
497 1124 636 1168 esset,
661 1118 738 1170 qui
759 1117 817 1157 ad
838 1117 1020 1157 felicem
1036 1117 1213 1157 exitum
1230 1123 1388 1168 posset
1407 1129 1523 1169 opus
1539 1118 1663 1158 istud
1680 1129 1779 1169 per-

148 1192 334 1241 ducere,
357 1196 487 1230 tanto
510 1201 650 1229 onere
672 1200 774 1229 sese
791 1189 986 1229 libenter
1006 1196 1302 1229 exoneraret:
1335 1190 1417 1229 tali
1446 1189 1784 1230 restaurationi

149 1263 278 1303 Deus
301 1262 513 1313 aspirare
534 1261 648 1301 Velit
668 1265 696 1300 ².

229 1333 403 1385 Itaque,
428 1332 528 1372 R.de
552 1338 596 1372 et
622 1332 1046 1372 obseruandissime
1075 1332 1235 1382 Pater,
1268 1339 1318 1373 vt
1354 1333 1507 1384 magis
1542 1345 1599 1374 ac
1628 1334 1786 1385 magis

150 1406 395 1458 auspicata
417 1404 688 1453 succedant,
712 1404 852 1443 etiam
873 1403 947 1443 hic
968 1404 1013 1443 in
1035 1404 1234 1454 gloriam
1254 1404 1366 1457 Jesu
1387 1404 1575 1455 Christi,
1601 1406 1676 1445 cui
1697 1417 1786 1445 nos

149 1477 447 1529 comprobari
468 1481 564 1515 tota
586 1482 654 1515 est
675 1482 836 1515 nostra
858 1475 1114 1526 contenti0‚
1139 1482 1182 1515 et
1205 1487 1295 1528 quo
1318 1475 1454 1516 citius
1482 1483 1786 1528 amputentur

150 1560 325 1595 morae,
355 1560 473 1599 quae
503 1547 695 1587 nimiam
729 1546 997 1586 dilationem
1030 1558 1197 1598 parere
1223 1547 1455 1598 videntur,
1495 1560 1593 1588 rem
1620 1549 1787 1589 iuuare

150 1620 395 1661 sacrificiis
417 1625 461 1658 et
482 1618 698 1670 precibus
718 1617 1018 1658 Paternitatis
1046 1624 1153 1658 tuae
1177 1631 1232 1659 ac
1254 1618 1433 1659 R.d01‘um
1455 1619 1649 1660 Patrum
1676 1619 1787 1660 cha-

152 1692 538 1742 rissimorumque
572 1690 791 1729 Fratrum
813 1702 904 1729 non
925 1691 1218 1741 grauaberis,
1244 1697 1296 1731 vt
1316 1690 1506 1732 tandem
1528 1692 1653 1732 omni
1680 1692 1787 1732 sub-

151 1765 247 1804 lato
283 1762 574 1810 discrimine,
612 1761 846 1812 integrum
880 1761 938 1801 sit
972 1762 1297 1814 vndecumque
1331 1763 1378 1802 in
1411 1763 1550 1803 vinea
1592 1762 1784 1803 Domini

151 1836 352 1887 operari,
377 1845 467 1886 quo
489 1834 535 1873 in
557 1833 654 1872 dies
674 1832 853 1872 fructus
872 1833 1114 1873 vberiores
1134 1834 1470 1885 percipiantur.

233 1906 364 1947 Haec
399 1911 525 1955 sunt,
556 1903 656 1944 R.de
682 1903 844 1954 Pater,
874 1904 929 1944 de
957 1905 1124 1956 quibus
1154 1906 1420 1945 censuimus
1448 1906 1789 1946 Paternitatem

153 1985 283 2019 tuam
303 1989 406 2018 esse
427 1976 729 2025 monendam,
755 1987 873 2027 quae
894 1983 1117 2027 perpetuo
1145 1976 1191 2016 in
1213 1976 1400 2017 Christo
1428 1977 1675 2018 benedicto
1708 1989 1792 2017 va-

153 2051 261 2090 leat.

233 2120 447 2161 Lutetiae
469 2118 771 2168 Parisiorum,
795 2118 1001 2158 secundo
1025 2119 1098 2158 die
1118 2119 1331 2172 Januarii
1358 2119 1472 2159 1555.

235 2191 307 2232 De
327 2189 551 2231 mandato
573 2189 627 2229 R.
653 2188 699 2228 Ρ.
724 2188 782 2228 D.
807 2188 1032 2229 Pascasii.

694 2330 867 2372 Seruus
887 2331 1256 2382 indignissimus,

1006 2473 1240 2514 NICOLAth
1271 2474 1570 2516 BELLEFILLE
1601 2475 1633 2515 ⁵.

213 2686 223 2705 ⁴
264 2685 453 2714 Gulielmus
469 2684 512 2711 du
528 2683 624 2710 Prat.

211 2733 225 2752 ²
263 2734 325 2761 His
340 2735 531 2767 congruunt
546 2738 633 2766 quae
648 2730 786 2765 scripsit
803 2730 972 2758 Robertus
996 2730 1218 2766 Clayssonius
1234 2732 1266 2759 18
1280 2732 1360 2767 Maji
1384 2734 1462 2761 1552.
1481 2734 1570 2762 Vide
1591 2743 1708 2770 supra,
1733 2740 1756 2763 t.
1776 2742 1801 2769 ι,

158 2790 238 2818 pag.
253 2781 306 2809 652
321 2785 354 2808 et
370 2788 440 2814 seq.

213 2831 227 2850 5
266 2829 352 2857 “Nos
367 2827 553 2855 historiens
568 2834 609 2853 ne
624 2826 836 2854 s'accordent
852 2834 913 2860 pas
928 2834 986 2854 sur
1002 2834 1038 2854 ce
1053 2834 1141 2855 nom:
1158 2835 1243 2855 ceux
1259 2829 1314 2863 qui
1327 2834 1385 2857 ont
1410 2830 1496 2857 ecrit
1517 2838 1558 2858 en
1579 2831 1666 2858 latin
1682 2831 1798 2860 disent:

160 2877 382 2912 Belfillaeus,
394 2875 606 2911 Belstffleuss
620 2882 657 2902 ce
674 2874 729 2909 qui
744 2882 764 2902 a
780 2875 888 2902 donne
903 2875 969 2902 lieu
990 2882 1033 2901 au
1054 2874 1089 2902 P.
1107 2875 1146 2902 de
1169 2875 1324 2912 Saligny.
1340 2883 1373 2905 et
1396 2879 1417 2905 a
1437 2877 1587 2906 d'autres
1611 2880 1795 2913 ecrivainS,

160 2927 202 2954 de
217 2926 396 2960 l'appellcr
414 2924 582 2960 Bemrfilss
596 2932 676 2952 sans
691 2925 791 2952 doute
807 2932 870 2959 par
885 2924 1029 2951 horreur
1045 2924 1087 2951 du
1103 2925 1291 2953 solecisme:
1308 2926 1393 2954 mais
1408 2927 1492 2954 dans
1508 2935 1570 2955 nos
1584 2929 1687 2955 vieux
1703 2932 1800 2955 cata-
