2028 3328
238 173 307 210 584
754 172 979 208 LITTERAE
1000 180 1360 214 QUADRIMESTREs

242 279 333 309 tem
370 269 572 319 admisit,
606 269 685 321 qui
710 269 868 309 multis
896 268 1106 320 profecto
1136 268 1191 307 de
1223 266 1378 306 causis
1409 265 1723 305 admittendus
1754 265 1874 304 uide-

242 341 395 381 batur.
419 340 538 381 Nam
559 346 748 392 propter
771 341 1058 391 singularem
1082 339 1300 378 uirtutem
1323 348 1377 376 ac
1400 336 1681 387 probitatem
1702 336 1875 376 Enrico

244 412 452 462 Principi
475 418 518 451 et
541 411 779 452 Cardinali
807 411 1025 461 cognitus
1052 416 1097 448 et
1124 409 1350 460 probatus
1382 414 1498 458 erat,
1533 407 1590 447 ab
1621 407 1875 457 eodemque

243 482 466 523 Vicarius
486 484 530 523 in
549 484 701 534 patria
720 494 803 521 sua
826 482 1122 521 constitutus:
1147 487 1190 519 et
1212 491 1317 519 cum
1338 478 1523 530 magnis
1543 478 1611 518 rei
1631 477 1876 517 familiaris

244 554 394 605 copiis
414 555 624 604 locuples
646 561 782 603 essct,
804 565 883 592 eas
901 563 1062 591 omnes
1081 551 1275 590 libenter
1293 549 1493 600 reliquit,
1512 555 1560 588 ut
1579 549 1716 588 rebus
1733 549 1875 587 omni-

245 625 330 665 bus
352 625 597 676 expeditus
619 624 855 664 Christum
876 623 1050 662 nudum
1087 629 1131 661 et
1168 632 1421 672 pauperem
1455 631 1635 671 pauper
1668 620 1767 670 ipse
1795 631 1877 659 nu-

246 697 424 748 dusque
445 702 733 747 sequeretur.
760 695 971 745 Quatuor
993 694 1102 732 item
1126 692 1241 732 alios
1264 691 1441 743 recepit
1462 690 1616 742 Pater,
1649 691 1726 742 qui
1755 690 1878 742 apud

245 779 333 808 nos
354 767 501 807 literis
524 778 716 818 operam
739 767 926 813 dabant,
952 777 1057 804 cuni
1079 764 1266 815 probos,
1290 770 1388 803 tum
1405 763 1688 813 ingeniosos,
1709 761 1878 813 quique

247 839 520 890 saepissime
543 844 899 878 sacrosanctum
923 836 1097 876 Christi
1126 846 1297 886 corpus
1327 835 1590 886 capiebant:
1624 839 1731 873 ante
1762 843 1880 884 quos

245 910 336 950 duo
358 911 499 951 etiam
522 911 597 949 alii
622 922 646 949 a
669 909 807 949 Patre
830 909 964 947 huius
987 907 1181 958 Collegii
1201 907 1480 947 Prorectore
1499 905 1508 923 ¹
1527 905 1720 945 admissi
1736 905 1783 944 in
1800 903 1878 945 So-

246 982 463 1021 cietatem
487 988 634 1021 erant.
658 980 717 1020 Hi
739 981 834 1020 fere
857 990 1020 1018 omnes
1043 979 1089 1018 in
1110 979 1261 1029 prima
1283 977 1584 1028 secundaque
1602 976 1762 1016 schola
1779 987 1878 1015 uer-

248 1053 487 1093 sabantur.
513 1052 861 1093 Conimbricam
882 1050 1013 1090 missi
1041 1056 1163 1097 sunt,
1195 1055 1243 1089 ut
1274 1049 1464 1089 domum
1493 1047 1785 1099 probationis
1815 1047 1878 1086 in-

246 1124 568 1175 grederentur.

326 1194 664 1245 Praeceptores
686 1200 843 1233 autem
875 1204 1052 1242 omnes,
1088 1199 1184 1233 tam
1214 1192 1267 1241 is,
1306 1192 1384 1243 qui
1420 1190 1742 1231 sacerdotibus
1775 1201 1880 1229 con-

252 1266 474 1306 scientiae
497 1276 635 1305 casus
656 1264 863 1315 exponit,
896 1275 1036 1315 quam
1065 1264 1143 1315 qui
1173 1263 1333 1303 literas
1367 1262 1669 1302 humaniores
1695 1261 1878 1309 docent,

248 1348 383 1376 suum
405 1336 603 1376 docendi
624 1347 791 1375 munus
814 1335 940 1375 omni
969 1346 1083 1374 cura
1115 1333 1448 1385 diligentiaque
1479 1338 1788 1384 exequuntur.
1821 1331 1883 1371 Hi

247 1420 359 1447 uero
391 1408 652 1447 doctrinam
688 1406 996 1446 christianam
1032 1405 1280 1445 dominicis
1317 1405 1480 1445 diebus
1514 1411 1724 1455 tempore
1758 1409 1881 1454 post-

246 1479 505 1518 meridiano
529 1478 624 1518 suis
645 1477 886 1529 discipulis
907 1476 1145 1528 explicant
1168 1482 1212 1516 et
1233 1477 1504 1528 explanant,
1528 1475 1747 1525 nullaque
1765 1474 1810 1513 in
1833 1485 1882 1513 re

247 1562 273 1589 a
295 1549 440 1589 nostri
461 1549 699 1601 gymnasii
719 1560 884 1589 norma
909 1548 1225 1599 institutisque
1248 1547 1508 1587 discedunt.
1534 1545 1670 1597 Quod
1697 1545 1883 1597 quidem

245 1621 422 1661 faciunt
446 1621 650 1660 maxime
673 1620 1043 1671 approbantibus
1065 1619 1137 1670 iis,
1163 1631 1280 1670 quos
1303 1618 1522 1658 erudiunt
1539 1623 1679 1668 atque
1697 1616 1881 1664 docent,

245 1699 290 1738 et
312 1692 448 1732 ualde
470 1691 836 1744 proficientibus.
861 1690 1001 1731 Faxit
1022 1690 1151 1731 Deus
1174 1690 1279 1742 Opt.
1304 1689 1429 1730 Max.
1454 1695 1502 1728 ut
1524 1689 1641 1728 haec
1662 1687 1818 1728 omnia
1836 1687 1883 1727 in

246 1764 346 1804 dies
366 1764 577 1814 singulos
598 1769 879 1814 augeantur,
904 1770 948 1802 et
972 1762 1125 1813 magis
1147 1761 1393 1813 magisque
1415 1765 1647 1801 crescant.

325 1834 495 1875 Sumus
530 1847 654 1875 nunc
689 1835 736 1875 in
772 1834 861 1874 hoc
897 1833 1106 1885 Collegio
1141 1833 1207 1884 27,
1245 1845 1269 1873 e
1291 1833 1458 1884 quibus
1492 1844 1576 1871 sex
1613 1829 1885 1870 sacerdotes

246 1913 367 1958 sunt;
393 1918 416 1946 e
433 1907 625 1958 reliquis
642 1912 843 1958 quatuor
861 1905 1059 1946 docendi
1077 1916 1268 1945 munere
1287 1903 1560 1955 funguntur:
1581 1901 1756 1942 caeteri
1772 1912 1885 1940 uero

244 1979 416 2030 partim
439 1978 714 2029 inseruiunt‚
737 1977 910 2029 partim
931 1977 1173 2017 literarum
1196 1975 1349 2016 studia
1372 1979 1608 2015 exercent.

329 2049 465 2100 Quod
488 2055 644 2090 autem
666 2049 726 2089 ad
748 2049 946 2100 Collegii
969 2048 1232 2088 aedificium
1254 2047 1435 2097 attinet,
1455 2045 1706 2097 diligenter
1736 2051 1780 2084 et
1812 2055 1886 2084 ac—

248 2128 409 2162 curate
432 2121 678 2161 extruitur:
703 2121 925 2172 quocirca
946 2120 1080 2160 breui
1105 2121 1169 2167 (ut
1191 2117 1451 2170 speramus)
1474 2117 1757 2158 absoluetur.
1781 2115 1886 2155 Hoc

247 2193 371 2232 enim
392 2192 653 2243 Septembri
675 2203 865 2232 sacrum
885 2191 932 2231 in
952 2191 1124 2242 templo
1147 2189 1248 2230 fieri
1277 2189 1458 2240 incipit,
1493 2194 1632 2239 atque
1666 2186 1887 2238 deinceps

248 2264 312 2303 ibi
349 2263 583 2303 sacrificia
619 2263 776 2303 omnia
811 2262 937 2302 fient.
975 2261 1239 2302 Cardinalis
1275 2271 1476 2311 namque
1510 2264 1667 2298 uestes
1701 2269 1879 2306 omnes,

248 2345 368 2385 quae
391 2334 450 2374 ad
471 2334 682 2374 divinum
705 2335 881 2374 cultum
901 2344 1070 2384 resque
1092 2332 1276 2372 diuinas
1299 2331 1385 2371 rite
1405 2329 1702 2382 peragendas
1734 2328 1884 2380 requi-

248 2410 429 2456 runtur,
454 2416 635 2445 summo
658 2405 753 2445 iam
773 2404 927 2444 studio
951 2403 1268 2444 conficiendas
1289 2402 1488 2452 curauit,
1513 2413 1634 2453 quae
1655 2407 1752 2441 tum
1775 2399 1886 2440 mul-

249 2482 341 2526 tae,
365 2484 466 2516 tum
486 2477 722 2527 pretiosae
743 2481 864 2516 sunt.
890 2475 1051 2526 Neque
1073 2475 1240 2515 harum
1265 2485 1421 2514 rerum
1443 2472 1579 2524 copia
1600 2472 1739 2524 (quod
1765 2482 1888 2511 nunc

250 2548 345 2587 iam
366 2547 502 2587 facile
525 2547 746 2598 colligere
767 2546 1037 2598 possumus)
1059 2546 1194 2586 nobis
1214 2556 1421 2596 unquam
1451 2544 1497 2583 in
1527 2544 1699 2594 templo
1727 2548 1889 2582 nostro

251 2618 414 2658 deerit.
453 2618 521 2658 Eo
554 2624 709 2658 autem
739 2618 895 2657 animo
926 2616 1151 2668 Princeps
1181 2615 1382 2657 Enricus
1417 2614 1430 2632 ²
1466 2615 1592 2654 circa
1628 2614 1720 2653 hoc
1755 2623 1892 2652 suum

253 2689 495 2738 praedium
519 2688 715 2728 affectus
737 2694 820 2737 est,
846 2694 896 2727 ut
918 2699 978 2728 ex
1005 2699 1060 2727 eo
1094 2698 1387 2738 quocumque
1416 2687 1490 2725 uel
1520 2684 1711 2725 minimo
1736 2683 1891 2723 fructu

254 2770 549 2809 summopere
571 2758 841 2798 delectetur.
870 2758 988 2799 Nam
1007 2757 1328 2809 superioribus
1345 2756 1522 2806 diebus,
1542 2767 1648 2795 cum
1666 2753 1722 2794 de
1738 2765 1893 2794 sacer-

312 2942 321 2959 2
362 2939 476 2968 Marco
498 2941 661 2975 Georgio.

310 2990 323 3006 ·-'
363 2988 454 3015 Idem
470 2988 664 3016 Cardinalis
679 2993 712 3015 et
728 2989 1025 3023 archiepiscopus,
1044 2989 1098 3023 qui
1115 2996 1232 3023 supra.
