2028 3328
143 145 210 182 148
654 144 752 180 [ΑΓ]
765 154 881 180 ERAE
908 154 1268 187 QUADmMESTREs

138 253 253 293 pore
287 248 365 281 aut
400 242 518 280 loco.
549 240 709 280 Lectio
740 239 886 290 Pauli,
925 240 1193 292 aliquandiu
1230 240 1520 290 intermissa,
1557 240 1775 291 proximo

137 323 298 352 mense
320 317 557 362 resumpta
593 317 675 359 est,
708 322 991 362 quamquam
1021 323 1114 351 non
1141 312 1198 351 ab
1221 311 1398 359 eodem,
1423 322 1450 350 a
1471 322 1562 362 quo
1585 316 1692 351 ante
1714 311 1774 351 le·

136 384 350 434 gebatur,
369 383 522 423 Patre.
546 381 642 423 Nec
660 382 833 422 habent
854 382 977 433 quod
1008 383 1064 423 de
1087 382 1218 423 uerbi
1239 382 1327 422 Dei
1348 381 1544 433 penuria
1568 381 1775 422 Messani

137 460 410 506 querantur.
435 454 551 494 Tres
575 453 704 493 Pauli
737 453 959 504 epistolas
987 453 1371 505 interpretantur,
1401 453 1559 504 plures
1591 453 1776 493 concio-

137 532 325 576 nantur,
353 525 431 564 alii
461 525 603 564 etiam
632 524 723 563 alia
751 524 925 575 legunt.
956 523 1052 564 Nec
1088 524 1311 564 inutiliter
1347 524 1558 574 omnin03
1588 530 1776 575 praeter

135 597 261 636 enim
286 608 382 646 eos,
416 596 493 647 qui
521 595 645 646 apud
674 607 759 635 nos
786 595 1078 646 confitentur,
1110 596 1187 647 qui
1222 607 1336 635 sane
1364 596 1494 634 multi
1525 601 1647 646 sunt,
1671 595 1775 635 aliis

135 679 320 718 quoque
342 667 388 706 in
409 666 594 717 templis
616 666 832 717 permulti
852 666 1118 716 audiuntur;
1143 674 1186 705 et
1218 666 1263 705 in
1285 665 1635 717 Assumptionis
1656 666 1775 707 festo

138 738 312 778 Beatae
333 737 547 788 Virginis
569 737 891 788 praedicatum
912 743 982 777 est
1011 737 1058 777 in
1086 738 1175 776 hac
1208 738 1320 776 urbe
1343 748 1436 776 non
1458 737 1612 777 minus
1634 749 1775 789 quam

136 809 208 849 bis
229 809 352 848 mille
370 808 581 848 homines
613 808 670 847 ad
693 820 881 848 sacrum
901 808 1226 848 Eucharistiae
1249 815 1597 848 sacramentum
1619 820 1774 848 acces-

137 881 271 920 sisse.
305 879 431 919 Idem
452 879 561 919 fecit
583 886 627 918 et
649 879 842 930 Prorex,
868 879 945 931 qui
965 879 1017 919 R.
1044 878 1092 919 P.
1118 878 1323 919 Antonio
1353 878 1525 928 Vinch,
1549 879 1671 930 quod
1693 879 1777 919 Re-

137 950 371 991 verendus
400 950 449 990 P.
484 949 786 1001 Praepositus
822 951 1022 999 abesset,
1056 958 1125 990 est
1153 950 1409 990 confessus.
1447 950 1776 990 Ferdinandus

137 1034 335 1073 quoque,
360 1021 459 1061 eius
491 1021 650 1069 frater,
685 1021 935 1061 confitendi
964 1021 1436 1073 communicandique
1458 1033 1604 1062 causa
1625 1033 1680 1061 ea
1703 1021 1777 1062 die

136 1105 188 1132 sc
211 1093 270 1132 ad
305 1093 553 1143 collegium
588 1098 800 1132 nostrum
823 1093 1034 1132 contulit.
1058 1092 1217 1143 Neque
1239 1103 1352 1132 uero
1374 1104 1522 1143 parua
1550 1092 1596 1132 in
1616 1093 1776 1143 pleris-

137 1175 228 1215 que
250 1175 428 1214 eorum,
453 1164 531 1215 qui
554 1162 677 1215 apud
699 1175 784 1203 nos
813 1163 1176 1213 communicant,
1201 1163 1408 1203 cernitur
1429 1163 1630 1214 deuotio;
1655 1164 1776 1203 hanc

137 1235 262 1275 enim
282 1241 327 1274 et
348 1235 622 1286 lachrymae
644 1241 687 1274 et
708 1235 910 1284 habitus,
936 1241 979 1274 et
996 1235 1223 1285 imprimis
1245 1234 1410 1274 mutati
1431 1246 1601 1286 mores,
1625 1241 1775 1274 osten-

138 1307 268 1346 dunt.
289 1306 409 1346 Nam
430 1312 536 1346 sunt
560 1306 727 1357 quibus
744 1317 770 1345 a
787 1307 995 1357 peccatis
1013 1306 1085 1356 (de
1107 1306 1383 1346 mortalibus
1400 1306 1581 1358 loquor)
1604 1305 1775 1346 disces-

138 1379 257 1417 sisse
283 1389 375 1417 non
405 1384 475 1417 est
506 1377 635 1417 satis:
669 1376 727 1416 ad
757 1377 1102 1428 assequendum
1131 1377 1432 1428 perfectionis
1465 1377 1647 1428 apicem
1685 1390 1776 1417 non

137 1446 331 1500 segnius
353 1460 492 1499 quam
520 1448 598 1499 qui
626 1448 672 1488 in
701 1448 1000 1488 monasteriis
1029 1448 1234 1499 perfecte
1263 1448 1441 1498 uiuunt,
1470 1448 1696 1499 aspirant,
1727 1455 1776 1488 ut

136 1532 231 1571 qua
252 1532 301 1560 re
322 1531 372 1559 se
394 1519 495 1559 Deo
518 1519 727 1559 cariores
748 1519 846 1559 fore
868 1525 1047 1570 putent,
1067 1530 1171 1558 eam
1194 1525 1353 1570 agant,
1372 1519 1485 1559 uelit
1510 1519 1624 1559 nolit
1648 1530 1775 1559 mun—

137 1592 226 1631 dus
243 1597 287 1631 et
304 1603 430 1631 caro.
450 1591 567 1640 Hoc,
588 1591 694 1642 quia
714 1602 806 1630 non
823 1590 879 1630 de
896 1602 987 1630 uno
1004 1597 1082 1630 aut
1100 1592 1246 1630 altero
1260 1602 1424 1631 uerum
1440 1596 1523 1641 est,
1536 1591 1776 1641 sigillatim

137 1675 233 1703 non
253 1668 380 1702 tento
402 1662 572 1702 dicere.
596 1662 713 1702 Illud
735 1661 919 1710 habeto,
943 1661 996 1701 R.
1022 1660 1088 1710 R,
1113 1662 1159 1701 in
1181 1661 1453 1701 uniuersum
1475 1674 1568 1702 non
1598 1673 1777 1713 paucos

136 1746 257 1784 esse,
278 1740 322 1774 et
344 1746 424 1773 eos
441 1733 722 1773 conditionis
744 1745 837 1773 non
858 1732 1059 1782 infimae,
1084 1733 1263 1783 quibus,
1288 1733 1327 1772 si
1348 1732 1458 1785 quid
1480 1733 1668 1773 aduersi
1699 1745 1777 1773 ac-

139 1805 320 1855 ciderit,
344 1805 383 1845 si
410 1810 632 1855 aegrotos
665 1815 767 1844 esse
793 1804 1060 1854 contigerit,
1097 1804 1264 1844 maiori
1292 1815 1341 1843 se
1363 1804 1506 1844 animi
1527 1804 1776 1844 liberalita-

138 1884 184 1917 te
206 1883 250 1917 et
271 1877 506 1917 hilaritate
528 1876 629 1915 Deo
652 1875 864 1925 offerunt,
889 1887 1029 1927 quam
1049 1876 1188 1915 scribi
1210 1876 1372 1927 possit.
1393 1875 1493 1926 Quo
1512 1875 1664 1915 minus
1688 1875 1777 1915 for-

135 1955 264 1989 tasse
281 1947 393 1988 illud
412 1947 718 1999 reputabitur,
742 1946 865 1998 quod
882 1952 1039 1986 tamen
1066 1954 1136 1986 est
1166 1946 1411 1986 Messanae
1440 1957 1678 1997 magnum,
1699 1959 1777 1986 no-

138 2019 254 2059 biles
274 2025 518 2059 matronas
543 2019 636 2057 iam
666 2017 885 2058 didicisse
913 2029 1105 2057 suorum
1133 2023 1331 2057 mortem
1363 2017 1604 2058 moderate
1634 2017 1773 2067 ferre,

141 2102 289 2142 eaque
323 2090 480 2130 facere
516 2089 726 2139 desiisse,
768 2100 887 2140 quae
921 2088 1049 2128 urbis
1085 2088 1224 2128 huius
1258 2100 1403 2139 more,
1443 2093 1492 2128 ut
1532 2088 1777 2129 tritissimo

138 2163 206 2202 ita
222 2168 267 2202 et
287 2161 572 2213 turpissim0‚
597 2166 736 2200 antea
758 2160 984 2209 solebant,
1009 2160 1048 2199 si
1066 2160 1168 2211 quis
1190 2172 1351 2200 eorum
1368 2172 1392 2199 e
1413 2159 1535 2200 uiuis
1552 2160 1777 2200 decessis-

140 2239 224 2274 set.
249 2234 306 2273 Et
327 2243 609 2284 quamquam
640 2242 858 2283 propero,
892 2241 1008 2281 rogo
1044 2237 1200 2271 tamen
1229 2237 1278 2270 ut
1305 2231 1443 2271 unius
1474 2231 1777 2271 mulierculae

141 2304 305 2345 audias
336 2303 663 2344 constantiam.
688 2303 802 2342 Erat
823 2302 939 2342 haec
960 2301 1007 2341 in
1028 2302 1141 2341 urbe
1163 2313 1256 2341 non
1277 2302 1455 2352 ignota;
1479 2308 1676 2354 accepta
1700 2313 1777 2342 au—

138 2382 233 2415 tem
262 2375 347 2415 sub
367 2385 617 2426 uesperum
652 2373 895 2413 cuiusdam
922 2373 1107 2412 sabbati
1134 2373 1347 2423 coniugis
1375 2380 1539 2423 morte,
1564 2385 1701 2425 quem
1731 2374 1777 2412 in

135 2446 326 2488 Christo
348 2446 570 2496 diligebat
592 2445 709 2495 (erat
729 2444 851 2484 enim
872 2451 917 2484 et
938 2443 1037 2495 ipse
1057 2444 1129 2484 uir
1156 2444 1273 2495 pius,
1305 2456 1359 2484 ac
1387 2449 1485 2484 tum
1504 2444 1778 2495 negotiatio-

137 2518 210 2558 nis
234 2517 390 2568 gratia
413 2526 609 2568 peregre
632 2515 902 2567 profectus),
927 2521 1117 2566 repente
1138 2514 1195 2554 D.
1220 2514 1464 2555 Francisci
1485 2515 1695 2555 habitum
1711 2515 1775 2555 in-

139 2589 252 2639 duit,
273 2600 342 2638 ae,
362 2587 521 2627 mundi
542 2586 951 2638 superstitionibus
972 2586 1085 2626 nihil
1103 2591 1301 2637 morata,
1320 2597 1375 2626 ea
1391 2585 1639 2635 dominica,
1659 2597 1778 2637 quae

136 2659 351 2712 proxime
386 2665 583 2709 sequuta
605 2664 690 2707 est,
716 2657 775 2697 ad
795 2658 1020 2708 templum
1035 2663 1248 2697 nostrum
1279 2656 1493 2707 accessit,
1523 2656 1776 2708 auditaque

136 2730 383 2780 concione,
419 2728 710 2780 caeterisque
743 2739 828 2779 pro
855 2739 986 2768 more
1014 2739 1099 2768 suo
1120 2727 1273 2778 sactis,
1298 2727 1487 2767 domum
1508 2727 1660 2778 rediit3
1684 2739 1775 2778 quo

136 2813 245 2842 cum
265 2801 385 2841 irent
405 2798 539 2851 quasi
561 2799 895 2839 consolationis
924 2798 1098 2851 aliquid
1129 2799 1358 2838 allaturae
1388 2798 1508 2837 aliae
1539 2798 1774 2846 mulieres,

134 2872 252 2913 nihil
283 2872 393 2911 fletu
420 2876 464 2910 et
501 2869 760 2922 lachrymis
796 2881 913 2920 opus
943 2881 1060 2920 esse,
1095 2869 1247 2920 magis
1275 2874 1431 2908 autem
1458 2866 1560 2908 Deo
1594 2869 1776 2919 gratias

134 2943 362 2995 agendas,
386 2942 516 2982 uultu
537 2941 722 2993 quidem
748 2941 1002 2992 moderato,
1028 2941 1182 2981 animo
1204 2951 1317 2980 uero
1339 2939 1480 2979 etiam
1502 2939 1549 2979 in
1569 2939 1775 2980 Domino
