2028 3328
889 110 970 146 Ax.
990 109 1093 145 '1354
1745 111 1803 146 l‘ll

168 209 454 249 conditionis
476 215 631 256 essent
653 205 895 253 homines),
916 211 964 244 vt
983 216 1221 255 nunquam
1239 204 1387 244 simile
1408 205 1518 244 mihi
1538 206 1805 255 contigerit.

172 279 357 320 Nullam
380 280 639 319 sentiebam
661 275 1006 323 lassitudinem,
1032 273 1113 314 sed
1144 282 1239 314 tam
1262 286 1391 314 eram
1418 286 1584 314 recens
1617 274 1623 293 ¹
1656 288 1709 315 ac
1733 289 1810 315 no-

176 363 261 390 uus
279 351 479 402 vesperi,
498 362 601 390 cum
626 349 718 389 iam
733 347 798 387 ὁόῑ
818 347 934 387 hora
953 352 1090 394 esset,
1115 345 1247 403 quasi
1265 357 1402 385 mane
1423 345 1602 395 fuisset,
1623 347 1809 397 quando

173 422 470 473 incipiebam.
493 420 699 461 Mirabar
720 417 967 470 plurimum
992 417 1269 456 immensam
1298 416 1386 456 Dei
1408 416 1681 456 bonitatem.
1708 417 1810 457 Non

174 499 287 543 puto
311 494 512 544 aliquem
539 492 695 539 fuisse,
720 489 798 541 qui
828 500 918 528 non
952 488 1204 539 specialem
1236 499 1262 526 a
1294 487 1496 527 Domino
1526 494 1811 528 consecutus

173 570 247 603 est
268 564 487 614 gratiam,
513 570 562 602 vt
584 573 744 602 omnes
766 559 1033 599 fatebantur
1054 565 1098 598 et
1120 558 1429 598 mirabantur.
1459 557 1554 598 Nec
1584 558 1812 598 Dominus

178 635 449 683 canonicus,
469 634 640 685 hospes
657 638 829 681 noster,
850 642 874 670 a
893 630 1047 682 gratia
1066 630 1286 669 exclusus
1304 629 1403 669 fuit:
1423 629 1521 680 ipse
1543 642 1726 681 quoque
1749 630 1813 670 vi-

174 710 272 744 tam
290 706 451 745 statuit
469 705 687 745 ordinare
704 704 749 743 in
767 702 945 742 melius.
966 701 1164 741 Dicebat
1181 701 1300 749 aliis,
1317 712 1390 740 me
1407 707 1668 751 praesente,
1689 702 1813 753 quod

176 776 223 815 in
245 776 341 815 vita
366 788 449 816 sua
471 778 563 816 tale
585 775 694 827 quid
715 773 992 823 Nouiomagi
1023 784 1114 811 non
1138 772 1432 822 contigisset,
1457 783 1542 811 nec
1573 785 1596 811 a
1627 779 1813 812 centum

178 847 312 886 annis
334 847 425 887 tale
446 847 555 898 quid
578 846 788 886 auditum
808 844 967 884 fuisse.

257 918 468 958 Tandem
488 918 589 970 ipso
612 917 684 957 die
706 916 866 957 Sancti
892 914 1160 964 Clementis,
1185 915 1329 964 clam,
1353 915 1517 966 paucis
1543 914 1812 963 scientibus,

180 990 347 1029 iterum
370 989 612 1029 Coloniam
637 987 910 1040 proficiscor
931 985 958 1035 ‘·';
982 986 1084 1037 ipso
1107 997 1219 1025 vero
1242 985 1316 1025 die
1337 984 1540 1026 Sanctae
1562 985 1812 1035 Caeciliae,

180 1059 393 1100 videntes
415 1072 576 1100 omnes
598 1060 685 1099 Dei
708 1058 1029 1110 operationem
1051 1062 1096 1096 et
1116 1056 1289 1097 Christi
1309 1056 1420 1109 Jesu
1441 1057 1647 1108 gratiam
1671 1057 1814 1096 omni-

182 1131 268 1171 bus
292 1133 393 1179 <sua
417 1131 680 1180 clementia)
704 1129 1105 1178 administratam,
1136 1134 1427 1178 rogauerunt
1449 1128 1618 1168 obnixe
1641 1134 1685 1168 et
1716 1134 1816 1168 coe-

179 1210 351 1254 gerunt
386 1209 436 1243 vt
471 1204 626 1243 locum
653 1213 759 1242 cum
787 1201 998 1241 domibus
1027 1200 1237 1251 recipere
1271 1200 1456 1240 vellem:
1496 1199 1717 1251 respondi
1744 1211 1816 1239 me

181 1275 465 1325 scripturum
488 1273 547 1314 ad
572 1273 617 1313 Ρ.
642 1273 700 1313 V.
724 1272 933 1313 Tandem
954 1272 1171 1323 precibus
1194 1271 1351 1311 multis
1374 1270 1462 1311 hoc
1488 1271 1815 1322 impetrarunt,

178 1350 231 1385 vt
252 1346 409 1385 claues
430 1345 595 1385 domus
623 1344 900 1395 reciperem,
931 1348 976 1382 et
1004 1342 1189 1394 quando
1218 1341 1565 1393 Nouiomagum
1597 1342 1815 1391 redirem,

179 1416 394 1456 domibus
415 1423 572 1456 Vterer
595 1427 677 1467 pro
699 1414 916 1466 hospitio,
943 1421 992 1453 Vt
1014 1413 1226 1453 homines
1243 1413 1518 1453 consulendi
1537 1413 1693 1463 gratia
1713 1424 1815 1464 pos⁴

179 1493 283 1527 sent
303 1499 390 1527 nos
411 1487 601 1527 liberius
629 1485 876 1535 accedere,
902 1495 1101 1536 quorum
1125 1483 1278 1524 adhuc
1305 1483 1539 1524 maximus
1570 1490 1640 1524 est
1661 1495 1819 1524 nume-

179 1570 274 1607 rus,
299 1559 465 1610 quibu-s
486 1570 578 1598 non
600 1558 799 1597 dabatur
825 1556 957 1596 locus
977 1566 1062 1595 nec
1091 1560 1275 1606 tempus
1307 1566 1392 1594 nos
1425 1554 1704 1595 accedendi:
1739 1555 1819 1607 qui

177 1629 307 1669 circa
335 1629 548 1669 Natalem
577 1627 786 1677 Domini,
820 1626 1070 1666 aduentum
1105 1632 1317 1665 nostrum
1352 1632 1617 1678 expectant.
1659 1625 1818 1676 Quare

180 1701 410 1751 cogitaui,
435 1700 474 1740 si
501 1692 731 1739 Dominus
757 1698 824 1738 sic
847 1697 1155 1744 ordinauerit,
1186 1696 1402 1737 Natalem
1434 1696 1622 1737 Domini
1651 1696 1820 1736 Nouio-

184 1773 309 1822 magi
336 1772 597 1821 celebrare;
631 1770 713 1810 sed
734 1769 790 1809 de
821 1769 893 1808 his
919 1770 1053 1820 plura
1082 1768 1244 1820 primis
1272 1768 1421 1809 literis
1449 1769 1508 1808 ad
1536 1769 1584 1809 Ρ.
1615 1768 1674 1808 V.
1707 1768 1820 1808 scri-

182 1843 360 1883 bendis.

266 1913 515 1954 Confrater
551 1918 709 1952 noster
744 1912 804 1952 M.
845 1912 1083 1965 Johannes
1124 1911 1180 1950 de
1220 1910 1430 1950 Cathena
1454 1942 1461 1959 ,
1499 1921 1571 1950 me
1612 1910 1820 1959 absente,

183 1986 400 2025 omnibus
422 1985 538 2024 bene
560 1984 832 2023 satisfacere
862 1989 1029 2034 potest.
1054 1982 1252 2033 Quando
1284 1982 1408 2021 enim
1429 1981 1701 2032 proficiscor
1731 1994 1825 2021 non

188 2057 265 2096 diu
288 2063 423 2096 extra
441 2056 682 2096 Coloniam
702 2055 873 2094 haereo
895 2053 931 2104 3;
950 2054 1048 2105 ipse
1069 2054 1161 2093 iam
1185 2064 1233 2092 se
1254 2059 1390 2102 parat
1413 2052 1473 2092 ad
1493 2052 1692 2103 gradum
1720 2053 1823 2092 bac·

185 2130 486 2168 calaureatus
508 2126 681 2167 Sacrae
703 2126 1007 2176 Theologiae.

268 2199 367 2238 Non
392 2198 528 2238 facile
549 2198 785 2249 explicare
809 2208 998 2248 possum
1020 2202 1246 2248 quantum
1268 2194 1449 2235 fructus
1470 2194 1728 2246 spiritualis
1762 2201 1826 2234 at-

186 2270 341 2309 tulerit
377 2268 833 2318 Nouiomagensibus
869 2268 1023 2308 abitus
1058 2266 1276 2317 Magistri
1304 2265 1499 2305 Henrici
1531 2265 1749 2317 Dionysii
1782 2273 1827 2306 et

186 2340 403 2391 Magistri
423 2340 631 2380 Thomae
656 2338 680 2386 '⁰,
705 2340 771 2379 sic
793 2339 967 2379 relictis
990 2338 1202 2378 omnibus
1221 2336 1459 2377 Christum
1481 2336 1735 2376 Dominum
1757 2350 1826 2377 se-

187 2412 373 2463 quendo
398 2412 426 2449 ⁵.
450 2411 625 2452 Omnes
647 2410 770 2450 enim
792 2410 882 2450 hoc
904 2410 1118 2460 exemplo
1141 2408 1344 2448 maxime
1367 2407 1599 2448 aedificati
1622 2416 1727 2448 sunt
1746 2442 1752 2455 ,
1777 2416 1821 2448 et

186 2483 375 2535 plurimi
421 2494 581 2523 eorum
628 2482 893 2532 exemplum
932 2485 1164 2520 conantur
1204 2478 1392 2518 imitari.
1437 2478 1608 2529 Quare,
1651 2479 1829 2519 relictis

188 2554 351 2595 mundi
374 2553 682 2602 vanitatibus,
707 2551 893 2603 saepius
925 2550 1137 2591 confiteri
1165 2549 1353 2590 student
1383 2555 1428 2590 et
1458 2551 1826 2598 communicare,

248 2739 255 2759 ¹
297 2740 360 2767 sed
373 2739 528 2774 perinde
551 2744 685 2765 recens

246 2787 260 2806 2
295 2788 426 2822 paucis
439 2785 648 2818 scientibus,
663 2784 767 2811 redeo
784 2784 974 2811 Coloniam.

249 2835 262 2852 3
301 2837 405 2862 extra
420 2834 597 2862 Coloniam
615 2840 682 2859 non
698 2832 761 2859 diu
777 2832 916 2859 haereo.

246 2883 262 2902 4
299 2882 386 2910 Vide
402 2882 551 2909 POLANC1
568 2880 772 2910 Clzronicon,
801 2884 824 2906 t.
839 2887 887 2914 iv,
903 2886 983 2913 pag.
997 2878 1060 2911 27⁴1,
1076 2886 1108 2905 n.
1123 2877 1186 2905 579.

246 2929 262 2951 5
301 2930 361 2964 qui
374 2931 426 2957 sic
441 2929 577 2956 relictis
591 2928 756 2955 omnibns
772 2927 950 2954 Christum
967 2926 1161 2953 Dominum
1179 2923 1294 2951 secuti
1308 2925 1404 2950 sunt.
