2028 3328
254 215 327 251 718
778 212 1005 250 LITTERAE
1024 221 1380 256 QUADRfflESTREs

916 659 1229 715 CDXLIH

323 890 545 939 Josephus
565 890 617 928 de
637 890 804 928 Acosta

372 956 492 993 Patri
509 955 679 1003 Ignatio
698 955 751 992 de
770 955 953 1002 Loyola.

420 1021 674 1069 Methymna
694 1020 862 1067 Campi,
883 1019 929 1056 29
947 1019 1206 1056 Decembris
1228 1018 1320 1056 1555
1339 1019 1363 1053 ¹.

1017 1174 1116 1251 1135

330 1372 597 1412 Admodum
620 1371 719 1412 R.d0
750 1372 796 1412 in
817 1371 903 1412 X.⁰
922 1370 1078 1411 Pater.

331 1442 496 1484 Gratia
518 1450 561 1483 et
583 1455 676 1494 pax
698 1442 871 1483 Christi
893 1441 1013 1483 adsit
1034 1441 1169 1482 nobis
1190 1452 1389 1492 semper.
1413 1440 1580 1481 Amen.

329 1514 485 1565 Hisce,
509 1514 648 1555 Pater
670 1525 896 1566 perquam
918 1513 1226 1561 obseruande,
1257 1523 1376 1564 quae
1408 1511 1624 1553 Christus
1654 1511 1886 1553 Dominus

250 1597 334 1637 per
355 1586 439 1626 hos
461 1585 677 1637 indignos
699 1586 815 1625 adeo
836 1584 1003 1625 filiolos
1025 1583 1149 1636 apud
1169 1595 1255 1623 nos
1276 1583 1463 1635 operari
1485 1582 1730 1634 dignatur?
1746 1590 1797 1624 vt
1819 1583 1883 1623 in-

249 1658 411 1697 stituto
435 1657 668 1708 obsequar
684 1662 860 1706 nostro,
880 1655 1045 1707 paucis
1061 1665 1318 1706 exponam:
1336 1654 1539 1706 primum
1557 1654 1808 1706 auspicans
1825 1655 1883 1694 ab

249 1727 374 1767 obitu
396 1727 548 1768 Patris
571 1727 772 1768 Gometii
792 1727 806 1746 ²
827 1727 920 1778 qui,
945 1726 1126 1767 decimo
1153 1725 1393 1766 Kalendas
1418 1724 1731 1765 Nouembreis
1759 1737 1882 1765 anno

247 1809 275 1837 a
297 1798 483 1839 Christo
505 1805 617 1838 nato
637 1798 881 1839 millesimo
906 1797 1280 1849 quingentesimo
1302 1796 1692 1848 quinquagesimo
1721 1797 1882 1848 quinto

246 1881 271 1910 e
292 1870 389 1910 uita
412 1870 597 1910 mortali
618 1870 865 1919 excedens,
897 1869 956 1910 ad
973 1869 1239 1909 immortale
1269 1879 1468 1919 regnum
1499 1868 1737 1919 migrauit.
1767 1867 1883 1908 Erat

245 1941 385 1981 homo
407 1952 430 1980 e
451 1941 694 1981 Lusitania
718 1940 957 1991 oriundus,
980 1940 1242 1990 theologus,
1268 1938 1425 1979 latinis
1446 1938 1593 1978 literis
1614 1938 1807 1990 perinde
1826 1950 1882 1978 ac

246 2012 432 2063 graecis
454 2012 637 2052 abunde
658 2011 915 2064 praeditus,
939 2016 1119 2051 statura
1140 2022 1382 2062 procerus,
1407 2010 1563 2050 animo
1586 2009 1646 2050 ad
1673 2008 1879 2050 Societa-

246 2082 306 2122 tis
326 2083 582 2123 ministeria
606 2083 817 2134 apprime
838 2082 1020 2131 idoneO,
1045 2087 1089 2122 et
1110 2081 1189 2133 qui
1208 2081 1341 2121 breui
1359 2093 1385 2121 a
1402 2081 1645 2132 religionis
1662 2081 1881 2131 ingressu

243 2153 439 2194 mirifice
461 2154 642 2203 claruit,
667 2153 928 2194 obedientia
950 2152 1244 2205 praesertim.
1268 2150 1531 2192 Accidebat
1548 2152 1784 2192 interdum
1802 2152 1881 2203 qui

245 2225 405 2276 nimio,
431 2225 771 2277 aegrotationis
793 2236 952 2275 causa,
986 2223 1140 2264 taedio
1171 2228 1294 2264 esset
1325 2222 1537 2272 affectus,
1572 2235 1677 2263 cum
1710 2223 1768 2262 ab
1799 2234 1880 2263 ore

244 2302 506 2336 eructasset
526 2296 801 2347 buccellam,
826 2294 1118 2335 obedientiae
1138 2305 1394 2334 memorem
1409 2293 1540 2334 Vesci
1557 2293 1881 2345 compellentis

244 2378 349 2407 eam
383 2367 535 2419 ipsam
563 2378 800 2407 resumere
831 2366 1035 2418 enitique
1073 2364 1133 2405 ad
1167 2365 1463 2405 stomachum
1497 2364 1721 2416 perferre.
1760 2363 1877 2405 Cum

241 2450 359 2478 vero
381 2444 488 2478 ante
511 2438 686 2479 obitum
709 2438 827 2479 adeo
850 2437 1060 2488 grauiter
1088 2436 1244 2477 animo
1276 2436 1563 2488 linqueretur
1592 2442 1798 2487 repente,
1828 2441 1879 2475 ut

244 2509 323 2560 qui
343 2508 539 2549 aderant
560 2509 724 2549 Patres
746 2520 800 2549 ac
822 2508 995 2549 fratres
1015 2508 1109 2548 iam
1129 2512 1365 2547 mortuum
1385 2512 1606 2558 putarent
1621 2507 1875 2557 hominem,

295 2691 303 2709 ¹
348 2690 594 2725 Autographae
609 2691 642 2718 in
657 2691 737 2718 folio
753 2691 889 2725 duplici,
905 2698 935 2717 n.
950 2690 1029 2717 olim
1041 2689 1103 2722 373,
1119 2697 1206 2716 nunc
1221 2689 1270 2716 -121
1289 2693 1322 2716 et
1337 2689 1396 2717 122.

295 2737 308 2756 ‘²
346 2737 455 2771 Hujus
467 2745 587 2765 nomen
603 2745 663 2765 nec
679 2738 789 2772 aperit
806 2738 860 2765 hic
886 2737 943 2764 Fr.
958 2738 1100 2770 Acosta,
1116 2744 1177 2763 nec
1193 2736 1415 2764 VA1131V1Ain
1427 2736 1589 2763 Historia
1602 2736 1708 2763 delos
1724 2736 1880 2770 Colegz'os

241 2783 285 2809 de
302 2783 460 2816 castula,
475 2792 535 2812 nec
552 2784 726 2812 POLANcus
740 2785 772 2812 in
790 2785 971 2817 Clzrom'co,·
985 2785 1087 2811 immo
1103 2783 1191 2817 quod
1206 2783 1295 2811 infra
1309 2789 1429 2811 narrat
1446 2784 1577 2811 Acosta
1592 2784 1632 2810 de
1647 2784 1748 2818 hujus
1763 2783 1878 2811 Patris

241 2830 448 2864 obedientia,
474 2831 650 2858 VALmvm
671 2832 704 2859 id
727 2832 887 2859 attribuit
912 2831 1045 2858 cuidam
1073 2830 1187 2864 fratri,
1213 2829 1318 2856 etiam
1340 2829 1501 2860 lusitano,
1533 2830 1668 2857 nomine
1695 2830 1877 2863 Gonzalez,

239 2884 339 2911 quem
353 2877 402 2904 ait
417 2877 634 2913 Methymnae
648 2879 770 2906 obiisse
786 2886 874 2905 anno
890 2878 1055 2912 sequenti,
1071 2877 1214 2911 scilicet,
1233 2876 1482 2904 1556.-Verum
1505 2884 1573 2903 vox
1596 2876 1731 2910 Patris,
1755 2885 1875 2905 nomen

243 2924 397 2951 Gometiz'
411 2930 444 2952 et
461 2926 671 2953 annu÷1555
690 2926 868 2960 perspicue
896 2925 1076 2953 admodum
1101 2925 1134 2952 in
1158 2924 1211 2951 his
1234 2924 1362 2951 litteris
1384 2924 1724 2958 apparent.-Eritne
1739 2925 1793 2952 hic
1818 2925 1874 2952 ille

239 2969 277 2996 P.
293 2969 530 2998 Ferdinandus
546 2971 681 3005 Gomez,
698 2973 877 3006 lusitanus,
891 2972 946 3006 qui
963 2971 1195 2999 Salmanticae
1210 2978 1298 2998 anno
1312 2971 1465 3004 proxime
1487 2971 1708 3005 praecedenti
1731 2978 1873 2998 examen

239 3017 358 3044 subiit?
375 3018 423 3045 Cf.
437 3018 585 3046 Pomm
603 3019 805 3052 chronicon,
820 3024 842 3046 t.
858 3027 902 3053 iv,
920 3027 1002 3053 pag.
1020 3018 1082 3053 376,
1099 3022 1214 3045 annot.
1231 3018 1257 3045 l.
