2028 3328
824 141 858 178 A
869 152 907 178 N.
944 140 1035 201 1555
1680 140 1751 177 599

117 243 258 282 etiam
279 241 404 281 D.¹¹1¹>’
430 240 829 291 Archiepiscopus
856 237 1151 284 Valentinus,
1183 237 1261 288 qui
1289 237 1421 276 nobis
1450 236 1535 276 fuit
1563 247 1748 287 semper

118 313 386 360 beneuolus,
408 321 744 363 saepenumero
766 309 1076 360 eleemosynis
1093 320 1178 348 nos
1199 308 1429 347 subuenit:
1454 307 1616 347 morbo
1639 319 1747 358 quo—

119 383 225 424 dam
246 383 489 435 repentino
511 382 639 422 hisce
661 381 822 421 diebus
844 384 1103 430 correptus,
1129 378 1236 418 huic
1254 377 1464 428 Collegio
1482 377 1605 417 dono
1623 378 1748 418 dedit

121 455 303 505 publica
326 453 604 494 auctoritate
626 459 670 492 et
696 451 929 502 scriptura
952 450 1041 489 duo
1070 449 1212 489 millia
1244 456 1288 488 et
1309 449 1591 500 quingentos
1620 460 1748 488 num-

121 537 219 566 mos
234 537 416 566 aureos.
440 523 693 575 Speramus
714 529 868 562 tamen
887 521 977 560 cito
1000 521 1045 560 in
1067 520 1312 571 pristinam
1330 520 1527 559 salutem
1550 519 1747 569 restitui,

118 603 162 636 et
185 597 327 636 multo
348 597 483 646 plura
504 596 576 635 his
597 594 815 634 tribuere.

197 666 392 717 Reliqua
414 666 598 706 silentio
620 671 880 717 praetereo:
906 669 951 703 at
974 674 1058 703 nos
1087 673 1248 702 omnes
1271 662 1344 701 hic
1372 667 1498 701 recte
1520 661 1747 700 valemus:

120 738 434 789 unusquisque
456 738 698 789 praeclare
720 747 804 776 suo
827 734 977 775 officio
994 733 1218 785 fungitur:
1243 733 1514 773 scholastici
1535 744 1629 772 non
1659 743 1748 771 me-

120 809 265 850 diocri
282 809 538 860 diligentia,
562 807 787 859 profectu,
808 818 863 846 ac
881 806 1110 857 exempIO,
1131 804 1243 844 dant
1261 815 1452 855 operam
1469 803 1632 844 literis:
1652 809 1750 843 tum

120 886 163 920 et
190 880 368 928 Patres,
398 879 529 930 juxta
561 879 729 919 virium
759 884 993 927 naturam,
1024 875 1214 927 quilibet
1250 875 1446 925 laborat,
1481 874 1601 925 (aliis
1629 874 1748 914 enim

120 951 322 1001 omissis)
343 952 459 990 alter
482 962 643 990 eorum
665 950 807 989 semel
829 948 1070 989 cuiusdam
1092 947 1294 988 hominis
1322 946 1560 986 sarcinam
1587 957 1751 998 pecca-

121 1032 272 1062 torum
293 1034 376 1074 per
397 1022 740 1062 confessionem
766 1021 959 1070 audiuit,
984 1019 1114 1060 cuius
1144 1030 1341 1058 onrem
1372 1018 1630 1057 maleuolus
1658 1017 1751 1068 qui—

121 1093 228 1133 dam
248 1100 483 1144 rapuerat,
515 1104 605 1144 qua
638 1098 928 1144 recuperata,
959 1090 1229 1131 Valentiam
1261 1101 1310 1129 se
1342 1089 1535 1140 recepit,
1568 1088 1649 1128 sed
1677 1088 1752 1127 ille

119 1171 223 1215 post
245 1176 325 1204 eos
346 1164 433 1204 iter
455 1164 686 1215 arripiens
702 1163 950 1204 Valentiae
966 1161 1154 1213 reperit,
1175 1172 1337 1201 eorum
1352 1160 1480 1200 viam
1499 1165 1543 1199 et
1564 1160 1753 1199 ianuam

121 1242 260 1275 noctu
279 1235 621 1286 frequentabat,
646 1245 783 1286 quem
799 1235 917 1274 alter
936 1234 1127 1273 moleste
1144 1232 1315 1283 ferens,
1334 1232 1405 1271 bis
1421 1237 1502 1271 aut
1524 1237 1594 1270 ter
1611 1241 1753 1270 manu

121 1314 302 1346 armata
338 1318 447 1346 ense
478 1305 745 1357 evaginato,
779 1305 924 1345 voluit
960 1304 1226 1353 confodere,
1261 1310 1471 1353 tempore
1498 1308 1542 1342 et
1574 1302 1676 1341 loco
1707 1301 1755 1340 id

120 1377 523 1428 persuadentibus3
555 1382 692 1417 antea
719 1388 831 1417 vero
859 1388 909 1416 se
938 1376 997 1416 ad
1026 1376 1214 1416 Patrem
1237 1374 1447 1423 contulit,
1478 1373 1752 1426 perturbato

121 1449 277 1488 animo
302 1448 487 1498 dicens,
521 1460 570 1488 se
598 1459 692 1488 non
718 1459 855 1499 posse
882 1447 1137 1498 continere,
1172 1447 1282 1499 quin
1307 1446 1363 1486 de
1394 1458 1446 1486 eo
1475 1444 1754 1497 supplicium

120 1519 321 1571 propriis
342 1519 557 1559 manibus
578 1524 795 1558 sumeret.
819 1518 958 1558 Pater
976 1530 1088 1558 vero
1108 1529 1213 1558 eum
1230 1517 1467 1558 hominem
1483 1515 1751 1565 accersiuit,

121 1602 256 1642 quem
278 1590 338 1630 ad
359 1589 703 1630 confessionem
722 1589 1014 1642 prouocauit,
1035 1589 1111 1641 qui
1133 1596 1177 1629 et
1198 1588 1325 1629 Patri
1352 1587 1490 1629 fidem
1519 1586 1754 1639 praestitit

122 1662 309 1702 omnino
329 1661 457 1701 viam
478 1673 639 1701 eorum
660 1672 754 1701 non
774 1661 1046 1712 praeterire,
1073 1666 1212 1713 atque
1232 1660 1468 1700 sublatum
1489 1664 1559 1699 est
1575 1658 1754 1710 pericu-

123 1735 215 1773 lum
235 1732 452 1772 interitus
472 1732 715 1784 Vtriusque
737 1738 781 1772 et
803 1732 979 1772 vxoris.
1013 1731 1132 1772 Tum
1151 1743 1266 1771 vero
1288 1731 1344 1771 de
1365 1730 1570 1782 quadam
1598 1729 1753 1769 mulie-

123 1816 187 1854 re,
212 1815 331 1855 quae
352 1803 506 1843 virum
526 1814 662 1843 suurn
682 1803 740 1843 ab
763 1804 853 1843 alio
874 1802 1051 1843 fecerat
1071 1802 1284 1852 interfici,
1308 1807 1458 1842 mater
1488 1800 1755 1851 interempti

126 1874 248 1926 apud
266 1873 469 1926 judicem
490 1874 746 1914 vindictam
768 1874 1094 1914 incunctanter
1117 1873 1400 1924 postulabat,
1425 1884 1517 1912 non
1540 1872 1638 1911 sine
1661 1882 1754 1911 ma-

121 1956 215 1995 gna
237 1946 309 1985 sui
329 1945 472 1985 animi
501 1945 698 1996 iactura,
728 1952 773 1985 et
802 1945 919 1985 alter
950 1944 1282 1994 confessarius,
1308 1956 1366 1984 ex
1386 1944 1577 1992 nostris,
1602 1955 1628 1982 a
1650 1953 1752 1994 pro-

122 2017 271 2066 posito
292 2016 525 2067 evocauit,
549 2016 682 2056 cuius
702 2028 931 2068 persuasu
952 2017 1150 2056 crimina
1167 2015 1395 2067 deposuit,
1421 2021 1465 2055 et
1485 2014 1755 2066 frequenter

123 2087 276 2127 facere
303 2087 479 2127 statuit.
509 2087 722 2128 Alteram
751 2092 997 2138 praeterea
1024 2086 1083 2128 ad
1114 2087 1355 2139 proprium
1382 2086 1536 2126 virum
1555 2085 1666 2125 fecit
1686 2097 1754 2125 re-

122 2165 321 2210 uertere,
346 2170 464 2210 quae
490 2170 573 2210 per
602 2160 758 2210 plures
786 2170 935 2199 annos
965 2170 1071 2199 cum
1101 2159 1191 2199 alio
1213 2157 1439 2198 effrenata
1461 2157 1660 2205 vixerat,
1696 2157 1754 2196 ei-

123 2230 318 2281 demque
347 2229 475 2269 Patri
504 2230 603 2270 sine
633 2241 765 2270 mora
792 2236 989 2281 peccata
1016 2230 1242 2270 narrauit:
1275 2229 1416 2269 aliam
1446 2228 1606 2269 itidem
1633 2227 1755 2268 idem

125 2300 260 2340 Pater
280 2300 533 2341 foeminam
545 2300 729 2352 jurgiis,
748 2301 930 2342 iniuriis
948 2308 1088 2353 atque
1104 2301 1379 2341 verberibus
1396 2301 1487 2340 viri
1506 2299 1755 2351 fatigatam

123 2371 316 2422 solatur,
340 2383 477 2423 quem
498 2372 592 2412 iam
619 2372 882 2424 relinquere
909 2378 1235 2424 proposuerat,
1266 2371 1356 2412 nisi
1383 2370 1536 2411 Patris
1559 2370 1754 2411 consilio

124 2442 432 2494 resipisceret,
457 2443 595 2483 modo
617 2454 731 2483 vero
753 2443 950 2494 singulis
972 2442 1218 2483 dominicis
1238 2442 1400 2482 diebus
1422 2441 1482 2482 ad
1502 2441 1755 2482 confessio-

124 2525 228 2553 nem
249 2513 446 2554 accedit:
469 2513 516 2553 in
537 2513 608 2553 his
629 2525 743 2554 sane
765 2519 905 2566 atque
927 2514 973 2554 in
993 2514 1098 2554 aliis
1124 2513 1170 2554 id
1199 2524 1349 2565 genus
1370 2513 1528 2553 multis
1549 2512 1753 2563 (Christo

121 2583 326 2636 auspice)
349 2583 388 2624 is
409 2583 547 2624 Pater
577 2590 810 2636 versatus,
834 2584 972 2625 modo
1002 2584 1049 2625 in
1070 2583 1330 2635 sacrificiis,
1361 2596 1484 2624 nunc
1505 2584 1752 2624 exhortan-

121 2655 196 2705 do,
218 2665 342 2694 nunc
363 2654 411 2694 in
429 2661 836 2696 sacramentorum
857 2656 1173 2707 poenitentiae
1199 2667 1254 2696 ac
1277 2654 1604 2696 Eucharistiae
1624 2655 1753 2695 mini-

122 2725 278 2766 sterio.

202 2795 296 2836 Nec
331 2796 377 2837 id
410 2797 593 2837 silentio
627 2798 907 2849 praeteribo,
943 2798 1068 2849 quod
1097 2797 1250 2839 Patris
1285 2798 1494 2839 eiusdem
1527 2797 1753 2838 beneficio

122 2867 333 2918 contigit,
355 2878 536 2908 summa
559 2869 682 2908 enim
709 2880 804 2909 non
832 2880 996 2921 parua,
1026 2870 1168 2909 multo
1199 2875 1306 2909 ante
1327 2869 1498 2920 debita,
1530 2868 1753 2910 creditori

117 2936 304 2978 ‘reddita
327 2946 412 2979 est.
436 2938 555 2979 Tum
579 2950 693 2979 vero
715 2939 989 2981 adolescens
1020 2940 1280 2981 concubina
1302 2939 1554 2991 inuolutus,
1577 2940 1750 2992 praesi—
