2028 3328
833 98 914 134 AN.
948 98 1038 134 1554
1692 102 1755 138 120

805 583 1090 638 OCCXXI

197 857 245 893 P.
269 855 448 893 Marcus
468 855 625 902 Jorge‚

245 920 313 959 Ex
338 921 661 959 commissione
681 920 826 958 Patris
848 919 1078 957 Michaelis
1099 920 1153 957 de
1173 920 1366 962 Bairros,

293 987 414 1025 Patri
433 986 603 1035 Ignatio
620 986 673 1023 de
693 986 877 1033 Loyola.

341 1052 501 1097 Ebora,
521 1053 545 1089 3
563 1051 840 1099 Septembris
863 1051 953 1088 1554
974 1051 999 1088 ¹,

904 1239 1033 1326 Iegus

206 1478 475 1519 Admodum
495 1478 598 1519 R.d‘³
629 1480 675 1519 in
697 1479 884 1519 Christo
906 1478 1062 1519 Pater.

207 1549 372 1591 Gratia
395 1558 439 1591 et
462 1561 595 1591 amor
615 1550 805 1590 Domini
826 1551 974 1590 nostri
994 1550 1106 1603 Jesu
1127 1549 1300 1591 Christi
1318 1550 1493 1590 habitet
1516 1562 1698 1602 semper
1721 1551 1767 1589 in

129 1622 297 1662 animis
317 1622 507 1663 nostris.
531 1621 699 1662 Amen.

208 1693 442 1744 Quoniam
459 1706 517 1734 ex
538 1693 869 1745 quadrimestri
891 1694 1043 1745 spatio
1066 1694 1297 1745 superiori
1319 1705 1469 1745 pauca
1499 1705 1548 1733 se
1571 1693 1686 1733 mihi
1711 1694 1767 1733 ad

131 1775 190 1814 tc,
216 1764 317 1805 the.
348 1764 414 1813 P.,
436 1765 683 1805 scribenda
701 1764 914 1815 offerunt,
939 1777 1032 1805 non
1054 1777 1134 1805 ero
1155 1765 1202 1805 in
1220 1766 1307 1805 hac
1326 1765 1522 1815 epistola
1540 1765 1765 1817 prolixus.

130 1834 366 1887 Principio
388 1836 579 1876 scholae
610 1842 815 1887 nostrae,
845 1835 934 1876 Dei
968 1836 1073 1888 Opt.
1111 1836 1237 1876 Max.
1268 1836 1509 1886 beneficio,
1547 1836 1594 1876 in
1622 1836 1770 1875 solitis

130 1907 227 1948 suis
249 1907 665 1948 exercitationibus
700 1913 1021 1959 perseuerant,
1055 1913 1154 1948 tum
1184 1907 1441 1957 literarum,
1467 1914 1565 1947 tum
1588 1918 1770 1947 morum

130 1978 435 2030 integritati53
460 1990 584 2027 nam,
608 1984 742 2019 extra
764 1979 1067 2031 quotidianas
1087 1979 1335 2028 lectiones,
1361 1979 1408 2018 in
1426 1978 1655 2019 classibus
1681 1978 1770 2018 sin-

130 2050 253 2100 gulis
269 2050 510 2102 agitantur
531 2051 692 2091 diebus
712 2052 929 2092 sabbathi
945 2052 1286 2103 disputationes
1304 2051 1535 2102 priuatae,
1555 2049 1770 2102 publicae

130 2133 244 2162 uero
265 2122 416 2173 primo
438 2133 622 2174 quoque
643 2122 716 2163 die
737 2123 955 2164 sabbathi
984 2123 1215 2163 mensium
1243 2123 1552 2173 singulorum,
1583 2133 1674 2174 quo
1697 2121 1771 2161 die

132 2193 403 2233 scholastici
425 2205 586 2234 omnes
599 2194 645 2234 in
662 2194 915 2246 quamdam
932 2195 1049 2235 satis
1066 2195 1270 2245 amplam
1293 2194 1450 2234 aulam
1469 2193 1768 2234 conueniunt.

134 2264 289 2317 Atque
311 2264 372 2304 ad
392 2265 514 2305 hanc
534 2265 600 2305 illi
614 2266 932 2306 celebritatem
955 2266 1156 2306 maxime
1174 2278 1223 2305 se
1240 2270 1535 2317 comparant,
1556 2270 1653 2304 tum
1672 2276 1772 2305 ora-

133 2336 368 2387 tiunculis,
406 2341 504 2377 tum
539 2337 824 2377 carminibus
854 2337 1083 2378 instructi.
1123 2337 1173 2377 In
1203 2348 1258 2377 eo
1281 2342 1531 2385 conuentu,
1564 2336 1664 2387 qui,
1697 2348 1774 2375 au-

133 2413 273 2458 gusto
290 2407 493 2456 ineunte,
518 2408 781 2449 celebratus
802 2415 896 2459 est,
921 2408 1079 2448 audiui
1096 2419 1184 2459 ego
1201 2409 1451 2448 nonnullas
1471 2408 1773 2448 scholastico-

135 2490 240 2519 rum
260 2479 596 2530 oratiunculas,
621 2491 740 2532 quae
763 2481 968 2520 animum
992 2480 1051 2520 ad
1069 2479 1279 2531 agendas
1310 2479 1411 2520 Deo
1441 2480 1622 2531 gratias
1654 2481 1778 2521 exci-

136 2556 306 2590 tarent.
329 2549 506 2592 Earum
526 2551 724 2592 materia
745 2552 862 2592 haec
894 2556 1014 2592 erat:
1053 2562 1192 2603 quarn
1214 2551 1463 2602 diligenter
1503 2563 1553 2592 se
1582 2564 1779 2604 praepa-

137 2633 245 2661 rare
265 2621 480 2673 debeant,
505 2623 583 2674 qui
603 2622 662 2663 acl
683 2628 1039 2663 sacrosanctam
1061 2622 1280 2674 synaxim
1303 2623 1558 2674 accedunt,
1584 2636 1676 2676 quo
1698 2624 1794 2673 ita„

92 2702 94 2705 ·
138 2698 187 2732 ut
208 2704 295 2744 par
316 2699 400 2744 est,
429 2699 612 2734 tantum
645 2700 995 2735 sacramentum
1024 2694 1285 2745 accipiant;
1319 2695 1481 2744 quanti
1510 2695 1777 2735 faciendum

138 2774 306 2804 sacrae
327 2764 637 2805 confessionis
654 2770 1003 2805 sacramentum
1020 2764 1300 2817 diuinaeque
1318 2766 1386 2806 rei
1405 2765 1569 2818 (quam
1588 2767 1782 2806 missam

142 2952 144 2954 ,
196 2923 208 2944 ‘¹
248 2925 498 2960 Autographnc
515 2926 546 2953 in
563 2925 687 2960 duplici
704 2926 794 2960 solio,
823 2926 930 2960 primo
943 2927 1004 2954 sub
1021 2934 1054 2953 n.
1071 2927 1136 2962 496,
1148 2928 1258 2954 altero
1272 2935 1354 2955 vero
1368 2935 1432 2956 non
1447 2936 1635 2957 numerato.

335 2984 385 3020 Τ.
408 2996 463 3022 111.
1554 3001 1573 3034 ‘J
