2028 3328
832 150 916 188 AN.
948 150 1038 188 1555
1680 151 1746 187 751

196 248 407 300 Quinque
429 248 474 288 in
496 247 777 288 Societatem
799 237 975 298 recepti
1007 252 1129 295 sunt,
1164 246 1283 285 inter
1305 257 1421 297 quos
1443 246 1527 286 suit
1558 247 1749 297 quidam

116 320 360 371 Vtriusque
394 319 507 359 iuris
542 319 819 368 licentiatus,
856 317 981 369 quod
1014 317 1197 368 publice
1228 316 1275 356 in
1309 317 1397 356 hac
1432 316 1749 357 Uniuersitatc

118 390 436 441 profitebatur,
460 397 690 442 natusque
711 395 780 430 est
800 389 1076 429 vicesimum
1097 388 1309 438 quintum
1331 399 1525 438 annum,
1560 388 1751 439 ingenio

117 462 311 513 pollens.
337 461 521 502 Caeteri
542 472 655 501 uero
677 467 784 501 sunt
805 460 971 500 litteris
994 465 1038 499 et
1058 459 1310 498 virtutibus
1333 459 1444 510 apti.

200 532 467 572 Canonicus
489 532 677 584 quidam
700 532 836 572 huius
856 530 1062 571 ciuitatis
1084 529 1404 581 spiritualibus
1421 530 1659 569 exercitiis
1677 542 1752 569 ex-

122 603 274 643 cultus
297 611 380 652 est,
412 603 490 654 qui
519 613 741 653 magnam
770 602 826 642 de
857 613 906 642 se
938 600 1310 641 aedificationem
1338 601 1508 651 populo
1542 601 1751 650 praebet,

119 680 163 713 et
184 673 407 714 Societati
430 674 584 714 vtilior
606 675 749 714 multo
772 673 884 714 foris
904 678 973 713 est
995 683 1135 724 quam
1153 672 1192 711 si
1212 671 1336 711 domi
1358 677 1584 711 maneret.

201 744 332 784 Haec
354 745 496 795 igitur
518 751 638 796 sunt,
662 744 802 785 Pater
822 750 982 784 noster
1005 743 1304 792 charissime,
1330 753 1447 794 quae
1469 742 1515 781 in
1537 753 1752 793 praesen-

121 816 291 855 tiarum
319 815 377 855 ad
406 824 450 855 te
482 816 730 856 scribenda
762 827 864 856 sese
892 814 1106 854 offerunt.
1140 813 1322 854 Obnixe
1343 813 1543 864 petimus
1578 818 1626 852 ut
1663 813 1754 853 tuis

120 886 410 926 orationibus
427 898 567 937 quam
584 886 1069 927 commendatissimos
1087 896 1194 925 cum
1213 884 1429 924 Patribus
1452 896 1507 924 ac
1530 883 1755 923 fratribus

120 957 259 997 isthic
280 956 555 1007 degentibus
582 970 667 997 nos
696 957 868 997 ‘nabere
889 957 1022 1006 velis,
1055 961 1106 996 vt
1131 955 1259 995 Deus
1291 955 1491 1006 optimus
1519 954 1756 994 maximus

122 1027 256 1068 nobis
276 1028 479 1078 gratiam
508 1028 751 1079 largiatur,
782 1039 872 1079 qua
893 1039 1028 1067 suam
1056 1027 1347 1066 Voluntatem
1369 1037 1555 1077 semper
1584 1025 1756 1065 sentia-

124 1110 227 1139 mus
248 1099 553 1150 eamdemque
580 1106 745 1139 exacte
767 1098 1078 1150 perficiamus.

204 1169 431 1219 Gramma,
455 1170 603 1221 pridie
626 1170 858 1210 Calendas
879 1169 1107 1222 januarii,
1127 1168 1266 1208 Anno
1284 1167 1474 1208 Domini
1495 1167 1596 1208 nati
1612 1167 1756 1207 mille—

125 1242 242 1282 simo
264 1240 637 1292 quingentesimo
659 1240 1047 1292 quinquagesimo
1071 1244 1221 1279 sexto.

285 1312 413 1352 Tuae
434 1311 734 1352 Paternitatis

340 1383 559 1423 minimus
580 1383 627 1422 in
648 1382 850 1422 Domino
872 1381 1008 1432 filius,

208 1455 279 1495 Ex
300 1454 631 1494 commissione
652 1453 804 1493 Patris
826 1453 976 1492 nostri
997 1451 1179 1501 Basilii,

1189 1595 1216 1641 †
1244 1593 1490 1634 NAUARRO.
1522 1595 1549 1641 †

210 1809 562 1863 Superscrl'ptz'o
583 1809 632 1848 ln
654 1812 827 1860 quarta
842 1808 1050 1859 pagina:
1067 1807 1182 1861 Jhs.,
1201 1806 1262 1847 Al
1283 1818 1394 1857 muy
1415 1804 1518 1845 R.d0
1543 1817 1601 1845 en
1619 1804 1758 1845 Chro.

128 1883 200 1923 P.e
222 1889 415 1923 nuestro
438 1885 478 1923 el
499 1883 571 1923 Re
595 1881 679 1921 M.0
700 1880 897 1931 Ignatio‚
921 1879 1163 1930 Preposito
1184 1878 1378 1928 general
1406 1876 1462 1916 de
1489 1877 1535 1915 la
1556 1875 1745 1927 Comp.a

127 1955 185 1995 de
207 1954 311 2005 ihs,
336 1966 393 1994 en
414 1954 578 1994 Roma.

208 2026 279 2066 En
300 2025 465 2065 Roma.

209 2096 321 2136 Alia
338 2108 500 2136 mann:
521 2094 636 2135 1556.
656 2094 882 2134 Granata.
905 2092 1285 2144 Quadrimestres
1301 2090 1452 2130 Vltimi
1467 2089 1762 2130 Decembris,

225 2167 487 2218 Vestigium
509 2177 640 2206 cerae
661 2164 833 2215 sigilli.
