2028 3328
172 140 243 177 362
688 136 916 173 LITTERAE
934 143 1291 176 QUADRIMESTRES

256 234 609 287 Superscrt'ptio
630 233 679 272 in
701 231 878 272 decima
895 234 1036 270 sexta
1052 229 1259 281 pagina:
1275 232 1302 275 †
1324 228 1379 268 Al
1397 238 1507 277 muy
1524 224 1625 265 R.d0
1646 236 1704 265 en
1724 224 1807 265 X.0

175 307 325 348 Padre
347 307 387 347 el
408 305 457 346 P.
481 305 737 346 Francisco
761 303 914 352 Boria,
939 301 1226 342 Comissario
1247 298 1440 349 general
1466 297 1522 337 de
1543 297 1586 336 la
1610 295 1808 346 Compa-

176 379 256 418 fiia
277 377 334 418 de
354 378 480 431 Jesu,
504 388 560 416 en
582 376 786 427 Espana.

258 449 370 490 Alia
392 459 554 488 mama·
575 446 645 487 De
667 445 936 486 Cohimbra.

874 867 1211 925 OGCLXVI

255 1102 520 1139 Ambrosius
544 1101 780 1137 l'ullicinus

302 1167 423 1204 Patri
446 1166 611 1213 ignatio
633 1166 685 1201 de
707 1164 889 1211 Loyola.

374 1231 595 1275 Ferraria,
620 1230 664 1267 18
684 1230 851 1277 Aprilis
872 1229 964 1265 1555
982 1229 1007 1263 ¹.

948 1384 1046 1460 1155

263 1587 427 1627 Gratia
450 1592 492 1626 et
514 1597 607 1636 pax
624 1584 812 1625 Domini
834 1583 982 1624 nostri
1001 1583 1113 1635 Jesu
1138 1581 1312 1623 Christi
1344 1580 1487 1621 corda
1508 1584 1670 1619 nostra
1700 1589 1819 1618 sem-

185 1669 269 1709 per
288 1658 459 1698 foueat.
483 1656 650 1696 Amen.

265 1727 410 1779 Quae,
436 1728 533 1768 R.d<³
569 1729 613 1768 in
636 1728 822 1768 Christo
844 1726 998 1776 Pater,
1023 1726 1096 1765 his
1117 1723 1537 1777 quadrimestribus
1559 1721 1820 1771 contigere,

184 1800 302 1840 haec
318 1805 439 1840 sunt.
457 1799 556 1840 Non
579 1799 760 1839 modice
776 1798 916 1838 Dnam
933 1797 1070 1837 M.tem
1087 1804 1356 1836 nostrorum
1371 1795 1565 1835 Patrum
1586 1792 1825 1832 laboribus

185 1883 318 1911 usam
340 1871 491 1920 uideo,
513 1871 682 1922 quippe
701 1882 819 1922 quae
841 1870 907 1910 sic
929 1881 1009 1909 eos
1031 1867 1295 1909 exercuerit
1313 1872 1357 1907 et
1373 1870 1559 1906 exercet
1581 1865 1628 1905 in
1645 1863 1823 1903 confes-

186 1942 414 1993 sionibus,
463 1949 511 1982 ut
550 1942 630 1982 uix
672 1941 924 1992 aliquando
964 1946 1164 1992 quatuor
1205 1939 1425 1990 (quorum
1471 1942 1540 1976 est
1585 1933 1823 1983 numerus)

186 2014 391 2053 omnium
419 2013 663 2053 desideriis
697 2011 972 2052 satisfacere
1000 2010 1255 2063 potuerint3
1293 2016 1480 2061 praeter
1515 2007 1638 2047 enim
1672 2005 1824 2057 quoti-

185 2084 350 2124 dianas
372 2085 704 2135 confessiones,
728 2084 862 2124 multi
889 2095 1072 2135 quoque
1108 2082 1167 2122 ad
1202 2092 1283 2121 eos
1312 2079 1603 2130 confugiunt,
1628 2077 1722 2129 qui,
1746 2088 1822 2128 pa-

187 2156 392 2196 storibus
413 2156 642 2196 contactis
659 2155 871 2207 repertis,
891 2155 949 2195 ab
966 2153 1309 2195 insatiabilibus
1325 2152 1446 2203 lupis
1464 2150 1648 2201 agitati,
1666 2159 1823 2188 erran-

187 2227 261 2276 do,
286 2232 509 2278 tanquam
526 2226 584 2266 ad
606 2227 727 2267 ouile
755 2226 1054 2276 diuertentes‚
1079 2225 1273 2265 comiter
1309 2223 1367 2263 ad
1402 2227 1615 2261 sanctam
1646 2219 1823 2259 confes-

189 2298 366 2337 sionem
383 2303 427 2337 et
447 2298 637 2338 Domini
659 2308 855 2338 coenam
875 2297 1193 2348 accipiuntur3
1231 2300 1275 2334 et
1308 2294 1373 2334 illi
1409 2304 1502 2332 non
1537 2291 1823 2331 mediocrem

189 2368 392 2408 fructum
432 2370 528 2409 suis
561 2369 808 2409 animabus
838 2368 1051 2408 afferunt.
1093 2366 1213 2407 Nam
1248 2366 1312 2406 illi
1351 2376 1445 2404 non
1466 2363 1610 2403 semel
1643 2367 1824 2401 tantum

190 2439 402 2479 confiteri
423 2451 724 2489 consueuere,
754 2439 835 2480 sed
856 2439 1030 2491 pluries
1066 2438 1188 2479 idem
1224 2441 1572 2477 sacramentum
1612 2433 1822 2484 frequen-

190 2514 306 2549 tare.
330 2509 547 2550 Nonnulli
568 2511 710 2550 etiam
731 2516 839 2550 sunt
859 2510 1076 2560 confessi,
1100 2509 1194 2561 qui,
1218 2508 1328 2548 dum
1344 2507 1609 2547 animarum
1631 2514 1824 2544 suarum

192 2581 389 2619 salutem
406 2581 628 2631 sitientes,
652 2581 967 2632 poenitentiae
988 2581 1097 2621 uino
1119 2579 1342 2619 inebriari
1363 2582 1602 2629 expetunt,
1633 2575 1693 2614 ad
1715 2585 1825 2614 suos

195 2650 431 2691 ministros
453 2663 501 2691 se
523 2653 832 2703 conferentes,
873 2651 1060 2702 (nefasl)
1087 2651 1324 2702 repulsam
1356 2648 1592 2700 accipiunt
1619 2657 1704 2686 nec
1733 2645 1824 2685 ullo

194 2732 399 2772 unquam
419 2728 556 2773 pacto
578 2724 641 2762 illi
677 2723 850 2773 (nescio
873 2735 933 2763 an
952 2734 1133 2762 ueneno
1161 2721 1321 2762 infecti
1352 2719 1557 2771 uipereo)
1585 2717 1823 2770 poeniten-

251 2904 259 2923 ¹
299 2904 559 2940 Autographae,
576 2906 701 2940 duplici
717 2907 749 2933 in
764 2906 856 2940 folio,
872 2907 981 2941 primo
1002 2913 1033 2934 n.
1049 2906 1111 2940 155,
1128 2907 1251 2938 altero,
1270 2905 1363 2939 eujus
1387 2903 1481 2938 prior
1495 2901 1622 2936 pagina
1637 2899 1745 2928 nitida
1761 2901 1822 2931 est,

199 2959 264 2978 non
280 2956 469 2979 numerato.
