2028 3328
862 101 946 137 AN.
977 100 1068 137 1554
1738 101 1783 136 77

142 200 483 242 ecclesiasticis
514 198 744 240 iudicibus
778 197 1095 238 dissensiones
1131 202 1238 236 sunt
1269 195 1703 247 frequentissimae,
1741 206 1783 236 ct

138 273 362 312 dirimere
385 278 429 312 et
450 272 611 312 tollere
633 269 775 310 etiam
804 268 930 308 omni
953 274 1112 307 nostro
1140 273 1313 307 conatu
1343 267 1661 306 elaboramus.
1694 266 1784 306 Do-

140 344 330 384 minicis
352 349 508 384 autem
530 341 692 382 diebus
714 351 768 380 ac
790 340 922 380 festis
953 339 1147 379 uisitant
1178 338 1331 378 nostri
1356 337 1535 378 fratres
1565 338 1785 389 hospitia,

142 414 462 464 xenodochia,
486 423 722 462 carceres3
746 410 1048 461 infirmosque
1076 421 1160 449 suo
1191 409 1335 460 obseq
1348 409 1425 448 uio
1454 408 1787 448 exhortationi-

142 484 230 526 bus
247 491 386 536 atque
402 483 771 525 confessionibus
789 481 1040 533 plurimum
1057 480 1217 521 fouere
1235 491 1290 520 ac
1314 479 1580 519 refocillare
1598 491 1787 519 consue-

145 562 328 597 uerunt.
355 556 494 608 Apud
515 556 618 596 illos
639 560 815 604 autem,
846 553 926 605 qui
955 553 1003 593 in
1041 552 1227 604 publica
1267 551 1533 592 detinentur
1562 550 1788 599 custodia,

144 627 344 678 singulis
378 626 624 667 dominicis
659 624 827 666 diebus
863 623 1137 664 concionari
1172 624 1348 674 solent,
1385 633 1722 673 nonnunquam
1745 622 1791 661 in

146 699 263 739 locis
285 710 468 750 quoque
501 695 872 747 circumuicinis,
897 701 947 735 ut
979 693 1096 735 adeo
1128 694 1175 734 in
1191 693 1467 746 prostibulis
1489 692 1602 744 ipsis
1620 703 1792 743 magno

145 780 255 810 cum
274 769 459 809 feruore
481 769 674 820 spiritus
694 767 877 820 publice
898 772 948 806 ut
971 766 1144 816 cuncti,
1172 764 1445 805 huiusmodi
1467 775 1609 815 opera
1637 764 1793 803 viden-

148 848 233 889 tes,
264 840 416 881 Deum
444 840 633 880 Patrem
662 837 926 891 glorificare
963 838 1215 878 coelestem
1256 842 1511 887 cogantur,
1543 835 1796 875 conciones

149 912 313 952 haberi
334 913 499 952 solent.
524 910 802 953 Scholastici
825 921 957 957 uem,
982 909 1060 961 qui
1090 908 1149 949 ad
1182 908 1433 959 collegium
1454 912 1669 947 nostrum
1695 912 1788 946 stu-

147 984 336 1024 diorum
370 995 514 1023 causa
549 981 774 1023 accedere
809 986 1178 1030 consueuerunt,
1226 979 1513 1020 christianae
1548 978 1791 1018 doctrinae

150 1056 272 1095 lacte
294 1055 574 1105 educantur,
606 1052 1012 1103 confessionisque
1042 1062 1209 1091 sacrae
1242 1051 1416 1102 butyro
1447 1055 1587 1101 atque
1615 1048 1797 1090 Eucha—

154 1126 318 1166 ristiae
336 1125 573 1175 coelestis,
595 1130 640 1165 et
656 1123 829 1176 priuati
845 1122 1103 1174 spiritualis
1125 1121 1347 1174 colloquii
1364 1122 1499 1161 melle
1512 1120 1796 1170 nutriuntur,

148 1209 241 1249 quo
264 1196 311 1237 fit
332 1202 381 1237 ut
403 1204 446 1237 et
477 1196 741 1248 frequentia
759 1206 920 1235 eorum
943 1194 1000 1234 sit
1029 1194 1204 1244 maior,
1229 1200 1274 1233 et
1306 1193 1537 1233 bonarum
1557 1192 1799 1232 literarum

149 1269 237 1320 ipsi
259 1275 398 1320 atque
420 1268 647 1308 uirtutum
668 1267 818 1307 maius
838 1267 884 1306 in
907 1266 1007 1306 dies
1041 1265 1386 1305 incrementum
1414 1264 1693 1315 suscipiant;
1728 1275 1796 1303 so-

151 1341 276 1380 lutae
297 1339 528 1391 siquidem
552 1338 561 1357 ¹
582 1337 782 1378 orationi
801 1348 896 1377 non
919 1337 1092 1387 solum,
1119 1335 1201 1376 sed
1232 1342 1275 1376 et
1308 1335 1588 1386 theologicis
1616 1346 1798 1386 quoque

150 1411 300 1451 literis
332 1410 559 1462 proximis
586 1409 716 1450 hisce
747 1409 909 1449 diebus
938 1408 1138 1459 insignis
1167 1407 1298 1447 facta
1328 1414 1399 1447 est
1431 1406 1656 1446 accessio.
1680 1406 1800 1447 Nam

151 1488 400 1534 postquam
421 1481 747 1522 conclusiones
761 1472 930 1520 ⁴haberi
952 1485 1224 1531 coeperant,
1256 1489 1375 1530 quae
1404 1478 1607 1528 singulis
1637 1477 1801 1517 diebus

150 1559 258 1594 octo
294 1553 341 1593 in
371 1559 533 1593 nostro
563 1552 772 1603 Collegio
808 1551 1060 1602 habentur,
1100 1557 1198 1591 tam
1232 1550 1451 1590 externis
1488 1549 1798 1597 scholasticis,

152 1625 234 1677 qui
254 1625 395 1675 longe
417 1624 636 1664 libentius
659 1623 847 1664 scholas
870 1622 1171 1675 frequentant
1188 1628 1398 1671 nostras,
1420 1632 1561 1672 quam
1576 1620 1801 1661 fratribus

154 1696 345 1746 nostriS,
369 1706 544 1746 magno
567 1706 684 1735 sane
704 1701 812 1734 sunt
833 1694 953 1734 usui.

237 1767 373 1808 Nunc
396 1779 531 1817 uero,
564 1773 813 1818 postquam
842 1766 898 1805 de
935 1765 1205 1806 domesticis
1240 1764 1379 1804 rebus
1414 1769 1621 1804 tractare
1642 1762 1800 1813 incipi-

156 1850 283 1890 mus,
307 1839 460 1890 primo
482 1838 671 1889 quidem
699 1836 857 1877 diuina
884 1837 1041 1888 gratia
1070 1847 1233 1876 omnes
1260 1841 1391 1876 recta
1420 1835 1596 1875 utimur
1626 1834 1800 1874 ualetu-

154 1910 288 1961 dine,
312 1909 529 1961 quamuis
564 1908 728 1960 paucis
750 1913 858 1948 ante
887 1907 1050 1948 diebus
1080 1907 1272 1959 quidam
1293 1918 1352 1946 ex
1379 1905 1605 1946 fratribus
1626 1905 1802 1945 nostris

155 1993 249 2022 non
270 1981 387 2021 satis
420 1991 647 2032 prospera
683 1979 755 2019 usi
790 1979 961 2019 fuerint
992 1979 1281 2029 ualetudine,
1306 1978 1426 2018 inter
1448 1988 1565 2029 quos
1592 1976 1676 2016 fuit
1702 1976 1798 2028 qui-

153 2053 266 2093 dam
285 2052 605 2093 Bernardinus
627 2050 640 2069 ²
661 2051 824 2102 Iapon,
850 2049 960 2103 [qui]
992 2050 1177 2101 magnis
1210 2049 1395 2101 quidem
1421 2048 1627 2089 febribus
1656 2054 1796 2099 atque

158 2131 398 2165 meatuum
415 2123 585 2164 iecoris
603 2121 1000 2162 obstructionibus
1017 2122 1268 2172 laborauit;
1288 2132 1452 2161 uerum
1470 2120 1618 2160 solida
1639 2119 1729 2160 fide
1747 2130 1803 2158 ac

157 2197 304 2237 multa
340 2195 570 2235 charitate
606 2193 959 2244 subleuabatur;
993 2199 1124 2233 tanta
1155 2193 1327 2233 etenim
1357 2192 1526 2232 mentis
1554 2190 1800 2231 dulcedine

155 2280 213 2308 ac
235 2267 505 2307 sinceritate
528 2265 633 2306 fidei
649 2265 874 2317 mysteria
895 2265 1030 2305 nobis
1052 2264 1363 2314 edisserebat,
1389 2270 1438 2303 ut
1461 2274 1623 2303 omnes
1652 2262 1699 2302 in
1721 2262 1800 2301 ad-

156 2339 456 2380 mirationem
486 2337 557 2377 sui
595 2336 818 2377 traheret.
856 2337 959 2387 Ego
995 2336 1183 2388 quidem
1219 2336 1435 2386 ingentes
1472 2346 1562 2386 ago
1597 2335 1794 2385 gratias,

156 2410 284 2462 quod
304 2409 603 2450 idololatram
630 2409 938 2460 conuerterit,
963 2415 1007 2449 et
1026 2407 1116 2460 [ex]
1141 2407 1377 2459 antipodis
1398 2406 1496 2446 fere
1519 2406 1635 2446 meis
1660 2406 1802 2446 addu-

157 2482 303 2533 xerit,
327 2493 418 2533 quo
439 2487 485 2521 et
506 2480 748 2532 ignauiam
769 2481 1068 2532 exprobrarit
1096 2491 1251 2519 meam
1272 2485 1315 2519 et
1345 2489 1522 2518 novum
1541 2478 1588 2517 in
1618 2489 1692 2517 me
1714 2477 1806 2517 fer-

156 2565 320 2594 uorem
341 2564 396 2593 ac
419 2551 720 2604 desyderium
741 2551 787 2591 in
809 2551 908 2592 dies
929 2551 1082 2602 magis
1103 2562 1159 2591 ac
1177 2550 1329 2601 magis
1350 2548 1627 2601 proficiendi
1645 2549 1691 2588 in
1709 2549 1803 2589 vir-

155 2624 333 2665 tutibus
380 2623 614 2664 excitarit.
660 2622 778 2663 Cum
819 2623 983 2663 diebus
1031 2621 1261 2674 proximis
1302 2620 1571 2673 praeteritis
1618 2620 1665 2660 in
1713 2619 1803 2659 hoc

155 2701 323 2736 sancto
345 2695 553 2746 Collegio
580 2693 627 2733 13
649 2699 804 2734 essent
830 2694 1060 2745 theologi,
1090 2694 1341 2746 pluresque
1371 2692 1449 2732 alii
1477 2692 1677 2731 aliarum
1711 2696 1807 2731 stu-

218 2882 226 2901 ¹
269 2881 333 2914 Sic,
349 2881 408 2908 sed
424 2880 540 2908 deess‘.²
558 2879 686 2914 aliquid
701 2879 855 2907 videtur.

216 2928 230 2947 ²
268 2929 333 2962 Sic;
350 2933 401 2955 es‘ss
421 2931 533 2956 lamen
552 2927 775 2955 Bwnardus.
