2028 3328
167 157 236 195 108
677 157 906 195 LITTERAE
934 167 1293 201 QUADmMEsTREs

159 253 399 294 coronidis
422 253 525 294 vice
552 254 668 294 haec
691 254 837 294 verba
864 253 1079 295 addebat:
1112 254 1260 295 “haud
1287 255 1495 304 consulo,
1520 255 1632 295 mihi
1654 255 1806 296 credi«

163 332 222 376 te,
247 331 297 365 vt
318 325 392 365 hic
414 325 502 366 hoc
529 326 753 377 temporis
774 325 973 366 articulo
995 325 1329 367 Ecclesiastem
1350 338 1399 367 se
1421 325 1714 378 profiteatur,
1739 326 1808 366 id-

163 408 252 447 que
274 396 332 436 ob
353 397 575 447 rationes,
599 408 717 448 quas
738 396 872 437 vobis
893 397 1241 438 communicare
1262 398 1309 437 in
1324 398 1699 449 praesentiarum
1716 409 1802 438 nec

165 478 281 518 opus
315 479 401 507 nec
436 468 700 507 consultum
732 473 842 517 est„.
868 466 1021 518 Quum
1042 467 1217 509 Cantor
1244 468 1487 509 Ecclesiae
1523 468 1813 509 Parisiensis

164 537 294 589 prius
327 538 399 578 his
434 539 572 578 minis
600 550 688 578 nos
718 545 909 589 terrere,
943 545 987 579 et
1015 540 1072 580 ab
1099 539 1315 580 instituto
1348 551 1573 580 reuocare
1605 546 1813 579 conatus

165 609 344 660 fuisset,
371 610 434 649 “si
452 610 539 650 hoc
558 621 726 650 munus
743 621 866 650 nunc
884 610 1108 662 subeatis,
1128 611 1403 651 Vniuersum
1420 610 1681 662 Collegium
1700 609 1806 651 Sor—

165 680 401 731 bonicum,
424 686 563 732 atque
585 680 701 721 adeo
733 687 935 732 quatuor
965 681 1331 722 mendicantium
1361 682 1549 722 ordines
1579 680 1815 721 aduersus.

166 758 374 791 vestram
406 752 688 792 Societatem
717 752 1055 802 concitabitis„:
1088 764 1243 805 quum,
1276 753 1481 805 inquam,
1506 753 1622 793 haec
1650 753 1809 793 omnia

166 829 468 874 caeteraque,
507 834 627 874 quae
670 823 944 874 praemissis
986 824 1153 865 litteris
1193 825 1465 876 complexus
1505 835 1632 875 sum,
1673 830 1807 875 gesta.

165 901 336 944 essent,
363 906 418 934 ac
452 900 615 945 postea
652 895 709 934 ab
738 894 838 946 ipso
873 896 1099 947 parocho,
1133 895 1237 936 aedi
1264 895 1386 935 Diuo
1415 894 1612 947 Sulpitio
1642 905 1810 934 sacrae

166 965 417 1017 praefect0‚
438 965 678 1006 Cardinali
694 965 959 1007 Turonensi
975 967 1187 1007 subditae
1208 965 1234 1016 ¹,
1253 966 1300 1006 in
1318 966 1552 1007 suburbiis
1573 966 1814 1007 Parisiew

166 1036 294 1076 sibus
315 1047 460 1088 prope
493 1035 746 1077 Abbatiam
773 1036 934 1078 Sancti
960 1037 1184 1078 Germani
1214 1037 1347 1087 sitae,
1378 1038 1613 1089 repulsam
1646 1036 1807 1077 itidem

169 1119 335 1159 passus
370 1119 522 1148 essem
551 1108 659 1148 licet
687 1109 1018 1160 inconspectus
1039 1108 1069 1160 ²3
1100 1109 1331 1149 Dominus
1366 1108 1617 1149 Montanus
1644 1107 1673 1159 ⁵,
1711 1114 1813 1149 tum

167 1178 311 1230 Regis
342 1179 670 1230 Consiliarius‚
703 1179 958 1221 demiratus
985 1187 1082 1221 tam
1111 1191 1281 1221 saeuae
1316 1180 1609 1231 tempestatis
1631 1180 1810 1231 procel-

166 1251 252 1301 las,
287 1250 437 1291 R.¹¹²¹1m
459 1251 745 1303 Episcopum
780 1251 1093 1292 Parisiensem
1124 1250 1138 1269 ⁴
1168 1251 1280 1292 adiit
1314 1251 1588 1292 facultatem
1625 1251 1809 1291 concio-

168 1321 310 1362 nandi
336 1322 383 1362 in
415 1323 530 1362 aede
562 1321 901 1363 Sanctissimae
930 1322 1175 1363 Trinitatis
1203 1323 1318 1364 mihi
1348 1323 1699 1374 impetraturus.
1725 1322 1812 1363 Cui

167 1393 430 1445 Episcopus
456 1394 700 1446 respondit
730 1405 781 1434 se
808 1394 997 1435 minime
1026 1394 1364 1445 permissurum
1385 1394 1518 1434 nobis
1540 1393 1685 1434 diuini
1706 1405 1809 1434 ver-

167 1465 212 1506 bi
244 1465 543 1516 euangelium
578 1477 664 1506 nec
700 1472 1105 1506 sacramentorum
1139 1466 1464 1506 ministerium.
1503 1465 1815 1506 Postmodum

167 1535 306 1577 Pater
335 1536 529 1577 fratrem
562 1543 776 1577 nostrum
803 1536 1049 1578 Morelium
1076 1536 1090 1556 ⁵
1111 1537 1169 1577 ad
1201 1536 1553 1588 suffraganeum
1581 1536 1811 1577 Parisien-

168 1619 266 1648 sem
300 1606 314 1627 ⁶
351 1608 546 1649 adduxit
583 1609 732 1649 sacris
769 1608 1009 1649 ordinibus
1044 1609 1414 1660 insigniendum,
1449 1609 1527 1660 qui
1561 1614 1816 1660 Vtrumque

167 1679 347 1720 remisit
379 1680 439 1721 ad
465 1680 768 1732 Episcopum3
802 1681 881 1733 qui
905 1681 1146 1732 respondit
1169 1687 1360 1721 cautum
1389 1692 1492 1721 esse
1513 1692 1570 1720 ne
1591 1679 1814 1732 Episcopi

167 1762 450 1803 quemquam
472 1752 531 1792 ad
553 1763 718 1792 sacros
736 1751 926 1792 ordines
948 1752 1198 1792 admittant
1215 1752 1391 1804 absque
1412 1752 1545 1792 titulo
1568 1750 1809 1791 beneficia-

139 1862 148 1876 ,
168 1823 237 1862 rio
261 1823 334 1863 vel
355 1822 687 1872 haereditario,
711 1829 901 1875 praeter
921 1823 1046 1863 solos
1068 1823 1434 1864 mendicantium
1451 1835 1506 1863 ac
1529 1823 1816 1874 religionum

168 1895 537 1945 approbatarum
560 1894 766 1935 ordines.
803 1894 888 1936 Cui
917 1894 1166 1935 obiectioni
1193 1893 1423 1935 satisfecit
1452 1894 1606 1945 Pater,
1637 1905 1723 1934 nec
1745 1900 1816 1934 ta->

170 1976 276 2005 men
298 1965 533 2017 Episcopo
555 1966 792 2017 persuasit
819 1965 1094 2017 religionem
1120 1972 1333 2006 nostram
1354 1966 1411 2006 ab
1432 1971 1631 2017 Vtroque
1664 1964 1811 2016 ponti-

169 2035 253 2077 fice
275 2043 484 2077 extremo
505 2036 651 2078 Paulo
682 2043 727 2078 et
746 2036 868 2090 Julio
899 2036 911 2055 ⁷
934 2037 1243 2089 approbatam
1274 2042 1318 2077 et
1346 2036 1670 2077 confirmatam
1691 2047 1808 2076 esse.

169 2107 432 2160 Episcopus
453 2119 568 2148 vero
590 2108 779 2148 retorsit
806 2119 893 2148 nos
917 2119 1011 2148 non
1038 2119 1141 2148 esse
1170 2107 1455 2160 approbatos
1482 2107 1529 2147 in
1550 2106 1704 2147 Gallia
1724 2117 1816 2146 nec

170 2191 196 2218 a
215 2190 279 2230 se,
294 2191 380 2219 nec
403 2191 429 2219 a
442 2177 688 2220 Facultate
709 2178 993 2230 theologica,
1008 2190 1094 2219 nec
1112 2191 1139 2219 a
1156 2177 1330 2220 Senatu
1347 2177 1616 2219 Parisiensi.
1641 2177 1816 2228 Quum-

224 2364 234 2384 ¹
277 2364 417 2393 Rectius
432 2365 592 2392 fortassis
608 2365 752 2393 dixisset
768 2364 991 2401 Clayssonius
1001 2363 1175 2398 Episcopo
1190 2363 1398 2391 Turonensi.
1415 2364 1501 2391 Nam
1517 2362 1713 2391 Cardinalis
1727 2362 1817 2390 Far—

171 2420 262 2445 nese,
279 2413 335 2448 qui
360 2412 569 2440 Turonensis
592 2412 785 2447 Episcopus
808 2413 933 2446 fuerat,
959 2412 1053 2439 illam
1076 2411 1191 2439 sedem
1213 2411 1416 2445 successori.
1433 2410 1562 2439 Simoni
1586 2411 1626 2438 de
1642 2410 1756 2438 Maille
1772 2410 1814 2437 de

171 2460 290 2493 Brece,
304 2461 376 2495 jam
390 2460 425 2488 25
438 2459 529 2494 Junii
544 2460 645 2495 hujus
660 2461 740 2488 anni
756 2459 1010 2495 resignaverat.
1029 2459 1137 2491 GAMS,
1153 2459 1272 2487 Series
1292 2459 1565 2494 Episcoporum,
1580 2465 1657 2493 pag.
1679 2457 1742 2485 641.
1758 2458 1818 2484 Ab·

170 2507 236 2534 hac
249 2507 449 2535 difficultate
464 2515 500 2534 se
518 2507 693 2542 expedivit
710 2507 897 2541 POLAncus,
910 2507 988 2535 dum
1004 2511 1170 2542 excerpta
1184 2515 1226 2534 ex
1234 2506 1288 2534 his
1303 2506 1497 2542 Clayssonii
1513 2505 1641 2534 litteris
1656 2512 1715 2533 suo
1729 2505 1814 2532 inse-

171 2555 239 2582 ruit
257 2554 436 2584 Chronico,
449 2556 615 2582 scribens:
633 2557 669 2582 in
685 2556 773 2583 aede
788 2555 853 2582 Sti.
871 2555 1030 2590 sulpitii.
1046 2562 1136 2589 quae
1149 2555 1435 2590 ajurt'sdz'ctz'one
1449 2553 1618 2588 Episcopi
1631 2552 1815 2585 (Parisien-

175 2602 234 2631 κίε)
249 2602 425 2629 immunis
440 2604 503 2629 est.
519 2602 557 2630 T.
574 2610 621 2637 iv,
636 2610 716 2637 pag.
732 2602 796 2638 320,
812 2610 843 2630 n.
856 2602 918 2630 685.

224 2651 238 2670 ²
277 2650 349 2677 Hoc
365 2654 427 2678 est:
445 2658 510 2677 non
525 2651 620 2678 visus
636 2659 656 2678 a
671 2650 791 2679 Sancti
807 2650 943 2686 Sulpitii
959 2651 1119 2686 parocho,
1133 2651 1187 2686 qui
1200 2650 1342 2686 proinde
1355 2656 1498 2677 causare
1511 2656 1577 2676 non
1589 2652 1727 2683 poterat
1743 2649 1817 2675 vul-

175 2703 246 2726 tum
262 2704 372 2725 meum
386 2698 586 2732 juvenilem.

228 2746 242 2765 3
280 2745 373 2772 Idem
389 2744 550 2778 Dumont‚
567 2746 622 2780 qui
638 2753 755 2780 supra.

231 2794 246 2814 ⁴
285 2792 512 2820 Eustachium
528 2793 571 2820 du
587 2793 719 2827 Bellay.

226 2841 240 2861 5
278 2841 444 2874 jacobum
459 2839 651 2869 Morellum.
667 2840 755 2868 Vide
771 2845 793 2868 t.
808 2848 842 2873 11,
856 2848 933 2875 pag.
947 2841 999 2868 6211
1011 2844 1044 2868 et
1059 2840 1122 2872 633.
1138 2841 1196 2868 sed
1208 2840 1390 2875 praecipue
1406 2839 1555 2867 POLANOE
1573 2838 1710 2872 chron„
1724 2843 1749 2866 t.
1764 2845 1816 2866 ιιι,

173 2897 257 2924 pag.
276 2889 340 2922 296,
356 2892 472 2916 annot.
487 2888 515 2915 4.

228 2935 243 2956 ὓ
285 2936 553 2972 Suffraganeus
567 2935 622 2964 hic
638 2936 726 2964 idem
742 2943 781 2963 ac
798 2936 982 2971 coadjutor
995 2935 1189 2971 significare
1204 2936 1352 2964 videtur.

231 2986 243 3004 '¹
286 2985 393 3013 Paulo
408 2984 458 3013 ΙΙΙ
471 2988 505 3012 et
519 2984 608 3018 Julio
622 2983 682 3012 111.
