2028 3328
217 128 289 165 334
729 126 956 163 LITTERAE
983 136 1342 170 QUADRIMESTRES

220 230 427 264 mentum
458 224 821 273 communicare,
852 231 901 263 ut
928 230 1154 275 quantum
1182 234 1268 262 nos
1299 228 1538 273 totamque
1567 221 1855 264 Societatem»

218 295 383 346 diligat
405 294 684 344 declararet,
708 294 936 346 simulque
958 293 1240 345 significauit
1269 299 1492 344 quantum
1516 293 1721 333 laetitiae
1745 305 1847 334 con-

218 366 395 417 ceperit
417 378 475 406 ex
496 372 657 406 nostro
680 366 727 406 in
754 366 875 406 hanc
906 364 1254 405 sanctissimam
1283 364 1471 404 domum
1502 364 1720 414 aduentu,
1745 376 1851 404 cum

219 438 499 488 praesertim
534 437 754 489 opinioni,
779 448 919 488 quam
940 436 996 476 de
1018 436 1152 475 nobis
1175 442 1314 475 antea
1350 442 1650 486 conceperat,
1683 447 1737 475 ea
1759 447 1848 475 res-

218 509 492 561 ponderent,
517 520 636 560 quae
657 520 684 547 a
704 507 762 547 D.
790 507 1115 548 Gubernatore
1137 513 1182 546 et
1203 507 1260 546 ab
1278 507 1383 546 aliis
1406 506 1462 547 de
1480 507 1629 546 nostri
1650 506 1850 558 Collegii

217 580 373 621 fructu
396 580 637 620 intellexit.
662 579 774 619 Eius
796 579 936 619 etiam
958 578 1097 618 aulici
1117 578 1188 618 bis
1209 578 1343 618 nobis
1365 584 1471 618 sunt
1489 578 1709 619 confessi.

298 651 542 692 Venerunt
573 658 615 691 et
638 651 756 691 aliae
778 656 1022 690 matronae
1044 649 1362 689 nobilissimae
1391 661 1449 689 ex
1476 649 1705 699 Marchia,
1730 650 1850 690 inter

217 734 335 775 quas
369 729 469 763 erat
501 734 634 763 soror
670 721 827 763 Car.¹is
856 720 935 762 Sfii
964 721 1151 773 Angeli3
1186 728 1233 762 at
1261 733 1422 761 omnes
1453 721 1642 772 nostris,
1677 728 1720 762 et
1756 733 1850 762 non

217 794 335 845 aliis,
361 795 608 834 uoluerunt
631 793 853 842 confiteri,
878 793 935 833 ob
956 792 1095 844 idque
1118 798 1428 844 expectarunt
1445 804 1592 844 usque
1610 793 1669 832 ad
1687 804 1846 833 secun-

215 864 323 905 dam
344 866 508 905 horam
528 865 681 904 noctis
702 870 955 916 antequam
983 875 1144 903 omnes
1165 862 1512 914 expedirentur.
1539 862 1656 904 Sunt
1683 875 1849 915 exper-

216 943 291 977 tae
320 937 463 977 etiam
491 941 672 976 tantam
696 935 1068 976 consolationem
1103 940 1147 974 et
1182 934 1440 986 spiritualis
1475 934 1680 975 laetitiae
1717 934 1848 975 uber-

215 1014 373 1057 tatem,
398 1013 446 1047 ut
467 1007 624 1047 multis
645 1007 796 1047 modis
817 1005 1114 1046 declararent
1143 1005 1280 1045 nobis
1308 1005 1687 1046 ardentissimum
1707 1005 1848 1057 quod-

213 1078 322 1119 dam
342 1078 624 1120 desiderium
646 1077 856 1129 erigendi
879 1076 1128 1127 collegium
1148 1082 1339 1116 nostrae
1360 1075 1609 1117 Societatis
1639 1076 1846 1117 Macera-

213 1157 303 1191 tae:
336 1156 718 1202 rogaueruntque
750 1148 1102 1198 instantissime,
1134 1154 1182 1189 ut
1214 1148 1270 1188 de
1300 1160 1355 1189 ea
1386 1160 1436 1188 re
1464 1148 1523 1188 ad
1550 1147 1604 1188 R.
1633 1147 1681 1188 P.
1720 1154 1852 1188 tuam

211 1221 420 1273 ipsarum
440 1221 627 1261 nomine
649 1231 941 1271 rogaremus.
965 1220 1230 1260 Voluerunt
1258 1219 1401 1260 etiam
1430 1220 1642 1271 sequenti
1671 1219 1744 1258 die
1771 1230 1847 1269 ge-

211 1293 359 1332 nerali
376 1291 581 1343 quodam
599 1292 735 1332 modo
752 1292 887 1332 nobis
904 1290 1129 1341 confiteri,
1155 1297 1406 1342 antequam
1426 1290 1534 1330 hinc
1552 1291 1843 1341 recederent,

211 1370 261 1404 ut
283 1370 460 1403 certam
492 1363 697 1415 aliquam
724 1362 868 1403 animi
896 1362 1148 1414 puritatem
1175 1369 1219 1402 et
1248 1362 1365 1402 bene
1401 1361 1589 1401 uiuendi
1616 1361 1850 1402 rationem»

211 1434 272 1475 ad
292 1446 402 1475 suos
429 1440 742 1486 reportarent.

290 1505 394 1546 Hoc
416 1505 713 1557 carnispriuii
735 1513 945 1556 tempore
968 1503 1274 1545 conuenimus
1300 1504 1458 1545 multis
1486 1503 1638 1544 modis
1659 1503 1846 1544 daemo-

212 1576 284 1617 nis
306 1583 351 1617 et
372 1576 533 1617 mundi
554 1583 680 1617 artes
702 1576 945 1616 deludere:
984 1587 1080 1617 non
1104 1577 1255 1617 solum
1280 1576 1404 1616 enim
1440 1574 1768 1627 impediuimus
1788 1586 1846 1615 ne

210 1655 406 1700 paratae
437 1648 708 1689 comoediae
739 1648 1072 1689 exhiberentur
1099 1648 1146 1688 in
1179 1648 1364 1700 publico
1396 1647 1743 1688 Canonicorum
1780 1658 1846 1687 re-

213 1720 425 1771 fectorio,
450 1726 499 1761 ut
529 1726 670 1760 antea
690 1719 790 1760 fieri
811 1725 1140 1770 consueuerat,
1171 1719 1252 1759 sed
1283 1719 1424 1759 etiam
1451 1719 1652 1758 choreas
1672 1724 1717 1757 et
1745 1729 1844 1769 per-

206 1797 417 1840 sonatos,
441 1797 668 1843 quantum
688 1790 788 1831 fieri
809 1790 974 1842 potuit,
998 1789 1339 1842 impediuimus.
1364 1789 1495 1829 Missi
1513 1789 1636 1829 enim
1657 1796 1765 1829 sunt
1787 1800 1847 1829 ex

207 1862 382 1903 nostris
402 1863 627 1913 nonnulli,
652 1862 728 1914 qui
749 1862 1058 1913 tripudiantes
1074 1861 1257 1913 publice
1276 1867 1544 1912 arguerent,
1566 1866 1610 1900 et
1631 1860 1845 1900 laruatos

209 1934 441 1974 acerrime
477 1934 799 1985 increparent3
838 1938 1114 1984 tantumque
1148 1933 1398 1973 ualuerunt
1437 1931 1583 1972 diuini
1616 1931 1749 1971 uerbi
1783 1931 1848 1971 ia-

208 2006 329 2057 cula,
352 2011 401 2046 ut
420 2005 555 2046 multi
575 2005 747 2045 rubore
769 2011 813 2045 et
834 2004 1123 2056 poenitentia
1145 2003 1272 2044 ducti
1299 2003 1458 2043 laruas
1485 2015 1543 2043 ex
1563 2002 1685 2043 facie
1707 2014 1844 2043 excu-

208 2082 382 2128 terent,
415 2083 460 2117 et
488 2076 683 2128 pedibus
710 2075 914 2127 propriis
949 2076 1297 2116 conculcarent.
1335 2074 1430 2115 Alii
1464 2074 1606 2114 etiam
1635 2072 1845 2115 dicerent

208 2147 368 2189 statim
389 2148 685 2200 deposituros
706 2158 756 2188 se
778 2148 951 2197 laruas,
975 2152 1020 2187 et
1041 2157 1281 2197 nunquam
1303 2145 1362 2186 ad
1383 2144 1506 2185 idern
1524 2144 1691 2186 uitium
1710 2156 1760 2185 se
1776 2156 1847 2185 re-

207 2230 445 2259 uersuros.
467 2219 688 2259 Mulieres
710 2229 895 2270 quoque
916 2218 1140 2258 confusae
1167 2217 1356 2257 domum
1384 2216 1760 2267 reuertebantur,
1797 2222 1846 2257 et

208 2290 274 2340 (ut
293 2290 408 2331 mihi
429 2289 682 2331 uerisimile
703 2289 767 2338 fit)
791 2300 875 2341 pro
897 2288 1115 2340 tripudiis
1136 2299 1339 2328 coronas
1359 2287 1641 2328 recitabant.

287 2361 556 2403 Inualuerat
586 2367 808 2412 peruetus
836 2360 918 2400 sed
945 2360 1107 2412 iniqua
1135 2358 1423 2400 consuetudo
1454 2358 1502 2399 in
1530 2359 1620 2399 hoc
1653 2358 1844 2410 oppido,

205 2438 254 2472 ut
272 2432 424 2484 primo
447 2431 854 2483 Quadragesimae
874 2430 948 2471 die
970 2442 1153 2471 summo
1175 2441 1313 2470 mane
1335 2429 1646 2481 procederent
1674 2429 1764 2470 uiri
1786 2441 1842 2470 ac

205 2503 423 2544 mulieres
442 2515 550 2544 cum
569 2502 809 2555 tympanis
830 2508 874 2543 et
893 2502 997 2542 aliis
1015 2501 1208 2542 musicis
1228 2501 1551 2542 instrumentis
1574 2501 1746 2541 choros
1763 2501 1847 2541 du-

204 2580 365 2614 centes
384 2585 530 2626 usque
553 2574 613 2615 ad
634 2580 828 2626 pontem
847 2572 1238 2623 Recanatensem,
1261 2572 1575 2624 solebantque
1605 2572 1668 2612 ibi
1697 2572 1845 2624 pisca-

205 2644 409 2685 tionibus
439 2650 484 2684 et
512 2644 809 2685 scandalosis
843 2643 1172 2684 saltationibus
1206 2649 1359 2683 totum
1392 2642 1515 2683 diem
1549 2653 1846 2693 consumere;

203 2714 372 2755 deinde
390 2715 556 2756 eodem
574 2715 737 2755 ordine
754 2714 980 2755 Loretum
995 2714 1184 2765 reuerti;
1203 2713 1329 2765 quod
1343 2713 1664 2764 praescientes
1675 2713 1840 2764 nostri,

202 2786 287 2825 tali
300 2791 406 2826 sunt
423 2791 524 2826 arte
542 2785 629 2826 usi.
656 2785 949 2826 Constitutus
965 2791 1034 2825 est
1051 2797 1235 2825 summo
1258 2796 1396 2825 mane
1415 2790 1576 2825 noster
1593 2783 1842 2826 conciona-

203 2863 280 2897 tor
298 2856 346 2896 in
365 2855 519 2896 media
540 2856 712 2907 platea,
730 2867 821 2907 quo
839 2856 1052 2896 solebant
1069 2867 1232 2896 omnes
1253 2854 1521 2904 conuenire,
1540 2860 1591 2896 ut
1607 2865 1705 2895 rem
1721 2855 1843 2896 tanti

201 2925 471 2968 offendiculi
484 2937 570 2978 pro
586 2926 764 2966 uiribus
780 2926 1039 2977 impediret.
1053 2925 1111 2966 Et
1126 2937 1185 2966 ne
1202 2926 1379 2978 praeda
1401 2926 1459 2966 ab
1479 2925 1604 2967 illius
1619 2925 1840 2966 manibus
