2028 3328
810 158 888 192 Ax„
922 155 1012 202 1555
1661 149 1727 191 041

96 265 199 293 meo
238 254 449 304 permisit
491 254 707 305 arbitrio,
754 253 830 305 qui
872 252 1141 293 Clarmonte
1182 251 1368 291 ordines
1409 263 1573 290 sacros
1621 263 1729 291 con-

96 324 226 364 feret.

176 395 328 435 Feriis
348 396 675 447 Exaltationis,
707 396 911 436 crastino
944 396 1016 435 die
1039 394 1345 444 celebrandis,
1377 406 1482 433 cum
1510 394 1628 433 mira
1651 394 1728 433 ho-

99 467 273 507 minum
302 467 579 519 frequentia,
617 469 674 508 ob
708 467 902 519 pretiosi
937 467 1182 517 sanguinis
1214 465 1728 516 commonstrationem,

99 549 189 588 quo
211 537 327 577 haec
349 539 518 579 ciuitas
540 540 700 587 claret,
724 551 860 578 mane
890 539 1011 578 inter
1033 538 1204 577 missae
1232 538 1437 576 solemne
1459 536 1660 576 officium
1684 537 1730 575 in

99 620 280 648 summo
316 611 486 660 templo
523 611 853 650 concionabor.
887 609 927 649 A
955 608 1168 660 prandio,
1204 615 1336 648 sexto
1365 607 1665 658 Septembris,
1705 619 1731 646 a

98 680 323 730 primario
352 682 543 721 consule
570 681 820 731 Issoriano,
851 692 993 732 penes
1022 691 1159 731 quem
1194 691 1375 719 summa
1404 679 1533 718 vrbis
1565 684 1634 717 est
1656 689 1732 717 au-

99 751 308 798 ctoritas,
328 763 410 803 per
432 753 592 792 literas
614 753 837 793 inuitatus
861 751 1133 803 proficiscar
1152 750 1390 798 Issorium,
1415 750 1549 789 binas
1566 749 1638 789 die
1656 748 1732 788 do-

100 822 270 862 minico
292 824 543 863 conciones
565 824 625 863 ibi
647 824 907 864 habiturus.

180 893 371 933 Ciuibus
388 894 721 935 Issoriensibus
738 894 897 935 Rmus.
916 894 1179 946 Episcopus
1196 893 1389 933 alterius
1407 894 1517 932 anni
1535 891 1735 944 quadra-

100 964 344 1015 gesimam,
373 971 423 1005 vt
453 966 716 1016 proximam
737 965 1111 1015 Biliomensibus‚
1142 964 1418 1015 assignauit,
1444 963 1648 1015 mihique
1670 963 1734 1002 in-

102 1035 252 1076 iunxit
273 1042 337 1087 vt,
362 1037 401 1076 si
422 1037 500 1088 qui
528 1037 606 1077 alii
633 1037 887 1082 secundam
916 1037 1149 1088 postulent
1171 1035 1599 1087 quadragesimam,
1630 1045 1733 1085 pro-

102 1107 372 1148 missionem
395 1108 703 1159 praemissam
725 1108 1052 1159 respondeam.

182 1177 481 1219 Uberrimum
503 1180 548 1219 in
569 1180 658 1219 hac
681 1180 870 1220 ciuitate
891 1179 1095 1220 fructum
1123 1189 1278 1230 spero;
1307 1189 1416 1218 nam
1444 1177 1655 1217 nonnulli
1676 1176 1733 1216 ob

103 1249 313 1289 haeresis
333 1251 649 1302 suspicionem
677 1252 797 1291 male
826 1250 1087 1291 audierunt.
1120 1249 1457 1300 Theologicam
1478 1259 1736 1299 prosequor

104 1320 460 1371 professionem,
484 1322 708 1362 Paulinae
730 1323 789 1362 ad
809 1322 1047 1362 Romanos
1069 1322 1293 1373 epistolae
1314 1321 1408 1360 iam
1425 1326 1646 1360 octauum
1663 1330 1736 1358 ca-

104 1398 185 1442 put
205 1380 462 1444 explicans,
486 1405 592 1434 cum
613 1394 841 1445 frequenti
863 1393 1110 1434 auditorio.
1130 1391 1327 1432 Decimo
1351 1390 1639 1443 Septembris
1656 1391 1736 1430 lin-

103 1474 227 1515 guae
259 1464 510 1504 hebraicae
539 1465 880 1517 professionem
909 1465 1179 1516 auspicatus
1206 1476 1322 1504 sum.
1353 1462 1429 1503 Ad
1460 1462 1734 1503 consolatio-

103 1546 210 1574 nem
242 1534 548 1587 infirmorum,
587 1536 912 1576 dissidentium
943 1535 1389 1585 reconciliationem,
1427 1541 1471 1574 et
1502 1534 1737 1574 conscien-

105 1605 212 1656 tiae,
236 1613 287 1646 vt
308 1613 498 1657 vocant,
524 1619 717 1647 casuum
739 1607 1056 1648 definitionem
1072 1607 1164 1647 huc
1182 1613 1320 1658 atque
1337 1606 1443 1646 illuc
1462 1617 1621 1655 vocor,
1643 1605 1740 1656 qui-

105 1677 206 1727 bu5,
231 1684 456 1729 quantum
478 1679 524 1718 in
548 1690 618 1718 me
644 1685 727 1729 est,
751 1691 843 1719 non
867 1679 1043 1730 absque
1070 1678 1225 1718 fructu
1255 1677 1509 1727 satisfaciO,
1535 1687 1736 1728 semper-

107 1760 196 1799 que
213 1748 332 1788 inter
349 1749 533 1789 labores
550 1750 676 1790 vires
694 1756 924 1790 crescunt.
940 1749 1291 1801 Discipulorum
1307 1747 1415 1798 (sic)
1432 1748 1631 1799 hospitis
1648 1748 1739 1787 mei

108 1819 409 1859 arbitrariam
435 1832 527 1860 non
558 1832 666 1860 raro
696 1833 888 1872 operam
916 1820 1150 1872 impendo.
1184 1820 1344 1872 Itaque
1375 1820 1540 1859 messis
1577 1819 1737 1868 multa,

107 1891 352 1941 operarius
382 1892 566 1931 vnicus.

187 1960 325 2001 Faxit
348 1961 562 2002 Christus
584 1969 649 2014 vt,
674 1962 733 2003 ad
754 1964 1018 2004 animorum
1039 1965 1238 2013 lucrum,
1272 1961 1521 2002 Societatis
1542 1961 1617 2000 hic
1640 1972 1743 2000 cre-

108 2038 208 2071 scat
237 2044 474 2083 numerus;
505 2045 789 2086 quamquam
815 2035 1023 2075 nondum
1052 2033 1330 2084 occurrerit,
1364 2034 1441 2084 qui
1477 2033 1534 2072 ad
1563 2038 1743 2072 tantam

108 2103 400 2154 prouinciam
422 2112 559 2155 aptus
580 2105 692 2145 mihi
714 2105 944 2146 videatur.
968 2106 1183 2158 Expendi
1201 2105 1325 2157 apud
1345 2115 1544 2144 menum
1562 2104 1743 2143 consul-

108 2179 207 2214 tum
230 2180 353 2214 esset
372 2187 534 2226 necne,
558 2176 699 2216 etiam
717 2183 824 2218 ante
845 2177 1030 2228 collegii
1051 2177 1353 2227 erectionem,
1374 2175 1549 2226 aliquot
1567 2174 1745 2214 adiuto-

110 2257 185 2285 res
207 2245 266 2285 ad
288 2258 362 2285 me
384 2246 634 2298 destinare;
659 2260 768 2289 nam
789 2249 864 2289 hic
885 2249 1149 2289 vberrimus
1169 2248 1351 2288 fructus
1373 2246 1489 2286 mihi
1510 2251 1744 2298 speratur,

111 2317 149 2356 si
180 2327 411 2368 synergos
443 2319 675 2369 quispiam
695 2319 904 2371 idoneus,
935 2320 1010 2359 vel
1037 2319 1148 2370 bini,
1172 2318 1285 2359 mihi
1306 2317 1617 2358 associentur.
1640 2315 1740 2356 Pstis

113 2387 240 2427 Tuae
276 2387 363 2427 erit
395 2400 479 2440 pro
508 2394 589 2429 tua
620 2390 867 2441 prudentia
896 2391 1053 2431 omnia
1090 2402 1149 2430 ex
1183 2389 1376 2430 arbitrio
1412 2399 1554 2439 agere
1589 2393 1633 2427 et
1667 2387 1747 2427 im·

110 2469 294 2511 perare.

190 2528 324 2570 Rmus
353 2529 614 2582 Episcopus
646 2544 696 2572 se
728 2539 836 2572 tuae
862 2532 991 2572 ΗΜΘ
1020 2532 1223 2572 officiose
1259 2530 1571 2571 commendat.
1610 2529 1746 2580 Vale,

109 2601 160 2640 P.
184 2601 229 2640 in
252 2600 438 2641 Christo
460 2601 572 2654 Jesu
593 2603 1032 2654 obseruandissime,
1052 2603 1129 2654 qui
1147 2609 1191 2643 te
1209 2603 1285 2643 diu
1303 2602 1435 2642 nobis
1453 2609 1611 2641 seruet
1629 2601 1750 2640 inco-

109 2673 294 2712 lumem.
323 2671 447 2712 R.0¹ae
473 2672 553 2712 P&
581 2673 710 2714 Tuae
736 2675 972 2715 humiliter
1003 2674 1217 2726 supplico
1250 2680 1300 2713 vt
1334 2684 1407 2713 me
1442 2673 1530 2712 hoc
1567 2671 1749 2724 potissi-

108 2754 234 2782 mum
257 2749 466 2794 tempore
493 2744 738 2786 sacrificiis
768 2753 812 2785 et
844 2746 1134 2785 orationibus
1167 2745 1265 2785 suis
1293 2743 1416 2796 apud
1444 2743 1596 2783 Deum
1627 2754 1751 2782 com-

109 2813 333 2854 mendare
355 2814 586 2865 dignetur.
612 2815 740 2867 Quas
761 2828 923 2868 preces
941 2816 1175 2856 uniuersis
1196 2815 1412 2855 Patribus
1432 2814 1752 2865 fratribusque

114 2884 282 2925 offerre
303 2896 362 2926 ex
382 2897 456 2926 me
476 2885 586 2926 R.tia
607 2887 708 2928 Tua
730 2899 824 2928 non
849 2887 1141 2939 grauabitur,
1172 2892 1224 2928 vt
1249 2886 1577 2938 dignissimum
1608 2885 1750 2936 digne

116 2955 215 2996 Deo
240 2955 431 2997 offeram
455 2958 752 2999 sacrificium.

278 3031 327 3069 Τ.
349 3043 395 3068 111
601 3073 604 3077 ¹
1513 3045 1553 3077 41
