2028 3328
160 112 234 152 328
675 115 901 153 LITTERAE
928 125 1286 159 QUADRIMESTRES

163 222 334 250 sumus
362 211 579 262 ingressi,
607 212 962 263 expectantibus
984 211 1091 252 hinc
1120 212 1225 251 inde
1260 211 1502 263 permultis
1529 223 1634 251 cum
1666 212 1804 253 clero·

175 281 410 332 uniuerso,
448 282 525 333 qui
559 282 760 322 Domino
797 281 1111 323 Gubernatori
1136 293 1218 333 pro
1245 281 1422 322 foribus
1450 283 1610 333 templi
1639 283 1791 323 adsta-

164 352 290 392 bant.

253 422 502 464 Caeterum
516 435 617 475 nos,
642 425 789 465 obiter
807 425 1020 464 omnibus
1037 424 1267 474 salutatis,
1287 424 1345 463 ad
1365 424 1684 475 pientissimae
1704 424 1794 465 Dei

169 492 422 536 Genitricis
442 496 763 547 procurrimus
785 506 954 546 genua,
988 506 1107 547 quae
1127 506 1213 535 nos
1234 505 1415 535 summa
1449 494 1795 547 quodammodo

171 570 216 606 et
232 565 475 618 inexperta
499 567 822 607 consolatione
851 566 1141 606 resalutauit.
1170 565 1553 606 Exaudiebantur
1580 566 1627 606 in
1657 578 1795 607 sacro

176 636 440 678 dominicae
469 638 810 678 Incarnationis
837 638 1010 677 sacello
1037 643 1307 677 nostrorum
1340 637 1545 677 omnium
1575 638 1804 689 gemitus,

173 709 487 749 cernebantur
508 708 803 749 dulcissimae
832 708 1096 749 deuotionis
1116 708 1387 750 lachrimae.

250 779 449 820 Peracto
472 786 628 820 autem
649 785 806 820 tantae
827 779 1015 832 pietatis
1035 779 1201 829 officiO,
1231 791 1392 820 omnes
1414 780 1629 820 canonici
1657 786 1702 821 et
1725 792 1794 821 sa-

171 850 386 891 cerdotes
405 850 541 891 huius
563 851 728 891 domus
749 863 834 891 nos
855 850 902 891 in
924 851 1083 891 osculo
1106 856 1269 891 sancto
1296 850 1629 891 humanissime
1665 863 1798 891 exce-

173 928 358 974 perunt,
384 922 550 974 quibus
570 921 775 962 officiose
796 922 1080 973 resalutatiS,
1112 928 1157 962 et
1185 934 1278 963 una
1308 933 1415 962 cum
1448 922 1538 962 illis
1567 922 1807 974 spirituali

175 1005 231 1034 ac
254 994 489 1045 corporali
511 993 614 1033 cibo
634 992 812 1044 refecti,
836 993 895 1034 ad
926 998 1142 1044 paratam
1167 993 1300 1033 nobis
1328 1005 1356 1033 a
1382 992 1440 1034 D.
1472 993 1799 1034 Gubernatore

175 1063 513 1105 habitationem
547 1075 707 1104 sumus
732 1063 955 1116 profecti,
983 1064 1084 1104 Deo
1111 1070 1156 1104 et
1183 1064 1503 1116 pientissimae
1540 1065 1676 1104 matri
1711 1076 1796 1116 pro

172 1135 316 1175 tantis
334 1134 572 1175 beneficiis
591 1135 771 1186 gratias
793 1141 1002 1186 agentes.

249 1206 364 1246 Erat
395 1206 561 1246 domus
590 1206 726 1246 ualde
762 1207 918 1258 ampla
953 1213 998 1246 et
1026 1206 1316 1258 excipiendis
1336 1206 1626 1258 principibus
1646 1207 1813 1258 potiusv

174 1289 315 1329 quam
335 1277 568 1329 religiosis
604 1284 884 1329 opportuna.
920 1278 1121 1318 Eramus
1151 1278 1273 1318 enim
1302 1278 1350 1318 in
1377 1278 1546 1330 amplis
1575 1278 1811 1318 cubiculis⁴

170 1360 265 1388 non
285 1354 383 1389 tam
404 1348 648 1389 commode
669 1360 808 1400 quam
828 1348 1075 1400 magnifice
1092 1349 1346 1400 constituti,
1371 1349 1428 1389 ob
1444 1349 1581 1401 idque
1599 1361 1802 1390 commo·

175 1419 353 1460 diorem
384 1419 722 1460 habitationem
740 1425 847 1471 post
866 1426 961 1460 tres
982 1431 1166 1460 menses
1189 1432 1216 1460 a
1237 1419 1439 1460 Domino
1468 1419 1798 1462 Gubernatore

173 1490 545 1542 impetrauimus,
569 1490 615 1530 in
637 1502 728 1542 qua
748 1502 886 1541 nunc,
912 1502 1093 1531 summa
1115 1491 1269 1543 quiete
1289 1498 1334 1531 et
1355 1491 1677 1532 consolatione
1694 1503 1799 1543 per-

176 1561 399 1612 fruentes,
422 1566 612 1602 nostrae
631 1560 880 1603 Societatis
899 1561 1140 1613 fungimur
1161 1562 1338 1603 officiis.

251 1633 571 1685 Expectamus
592 1633 777 1674 interim
806 1634 918 1674 noui
947 1633 1146 1685 Collegii
1172 1634 1469 1685 erectionem,
1503 1645 1645 1686 quam
1666 1634 1801 1674 breui

177 1710 221 1744 et
241 1704 287 1744 in
308 1704 623 1745 commodiore
644 1705 746 1745 loco
767 1704 973 1745 futuram
993 1705 1286 1756 pollicentur,
1318 1711 1457 1757 prout
1484 1705 1538 1746 R.
1563 1705 1618 1746 T.
1654 1704 1704 1745 Ρ.
1742 1704 1806 1745 fa-

177 1775 264 1816 cile
283 1776 455 1827 poterit
476 1775 700 1826 iudicare,
725 1776 857 1817 cuius
877 1776 1160 1828 promissum
1181 1777 1436 1817 aduentum
1452 1777 1668 1818 maximo
1690 1776 1806 1817 desi-

173 1846 302 1887 derio
324 1852 641 1898 expectamus.
665 1847 856 1888 Interim
877 1859 1039 1888 omnes
1060 1847 1223 1888 Patres
1244 1859 1300 1888 ac
1321 1847 1493 1889 fratres
1523 1847 1571 1888 in
1599 1848 1807 1888 ministe-

177 1919 248 1959 rio
271 1918 532 1960 uocationis
556 1919 644 1959 sibi
663 1919 915 1960 commisso
943 1919 1288 1960 feruentissime
1316 1931 1366 1960 se
1395 1925 1632 1970 exercent,
1667 1924 1711 1960 et
1737 1930 1808 1959 sa-

182 1989 398 2031 cerdotes
419 1990 605 2042 quidem
626 1990 672 2031 in
693 1990 863 2031 diuinis
884 1991 1134 2043 obsequiis,
1163 1991 1211 2031 in
1238 1990 1483 2031 audiendis
1505 1989 1810 2031 confessioni-

179 2061 280 2112 bus,
304 2067 348 2101 et
370 2061 474 2102 aliis
494 2061 732 2113 perfectae
752 2062 941 2114 pietatis
961 2061 1138 2102 officiis.

256 2130 305 2173 P.
330 2131 536 2185 Joannes
555 2132 838 2173 Laurentius
857 2133 1086 2174 hactenus
1108 2133 1376 2185 frequenter
1393 2133 1703 2173 concionatus
1723 2137 1808 2173 est.

180 2202 284 2244 Hoc
305 2202 697 2255 quadragesimae
718 2209 943 2256 tempore,
966 2215 1059 2244 una
1081 2215 1188 2244 cum
1207 2203 1411 2245 Domino
1433 2203 1689 2244 Laurentio
1719 2202 1812 2243 Da-

177 2274 332 2315 uidico
355 2274 509 2327 (quem
530 2274 702 2327 optime
722 2275 853 2316 nouit
869 2274 922 2315 R.
939 2274 992 2315 T.
1016 2274 1085 2325 Ρ.)
1102 2274 1296 2315 alternis
1311 2273 1682 2316 hebdomadibus
1704 2286 1811 2315 con-

181 2346 412 2397 cionatur,
436 2357 531 2386 non
551 2346 651 2387 sine
685 2357 869 2387 summa
894 2347 1147 2387 multorum
1174 2345 1508 2397 admirationes,
1538 2351 1699 2397 utpote
1733 2344 1814 2397 qui

182 2422 282 2456 tam
302 2417 474 2458 celebri
496 2417 818 2458 concionatori
837 2429 934 2458 non
964 2418 1116 2458 solum
1142 2417 1293 2470 potuit
1320 2416 1539 2466 conferri,
1569 2417 1652 2458 sed
1672 2416 1814 2457 etiam

188 2487 440 2528 multorum
463 2487 637 2528 iudicio
658 2487 901 2540 praeferri.

267 2558 368 2609 Ego
390 2557 531 2599 etiam
552 2557 715 2599 diebus
735 2559 982 2600 dominicis
1004 2565 1049 2600 et
1068 2558 1200 2599 festis
1232 2559 1516 2610 interpretor
1547 2557 1813 2598 doctrinam

189 2627 496 2669 christianam
513 2640 620 2670 cum
635 2640 808 2681 magna
826 2630 1079 2670 multorum
1094 2629 1417 2670 satisfactione
1436 2634 1481 2669 et
1497 2628 1667 2679 fructu,
1685 2639 1817 2680 prae-

191 2699 354 2740 sertim
379 2710 647 2751 puerorum‚
680 2712 798 2752 quos
825 2707 1074 2752 praesente
1100 2700 1273 2752 populo
1307 2700 1355 2740 in
1383 2699 1650 2752 repetendis
1683 2710 1816 2750 prae-

187 2770 337 2821 ceptis
358 2770 601 2811 doctrinae
623 2771 909 2811 christianae
931 2782 1145 2822 exerceo,
1168 2783 1288 2823 quae
1303 2782 1379 2811 res
1399 2782 1493 2810 non
1516 2769 1815 2810 mediocriter
1878 2815 1882 2819 ,

187 2846 455 2881 commouet
476 2840 762 2881 adstantium
781 2847 1030 2893 parentum
1052 2841 1247 2882 animos.
1279 2840 1386 2881 Fuit
1407 2847 1561 2881 autem
1584 2841 1672 2881 hoc
1705 2851 1814 2892 qua-

127 2941 128 2944 *
189 2911 486 2962 dragesimae
506 2916 715 2963 tempore
737 2911 853 2951 haec
874 2912 1013 2952 lectio
1044 2911 1325 2962 intermissa,
1357 2916 1455 2951 tum
1477 2911 1585 2962 quia
1606 2911 1674 2952 sic
1695 2909 1824 2951 effla·
