2028 3328
906 75 1001 118 AN„
1021 75 1112 112 1555
1754 74 1830 110 235

188 172 468 212 inuenerunt
509 172 794 224 Episcopum
835 171 1201 223 Algarbiensem
1237 170 1262 220 ¹,
1302 182 1534 210 summum
1580 171 1821 221 Inquisito-

191 254 309 293 rem,
338 244 415 295 qui
438 249 633 283 venerat
667 254 809 283 causa
844 243 971 294 ipsos
992 243 1198 282 videndi.
1222 241 1432 293 Vterque
1460 248 1529 281 est
1563 242 1710 280 nostri
1747 253 1822 281 cu-

190 315 460 366 pidissimus
500 326 556 354 ac
583 314 959 354 amantissimus:
993 313 1121 365 cupit
1151 319 1345 364 uterque
1382 313 1428 352 in
1459 324 1543 352 sua
1575 313 1822 363 prouincia

189 386 447 436 Collegium
488 385 735 426 aedificare
775 391 1028 437 petuntque
1062 397 1089 425 a
1130 385 1264 425 nobis
1310 384 1568 436 operarios.
1606 383 1821 423 Accersi-

190 463 264 497 tus
294 463 363 497 est
391 457 550 497 statim
584 457 632 498 Ρ.
655 456 860 509 Joannes
894 456 1093 507 Nonius,
1132 455 1209 507 qui
1236 455 1586 496 Conimbricam
1620 454 1822 504 abierat,

188 528 268 568 vbi
290 527 522 568 Dominus
542 528 670 568 illum
691 528 875 579 excepit
895 528 1061 568 morbo
1082 528 1237 578 gravi,
1256 527 1364 567 licet
1384 538 1477 566 non
1500 526 1732 566 diuturno:
1757 538 1822 565 re-

190 599 273 639 diit
307 600 520 650 protinus
561 601 699 652 plane
734 599 1061 640 confirmatus:
1099 604 1344 650 comparat
1378 610 1428 638 se
1464 598 1524 638 ad
1558 597 1827 637 faciendam

191 670 531 722 professionem
552 671 908 711 conuenientem
943 669 1358 710 constitutionibus
1380 668 1409 707 ⁹².
1434 669 1577 710 Venit
1598 668 1646 709 Ρ.
1670 668 1826 708 Miron

191 753 286 781 non
308 742 452 782 multo
479 747 584 793 post
605 742 859 782 ualentior:
883 741 1104 781 conuenit
1132 752 1314 792 regem,
1338 740 1413 780 cui
1434 740 1551 780 dixit
1572 746 1622 780 Vt
1654 740 1826 779 scribe-

190 818 261 852 ret
282 823 357 852 res
386 814 683 853 necessarias
710 812 992 865 profecturis
1019 811 1078 853 ad
1105 812 1368 852 Pretiosum
1387 812 1639 865 Joannem:
1662 811 1709 851 id
1737 811 1827 851 hoc

191 889 402 935 tempore
437 890 585 925 curat.
621 884 874 937 Speramus
907 883 1180 936 propediem
1211 883 1460 933 affuturos,
1485 883 1563 934 qui
1592 888 1700 922 sunt
1727 883 1831 922 mit-

191 954 319 995 tendi
341 967 400 995 ex
420 955 652 1007 Hispania
673 955 894 996 citeriori.
916 955 1164 996 Nostrates
1185 955 1278 995 iam
1300 960 1406 994 sunt
1428 954 1584 1004 electi,
1609 953 1827 1005 quemad-

192 1025 382 1066 modum
417 1027 581 1067 literae
616 1033 723 1068 tuae
766 1027 948 1067 docent.
981 1027 1132 1067 Huius
1164 1027 1233 1067 rei
1267 1038 1410 1067 causa
1445 1025 1623 1066 factum
1657 1031 1727 1065 est
1758 1037 1827 1065 sa-

193 1096 418 1137 crificium
452 1098 529 1138 hic
563 1103 607 1138 et
641 1098 688 1138 in
722 1098 946 1149 Collegio.
984 1098 1032 1139 Ρ.
1053 1098 1261 1152 Joannes
1287 1097 1467 1138 Nonius
1503 1104 1546 1138 et
1575 1097 1831 1138 Carnerius

193 1168 514 1220 efflagitabant
545 1169 708 1210 doctos
736 1170 1026 1221 caeterisque
1054 1169 1233 1210 artibus
1270 1169 1531 1220 praeditos,
1557 1168 1634 1220 qui
1662 1168 1725 1208 illi
1760 1179 1832 1208 re-

192 1240 324 1290 gioni
345 1240 626 1281 conducunt.
651 1240 963 1293 Congregatis
984 1247 1163 1293 septem
1183 1240 1401 1281 Patribus
1422 1252 1584 1281 coram
1605 1239 1654 1280 Ρ.
1674 1238 1833 1291 M[iro-

200 1310 281 1363 ne]
319 1317 363 1351 et
403 1312 583 1365 Joanne
618 1312 789 1362 Nonio,
826 1313 962 1353 electi
995 1318 1103 1353 sunt
1138 1312 1187 1353 Ρ.
1224 1312 1461 1353 Antonius
1496 1312 1552 1352 de
1592 1311 1833 1362 Quadros,

195 1381 245 1423 P.
275 1383 551 1423 Emmanuel
577 1383 873 1435 Fernandus,
905 1389 1045 1436 atque
1070 1384 1241 1424 Frater
1271 1383 1515 1424 Pascualis
1538 1382 1568 1421 ⁵.
1597 1382 1740 1423 Plane
1767 1383 1837 1423 Vi-

196 1453 364 1493 dentur
399 1454 558 1494 diuino
594 1455 790 1495 consilio
826 1455 980 1506 electi,
1004 1455 1191 1507 Vtrique
1225 1455 1349 1495 enim
1380 1455 1504 1506 parti
1539 1454 1834 1494 satisfactum

193 1531 280 1565 est.
304 1524 424 1565 Nam
446 1526 663 1577 quamuis
684 1525 733 1566 Ρ.
756 1525 992 1567 Antonius
1013 1526 1069 1566 de
1100 1525 1318 1577 Quadros
1347 1526 1473 1566 omni
1503 1526 1733 1566 virtutum
1758 1537 1835 1577 ge-

191 1607 322 1643 nere,
347 1596 577 1647 singulari
608 1597 891 1648 eruditione,
914 1597 1121 1648 ingenio‚
1145 1597 1342 1648 viribus,
1365 1596 1604 1648 praeditus
1628 1597 1712 1648 sit,
1741 1609 1836 1637 non

192 1672 353 1707 tamen
382 1667 575 1718 perinde
605 1668 804 1708 sentitur
834 1668 933 1708 eius
960 1668 1219 1719 discessus,
1243 1680 1350 1708 cum
1380 1668 1427 1708 in
1456 1668 1725 1719 praesentia
1756 1680 1836 1708 va·
1874 1721 1880 1725 ¹

196 1749 312 1778 cuus
347 1744 471 1778 esset
506 1739 563 1778 ab
601 1739 816 1779 omnibus
850 1740 1067 1791 negotiis.
1091 1739 1291 1780 Videtur
1321 1739 1553 1780 Dominus
1588 1751 1693 1780 eum
1727 1739 1836 1779 huic

196 1810 388 1861 negotio
434 1810 714 1861 destinasse,
763 1811 888 1862 quod
932 1810 980 1852 Ρ.
1021 1810 1230 1864 Joannes
1274 1811 1579 1851 vehementer
1625 1810 1834 1862 optabat.

197 1879 245 1920 P.
269 1880 546 1920 Emmanuel
575 1881 613 1921 F
617 1881 853 1922 ernandus
886 1882 1168 1922 versabatur
1188 1882 1236 1922 in
1266 1882 1622 1932 probationibus
1654 1881 1837 1922 Conim-

194 1951 376 2003 bricae;
407 1952 609 1992 necdum
637 1951 754 1993 duos
781 1965 932 1993 annos
959 1954 1244 1994 confecerat.
1268 1953 1469 1994 Videtur
1499 1959 1637 1993 natus
1672 1953 1733 1994 ad
1760 1965 1841 1994 res

196 2023 545 2063 ecclesiasticas
579 2029 622 2064 et
645 2023 794 2064 officia
830 2025 1072 2065 solemnia.
1104 2024 1374 2077 Antequam
1410 2032 1533 2065 esset
1565 2025 1834 2076 ingressus,

194 2094 351 2134 fuerat
370 2094 559 2134 functus
580 2095 784 2146 quodam
804 2107 996 2136 munere
1020 2096 1067 2136 in
1092 2097 1266 2148 templo
1288 2097 1494 2137 maximo
1515 2096 1715 2136 Eborae.
1739 2095 1835 2136 Au-

250 2278 260 2298 ¹
299 2278 465 2311 Joannem
478 2278 518 2305 de
533 2277 644 2306 Mello.

250 2326 263 2344 ‘2
302 2326 554 2353 professionem
568 2333 650 2353 vere
665 2326 778 2354 emisit
789 2326 827 2354 P.
842 2326 990 2360 Joannes
1005 2328 1120 2356 Nunes
1135 2329 1188 2357 die
1203 2330 1251 2357 83²
1265 2329 1477 2365 Septembris
1493 2329 1573 2356 anni
1598 2328 1677 2356 1554.
1694 2328 1839 2362 Quomo-

196 2373 237 2401 do
253 2373 359 2407 igitur
380 2381 500 2401 verum
521 2378 572 2401 est
589 2374 677 2408 quod
691 2374 746 2401 hic
762 2374 811 2402 ait
833 2375 871 2402 P.
896 2374 1058 2410 Silveira,
1078 2377 1222 2411 scilicet,
1247 2377 1384 2405 Patrem
1407 2378 1532 2411 Nunes,
1556 2377 1741 2411 incipiente
1762 2376 1835 2411 Jam

193 2429 282 2449 anno
299 2422 377 2456 1555,
393 2429 428 2449 se
444 2429 647 2456 comparare
663 2422 706 2449 ad
722 2422 967 2455 professionem
983 2423 1294 2453 Constitutionibus
1310 2425 1494 2453 Societatis
1510 2424 1773 2452 convenientem
1789 2424 1839 2451 fa-

195 2469 366 2496 ciendam?
387 2469 474 2496 Huic
499 2469 691 2496 difficultati
716 2469 840 2503 duplex
863 2470 1003 2498 videtur
1024 2472 1217 2506 excogitari
1232 2480 1331 2507 posse
1348 2481 1559 2507 responsum.
1586 2473 1656 2500 1.ΠιΪᾸ
1670 2471 1841 2506 scriptam

195 2516 286 2543 hanc
299 2516 466 2551 epistolae
481 2521 615 2551 partem
631 2516 734 2544 fuisse
747 2521 826 2544 ante
841 2517 914 2544 &am
926 2517 1148 2554 Septembris;
1164 2520 1239 2546 2.ιιτῃ
1253 2528 1444 2548 sermonem
1460 2521 1515 2547 hie
1530 2528 1606 2547 esse
1622 2527 1684 2547 non
1702 2518 1742 2546 de
1762 2526 1840 2554 pro·

195 2564 341 2591 sessione
353 2565 490 2598 proprie
502 2564 605 2598 dicta,
618 2564 675 2591 sed
691 2564 731 2591 de
743 2565 833 2591 votis
844 2565 1065 2600 simplicibus,
1078 2574 1164 2601 quae
1180 2575 1200 2595 a
1212 2568 1380 2596 Professis
1393 2573 1468 2603 post
1483 2569 1577 2596 illam
1592 2568 1839 2602 professionem

196 2612 414 2639 emittuntur.
430 2612 534 2640 Nobis
550 2612 613 2639 hoc
635 2612 820 2640 secundum
836 2614 970 2641 omnino
985 2615 1163 2650 probatur,
1179 2620 1249 2643 tum
1264 2618 1343 2651 quia
1359 2617 1391 2644 in
1415 2624 1508 2643 more
1524 2617 1674 2651 positum
1689 2616 1840 2651 quando-

197 2667 261 2693 que
282 2660 346 2687 fuit
363 2660 432 2687 illis
447 2660 658 2694 temporibus
672 2664 755 2688 vota
770 2660 855 2688 haec
870 2661 1040 2695 simplicia
1055 2663 1258 2696 quibusdam
1279 2669 1338 2692 aut
1355 2664 1473 2692 diebus
1488 2668 1547 2691 aut
1572 2665 1743 2691 mensibus
1762 2668 1839 2699 post

197 2706 444 2740 professionem
460 2708 620 2734 emissam
634 2708 871 2743 pronuntiare,
886 2712 922 2735 ut
937 2710 1158 2744 autographa
1179 2711 1253 2745 ipsa
1269 2713 1397 2746 legenti
1417 2716 1527 2746 patet.
1546 2715 1617 2739 tum
1635 2712 1742 2739 etiam
1757 2711 1840 2746 quia

198 2754 298 2789 hujus
309 2754 358 2781 rei
374 2755 534 2782 indicium
546 2755 632 2782 satis
647 2755 832 2783 vehemens
846 2757 1013 2790 praebere
1027 2757 1088 2784 illa
1103 2760 1213 2786 verba
1228 2760 1391 2787 videntur
1413 2760 1683 2787 convenientem
1707 2759 1838 2786 Consti-

194 2802 496 2830 nationibus-De
517 2803 570 2830 his
585 2803 685 2837 plura
700 2810 775 2830 cum
791 2802 1008 2839 Catalogum,
1033 2804 1105 2832 Deo
1127 2807 1277 2841 volente,
1301 2809 1440 2835 edemus
1463 2808 1622 2842 omnium,
1646 2808 1701 2842 qui
1718 2807 1839 2835 Sancti

193 2848 324 2883 Ignatii
341 2854 493 2885 tempore
510 2850 720 2878 Societatem
736 2851 881 2885 ingressi
897 2852 1046 2880 fuerunt.

251 2897 267 2917 ⁵
304 2898 485 2926 Paschalis
500 2898 726 2934 Catalaunus,
741 2899 790 2927 sic
806 2899 919 2928 dictus
933 2907 954 2928 a
969 2899 1187 2936 Catalaunia‚
1203 2903 1259 2931 ubi
1274 2904 1421 2938 primam
1437 2905 1544 2932 lucem
1561 2905 1710 2932 viderat.
