2028 3328
259 154 330 192 582
774 152 1000 190 LITTERAE
1020 164 1102 196 QUA
1110 163 1378 190 DRIMESTRES

261 251 509 291 scribenda
532 256 800 301 occurrunt,
824 250 870 291 id
891 251 937 290 in
959 251 1121 302 primis
1149 250 1272 289 scias
1302 260 1494 289 necesse
1523 255 1610 299 est,
1632 260 1793 289 omnes
1809 248 1892 288 Pa-

262 328 372 372 tres,
388 321 649 373 fratresque
663 328 851 362 nostros
868 322 914 361 in
931 321 1181 361 uirtutibus
1199 331 1370 370 magna
1388 331 1493 359 cum
1511 319 1773 359 animorum
1789 331 1891 359 suo-

263 404 367 432 rum
387 393 587 433 utilitate
609 399 653 432 et
675 393 936 443 commodo,
969 404 1061 432 non
1082 391 1381 431 mediocriter
1399 402 1500 430 esse
1518 401 1809 442 progressos,
1839 402 1893 430 ac

265 464 380 514 (Deo
404 464 574 515 gratia)
597 464 800 515 quotidie
821 463 1057 514 progredi.

344 536 439 575 Eae
460 536 725 584 conciones,
758 546 876 586 quae
904 535 959 574 de
989 533 1201 573 doctrina
1233 532 1490 572 christiana
1525 532 1760 572 dominico
1787 543 1894 582 quo-

265 619 352 659 que
374 607 447 647 die
468 613 677 658 tempore
699 606 1021 658 pomeridiano
1043 604 1206 644 haberi
1226 605 1392 651 solent,
1417 615 1541 643 nunc
1563 615 1589 642 a
1619 603 1758 643 Patre
1788 602 1896 642 Mel-

265 679 424 719 chiore
446 678 598 725 Cotta,
623 689 759 729 quern
782 677 830 717 P.
854 683 1013 716 noster
1034 676 1153 716 Miro
1179 676 1203 725 ¹,
1229 682 1325 715 tarn
1342 675 1401 714 ad
1418 675 1464 715 id
1483 686 1650 714 munus
1669 686 1895 725 exequen-

265 750 388 800 dum,
419 761 560 801 quani
596 749 654 788 ad
681 747 1074 798 concionandum,
1105 747 1195 786 huc
1224 746 1523 786 Conimbrica
1555 746 1693 796 misit,
1725 756 1897 796 magno

266 832 371 861 cum
392 821 543 861 fructu
567 826 611 859 et
633 819 863 871 frequenti
886 819 1151 858 auditorum
1174 829 1408 858 concursu
1430 817 1676 857 habentur.
1697 816 1786 867 Qui
1806 816 1899 855 iam

267 893 513 944 aliquoties
534 892 580 931 in
601 891 834 931 nonnullis
856 890 991 929 huius
1013 889 1142 929 urbis
1164 889 1350 940 templis
1372 889 1679 929 concionatus
1701 894 1785 939 est,
1806 899 1899 927 non

267 964 365 1004 sine
400 974 574 1014 magna
609 962 897 1002 audientium
933 961 1296 1012 approbatione,
1340 966 1384 1000 et
1425 960 1689 1000 animorum
1728 959 1896 998 fructu.

267 1035 407 1087 quue
429 1047 487 1074 ex
508 1045 562 1073 eo
584 1034 720 1074 facile
741 1032 938 1083 intelligi
960 1032 1081 1082 licet,
1106 1031 1228 1083 quod
1250 1032 1484 1083 permulti,
1510 1043 1564 1070 eo
1596 1031 1770 1080 audito,
1804 1030 1900 1069 dili—

267 1112 431 1157 genter
454 1117 645 1156 operam
667 1104 895 1144 dederunt
923 1111 1022 1144 tum
1054 1110 1103 1143 ut
1136 1104 1176 1143 ei
1211 1109 1407 1154 peccata
1439 1114 1524 1142 sua
1557 1101 1771 1142 confiteri
1800 1113 1901 1152 pos-

269 1184 386 1227 sent,
419 1184 516 1217 tum
550 1177 691 1216 etiam
723 1182 771 1216 ut
807 1187 912 1215 cum
940 1187 994 1215 eo
1023 1175 1079 1215 de
1109 1176 1375 1215 animorum
1404 1175 1554 1214 salute
1589 1173 1901 1213 communica-

267 1255 386 1289 rent.
407 1248 703 1299 Quapropter
719 1247 878 1287 diuina
895 1246 1112 1287 Bonitate
1130 1245 1406 1285 confidimus
1424 1246 1522 1285 eius
1539 1245 1584 1284 in
1602 1245 1724 1284 hanc
1741 1244 1904 1284 urbem

272 1320 523 1360 aduentum
545 1319 701 1359 multis
723 1318 841 1368 usui,
866 1323 910 1358 et
931 1318 1121 1358 utilitati
1141 1318 1254 1366 fore,
1281 1323 1324 1356 et
1344 1316 1569 1368 DeoOpt.
1591 1315 1715 1356 Max.
1737 1315 1902 1355 honori

273 1397 317 1431 et
336 1390 476 1431 laudi.
498 1391 570 1431 Ex
591 1391 661 1440 iis,
687 1390 764 1440 qui
786 1389 1032 1429 dominicis
1054 1388 1216 1428 diebus
1239 1388 1297 1428 ad
1319 1400 1399 1428 eas
1421 1388 1673 1427 conciones
1694 1387 1902 1436 ueniunt,

272 1474 390 1514 quae
418 1462 473 1502 de
502 1462 715 1501 doctrina
744 1461 1000 1500 christiana
1034 1460 1279 1509 habentur,
1315 1460 1581 1510 complures
1612 1458 1667 1498 de
1697 1458 1906 1509 peccatis

271 1535 538 1586 frequenter
573 1532 786 1572 confiteri
821 1533 985 1581 solent,
1025 1537 1068 1571 et
1106 1531 1292 1570 assidue
1326 1530 1517 1581 capiunt
1548 1535 1906 1569 sacrosanctum

272 1605 446 1646 Christi
468 1604 666 1655 Corpus.

352 1677 523 1717 Multos
545 1681 716 1725 autem,
748 1676 867 1715 inter
898 1686 1015 1726 quos
1042 1685 1215 1726 graues
1248 1673 1521 1714 inimicitiae
1553 1677 1700 1721 erant,
1733 1670 1906 1711 Diuina

274 1748 480 1798 Bonitas,
505 1759 647 1799 opera
678 1752 947 1786 nostrorum
978 1745 1168 1786 Patrum
1200 1757 1299 1796 usa,
1331 1744 1533 1794 reduxit,
1568 1742 1905 1792 reconciliauit,

276 1826 320 1860 et
341 1819 543 1859 restituit
566 1819 611 1858 in
628 1819 847 1870 gratiam.
867 1817 1024 1869 Quare
1040 1823 1171 1857 tanta
1190 1817 1395 1869 quotidie
1413 1817 1598 1866 crescit,
1619 1821 1662 1855 et
1679 1820 1763 1864 est,
1783 1813 1908 1865 apud

278 1903 439 1932 omnes
461 1891 516 1930 de
537 1889 753 1929 Patribus
775 1889 949 1928 nostris
971 1888 1144 1939 opinio,
1168 1895 1218 1928 ut
1249 1887 1517 1928 existiment
1539 1885 1654 1925 nihil
1685 1896 1786 1925 esse
1812 1890 1909 1924 tam

278 1961 476 2011 difficile,
499 1961 613 2001 nihil
633 1966 729 2001 tam
751 1960 964 2009 arduum,
990 1959 1113 2010 quod
1134 1970 1227 1999 non
1248 1957 1520 2009 perficiatur
1541 1957 1750 2007 ipsorum
1768 1967 1910 2007 opera

277 2040 321 2073 et
342 2033 635 2073 auctoritate.
668 2031 987 2082 Quamobrem
1016 2030 1291 2081 saepissime
1322 2034 1630 2069 accersuntur
1661 2027 1720 2067 ad
1750 2037 1912 2067 eorum

277 2105 480 2156 gratiam
501 2103 914 2150 reconciliandam,
939 2102 1018 2153 qui
1040 2102 1161 2142 inter
1183 2113 1232 2141 se
1255 2100 1410 2140 animo
1440 2106 1484 2140 et
1515 2100 1754 2139 uoluntate
1782 2097 1912 2137 dissi-

280 2176 401 2215 dent.
427 2175 575 2215 Huius
597 2175 739 2225 igitur
760 2174 828 2214 rei
850 2185 1008 2221 causa,
1035 2184 1141 2212 cum
1163 2171 1352 2224 quidam
1374 2183 1432 2211 ex
1453 2170 1628 2210 nostris
1654 2169 1914 2209 accersitus

280 2254 416 2295 esset,
439 2247 594 2298 gratia
616 2246 738 2286 inter
761 2257 841 2285 eos
863 2256 1061 2297 quorum
1083 2255 1226 2283 causa
1248 2243 1400 2283 iuerat
1418 2241 1694 2292 composita,
1717 2240 1779 2280 ibi
1796 2239 1915 2279 alios

282 2318 508 2370 quosdam
530 2329 632 2357 esse
661 2316 887 2357 intellexit
917 2315 1054 2367 graui
1081 2314 1287 2366 quodam
1320 2312 1425 2353 odio
1451 2319 1589 2364 atque
1612 2311 1806 2352 dissidio
1828 2310 1915 2350 dis—

282 2395 472 2429 tractos.
498 2387 600 2439 Quo
622 2388 811 2439 cognito
834 2387 993 2427 statim
1021 2397 1070 2426 se
1100 2397 1154 2425 eo
1188 2384 1398 2435 contulit,
1424 2390 1473 2424 ut
1494 2394 1577 2423 eos
1599 2383 1646 2422 in
1668 2382 1916 2434 pristinam

285 2459 587 2499 concordiam
625 2459 886 2499 reduceret.
928 2456 1018 2498 Sed
1057 2468 1164 2497 cum
1198 2467 1350 2507 neque
1384 2454 1634 2505 negocium
1670 2452 1913 2502 conficere,

284 2542 434 2582 neque
455 2531 547 2570 ullo
563 2536 703 2581 pacto
722 2529 841 2569 inter
858 2540 940 2568 eos
956 2528 1160 2579 gratiam
1178 2537 1458 2578 componere
1474 2530 1647 2576 posset,
1668 2524 1917 2576 quemdam

287 2602 364 2652 qui
384 2613 528 2652 prope
550 2602 596 2641 in
617 2601 781 2641 eadem
801 2600 976 2640 uicinia
1003 2598 1217 2649 grauiter
1245 2596 1546 2649 aegrotabat,
1579 2596 1747 2647 quique
1775 2595 1868 2634 iam
1894 2607 1918 2634 e

288 2672 386 2711 uita
406 2671 689 2721 discedebat,
713 2670 917 2710 inuisere
939 2669 1120 2719 statuit;
1145 2668 1208 2708 ibi
1228 2679 1335 2708 cum
1362 2673 1500 2717 esset,
1532 2667 1611 2714 illi,
1643 2665 1920 2717 quibuscum

288 2742 401 2781 nihil
421 2753 563 2793 agere
585 2742 749 2793 potuit,
773 2753 828 2781 eo
850 2748 899 2781 ut
921 2740 1135 2780 uenirent
1157 2738 1357 2779 curauit.
1382 2737 1558 2789 Quibus
1588 2736 1823 2787 adductis,
1853 2736 1929 2776 eis

290 2823 486 2863 aegrum
507 2812 601 2852 iam
624 2812 830 2852 animam
853 2816 1087 2862 agentem,
1121 2816 1165 2850 et
1196 2809 1253 2850 ab
1283 2808 1551 2849 hominibus
1581 2807 1927 2858 demigrantem

346 2971 358 2991 ⁵
395 2971 431 2999 P.
448 2971 594 3004 Jacobus
607 2971 725 2999 Miron.
