2028 3328
275 137 345 174 724
788 137 1014 174 LITTERAE
1042 148 1400 181 QUADRIMESTRES

273 240 321 274 ut
351 234 523 273 rectius
550 239 708 284 posset
738 240 997 285 praestare,
1027 234 1224 284 singulis
1252 235 1621 276 hebdomadibus
1658 239 1909 279 confiteba-

272 313 360 356 tur;
393 305 516 356 quod
546 306 716 345 bonum
744 305 1008 356 intelligens
1036 310 1262 355 quantum
1290 312 1432 356 esset,
1457 307 1603 347 noluit
1626 319 1903 358 germanam

271 388 403 416 suam
424 387 479 416 eo
502 388 678 427 carere,
703 377 778 416 cui
799 377 945 416 suasit
968 382 1016 415 ut
1040 376 1161 415 idem
1184 376 1306 426 quod
1329 376 1431 427 ipsa
1461 384 1741 428 praestaret.

348 447 612 498 Praeterea,
634 459 739 488 cum
757 448 829 487 his
846 459 990 498 prope
1009 447 1180 497 elapsis
1196 446 1359 487 diebus
1377 447 1435 487 ad
1455 449 1705 499 quemdam
1722 457 1903 492 nostro-

268 531 370 559 rum
387 520 664 559 accessisset
686 519 754 559 uir
773 519 976 570 quidam,
1001 518 1079 569 qui
1102 524 1406 558 contraxerat
1424 520 1775 562 matrimonium
1796 533 1902 563 cum

269 590 361 630 tilia
383 602 481 640 sua,
506 602 662 641 quam,
687 601 792 629 cum
814 589 945 629 duxit
962 600 1173 638 uxorem,
1194 589 1446 639 ignorabat
1462 590 1605 631 filiam
1628 603 1762 632 suam
1782 605 1898 642 esse,

267 667 367 701 erat
390 661 514 701 enim
533 667 643 701 nata
667 672 725 700 ex
746 659 1022 709 concubina3
1047 658 1126 698 sed
1145 665 1309 710 postea
1327 672 1376 700 re
1393 661 1598 712 cognita,
1625 662 1815 713 quidam
1832 676 1902 704 sa-

266 732 431 773 cerdos
459 744 563 772 eum
594 731 793 771 absoluit
824 736 1014 781 propter
1046 730 1205 770 nescio
1239 742 1379 782 quam
1414 732 1613 784 bullam,
1647 745 1730 784 per
1761 746 1898 786 quam

265 803 486 844 sacerdos
508 802 807 843 existimabat
830 802 922 841 tale
944 800 1076 840 nefas
1098 813 1236 852 posse
1259 802 1454 843 absolui:
1478 804 1600 843 unde
1622 804 1693 844 uir
1715 805 1802 845 iste
1824 805 1897 846 de-

264 887 366 915 cem
394 881 437 914 et
468 886 552 914 sex
579 880 657 913 aut
693 873 854 913 decem
882 879 926 912 et
955 878 1133 923 septem
1165 873 1301 912 annis
1338 875 1718 916 communicauit.
1759 875 1899 917 Pater

266 958 371 986 eum
392 946 639 986 certiorem
659 944 768 984 fecit
791 943 846 983 de
868 943 1076 994 periculo
1099 944 1282 983 animae
1305 955 1432 995 suae,
1458 951 1501 984 et
1530 946 1594 985 ita
1625 947 1699 986 vir
1725 947 1897 988 dimisit

266 1029 475 1057 uxorem.

341 1088 399 1128 Et
427 1088 543 1128 haec
569 1093 695 1137 sunt,
728 1098 846 1138 quae
876 1087 1005 1137 potui
1036 1092 1144 1126 tuae
1179 1085 1301 1126 Rdass
1327 1086 1606 1127 Paternitati
1637 1088 1693 1128 de
1723 1090 1898 1129 nostris

262 1160 476 1199 Patribus
497 1159 718 1199 scribere:
741 1158 797 1197 de
819 1157 1113 1197 scholasticis
1135 1157 1199 1197 nil
1218 1163 1289 1197 est
1310 1157 1434 1209 quod
1451 1158 1620 1209 dicam,
1641 1159 1730 1200 nisi
1747 1172 1827 1200 eos
1846 1161 1893 1201 in

260 1231 425 1282 spiritu
447 1229 724 1279 obedientia,
748 1229 909 1279 literis,
934 1228 1189 1279 modestia,
1214 1229 1261 1268 in
1289 1228 1388 1268 dies
1416 1229 1666 1280 proficere:
1697 1231 1893 1282 singulis

258 1302 418 1342 diebus
448 1300 692 1341 dominicis
720 1299 1033 1340 defenduntur
1060 1299 1322 1350 positiones
1357 1311 1439 1340 seu
1472 1300 1684 1342 scholae:
1715 1302 1774 1342 ad
1806 1302 1893 1342 has

255 1374 385 1413 multi
407 1371 677 1412 scholastici
698 1371 890 1411 veniunt
910 1370 1272 1421 argumentandi
1293 1371 1462 1422 gratia,
1498 1377 1542 1411 et
1569 1377 1637 1412 tot
1667 1379 1717 1412 ut
1747 1385 1889 1425 saepe

255 1456 345 1484 non
368 1444 474 1483 licet
495 1443 747 1494 vnicuique
768 1453 1031 1494 proponere
1052 1441 1140 1481 nisi
1158 1442 1265 1492 duO,
1286 1448 1365 1482 aut
1384 1442 1443 1482 ad
1460 1453 1691 1483 summum
1714 1443 1804 1483 tria
1822 1456 1891 1484 ar-

252 1520 494 1565 gumenta,
518 1520 567 1554 ut
591 1514 806 1553 omnibus
828 1520 1011 1564 tempus
1042 1519 1258 1564 suppetat
1290 1514 1675 1564 argumentandi:
1700 1515 1746 1555 in
1767 1514 1889 1556 Aca-

251 1586 404 1626 demia
429 1584 454 1636 ¹,
478 1585 525 1625 in
547 1585 776 1625 modestia
805 1590 849 1624 et
877 1584 924 1624 in
945 1584 1108 1634 literis,
1139 1595 1275 1624 nemo
1298 1584 1402 1624 illos
1430 1592 1644 1636 superat:
1668 1592 1763 1626 tres
1783 1592 1890 1626 sunt

250 1656 439 1697 admissi
461 1657 509 1697 in
530 1655 787 1706 Societate;
811 1667 1011 1707 quorum
1032 1667 1154 1695 Vnus
1176 1655 1222 1695 in
1244 1655 1473 1695 latinitate
1494 1657 1691 1696 multum
1713 1657 1888 1697 exerci-

249 1734 390 1779 tatus,
415 1728 506 1768 duo
538 1729 750 1768 ualentes
780 1726 1015 1766 dialectici
1044 1732 1088 1766 et
1115 1726 1400 1778 philosophi;
1432 1727 1512 1778 qui
1540 1733 1584 1767 et
1611 1739 1697 1767 nos
1727 1739 1888 1769 omnes

248 1799 559 1851 indignissimi
590 1799 668 1839 filii
696 1798 762 1838 tui
790 1798 960 1838 obnixe
994 1798 1303 1849 postulamus,
1342 1803 1391 1837 ut
1427 1809 1454 1837 a
1490 1797 1590 1838 Deo
1626 1804 1720 1850 opt.
1759 1810 1884 1839 max.

245 1882 428 1922 semper
456 1870 521 1921 (ut
546 1869 679 1920 facis)
708 1876 856 1921 petas,
888 1875 935 1908 ut
962 1869 1009 1908 in
1035 1868 1113 1908 uia
1141 1868 1471 1909 mandatorum
1503 1875 1548 1909 et
1579 1869 1884 1911 consiliorum

245 1942 344 1982 eius
366 1941 552 1981 assidue
574 1952 659 1981 nos
682 1951 1005 1980 exerceamus.

322 2012 441 2053 Vale
462 2012 509 2052 in
532 2011 719 2052 Christo
740 2011 851 2063 Jesu
871 2010 1074 2050 Domino
1097 2016 1274 2050 nostro.

400 2083 664 2132 Valentiae‚
688 2082 713 2122 4
735 2082 821 2122 cal.
846 2081 1063 2134 Januarii
1088 2081 1206 2121 1555.

453 2154 811 2205 Indignissimus
835 2164 1016 2203 seruus,

978 2294 1161 2335 PErRus
1191 2294 1423 2334 LUD01cus
1454 2294 1658 2335 BEUTER.

318 2508 673 2559 Superscrz'ptio
695 2508 744 2548 ln
767 2511 942 2559 quarta
965 2507 1186 2559 pagina:
1215 2506 1487 2547 Admodum
1515 2505 1792 2546 Reuerendo
1825 2507 1872 2547 in

236 2579 318 2618 X.⁰
359 2579 484 2620 Patri
523 2579 583 2620 M.
610 2578 837 2630 ignatio,
880 2578 1156 2630 Praeposito
1197 2577 1409 2628 generali
1449 2576 1698 2618 Societatis
1739 2578 1867 2630 Jesu.

238 2649 453 2690 Romam.

315 2720 426 2760 Alsa
448 2732 611 2760 mann:
636 2720 749 2761 1555.
774 2720 1011 2761 Valentia.
1036 2719 1418 2771 Quadrimestres
1437 2718 1490 2759 29
1511 2718 1803 2760 Decembris,

290 2879 297 2898 ¹
338 2879 493 2913 Intellige
510 2879 733 2906 Valentinum
749 2879 1041 2908 Universitatem.
