2028 3328
243 107 313 145 748
762 108 987 145 LITTERAE
1015 118 1372 152 QUADRIMESTRES

245 217 270 244 a
292 205 446 255 Patre,
470 211 520 245 vt
540 205 611 245 bis
632 211 795 257 terque
829 206 1031 257 quotidie
1060 206 1117 245 ab
1149 217 1202 245 eo
1231 204 1481 244 conciones
1513 203 1673 244 audire
1702 205 1880 244 deside-

243 284 361 327 rent3
381 275 504 328 quod
521 276 559 316 si
575 277 719 326 fieret,
735 276 929 317 vixdum
947 283 1057 328 puto
1076 287 1236 316 eorum
1250 275 1432 315 animus
1446 277 1725 326 expleretur.
1744 275 1878 315 Duas

247 349 542 400 potissimum
565 350 814 388 conciones
837 349 895 388 ad
919 349 1140 399 populum
1163 347 1346 396 habuit,
1380 359 1438 386 ex
1469 346 1634 398 quibus
1670 347 1880 396 profecto

245 430 469 469 magnum
484 426 552 459 est
570 420 903 471 subsequutum
923 420 1299 458 emolumentum.
1315 417 1488 457 Habuit
1504 429 1665 457 earum
1683 418 1879 457 alteram

243 490 290 530 in
307 489 515 541 Reginae
533 490 764 530 Dominae
782 491 1020 530 Elisabeth
1038 490 1262 540 exequiis,
1284 489 1448 540 quibus
1467 488 1651 540 quidem
1670 487 1878 527 interfuit

247 561 458 612 Praeses,
497 568 540 602 et
577 562 732 611 Curia,
767 569 904 613 atque
929 562 1129 601 Basilica
1160 561 1323 610 Regia,
1355 572 1537 600 necnon
1562 559 1765 599 ciuitatis
1786 571 1879 599 ma-

244 633 486 684 gistratus,
510 640 553 673 et
575 634 735 683 magni
758 634 897 672 etiam
926 633 1298 680 concionatores,
1323 638 1366 671 et
1388 631 1617 670 Dominus
1639 630 1881 681 Archiepi-

246 715 418 755 scopus
435 716 539 744 cum
558 717 641 744 sua
660 705 875 744 ccclesia.
900 703 1062 743 Altera
1079 715 1192 743 vero
1210 704 1293 743 fuit
1312 703 1486 751 Iudicii,
1508 714 1626 753 quae
1644 713 1756 741 sane
1776 713 1881 741 con-

248 777 319 816 cio
342 777 607 815 auditorum
629 776 794 815 animis
817 787 910 814 non
933 775 1216 814 mediocrem
1239 774 1433 813 incussit
1455 774 1684 813 timorem.

326 846 654 887 Confessiones
675 846 974 897 quotidianae
997 852 1091 885 tam
1113 846 1286 885 multae
1309 851 1428 894 sunt,
1449 851 1499 883 vt
1516 845 1583 884 eis
1605 843 1881 883 satisfacere

245 929 339 957 non
362 918 499 958 liceat
521 918 609 957 nisi
632 929 735 956 cum
759 917 924 956 maiori
946 917 1089 956 multo
1109 928 1301 955 numero
1325 915 1722 955 confessariorum
1741 926 1883 965 quam

247 989 322 1028 hic
355 989 593 1028 habemus.
619 989 666 1027 In
699 988 898 1039 quodam
928 986 1145 1038 jubilaeo,
1179 999 1316 1038 quem
1337 986 1584 1026 habuimus
1607 985 1770 1036 paucis
1791 986 1882 1025 die-

248 1059 334 1099 bus
356 1067 462 1099 ante
485 1059 789 1099 Natiuitatem
812 1058 1082 1098 Servatoris
1104 1058 1267 1107 nostri,
1292 1057 1479 1097 ducenti
1500 1057 1596 1097 fere
1619 1056 1770 1096 tribus
1791 1055 1883 1095 die-

247 1131 335 1170 bus
357 1132 494 1171 nobis
516 1131 717 1170 confessi
740 1137 861 1178 sunt,
887 1130 1172 1180 totidemque
1195 1129 1623 1177 communicarunt,
1648 1128 1695 1167 in
1717 1127 1883 1178 quibus

248 1202 435 1253 quidem
458 1202 514 1241 ab
536 1208 659 1241 statu
683 1201 998 1241 damnationis
1027 1200 1159 1240 multi
1182 1200 1227 1239 in
1256 1199 1447 1239 Domini
1476 1199 1747 1250 obsequium
1779 1210 1883 1238 con-

247 1273 373 1313 uersi
396 1279 518 1322 sunt3
542 1273 886 1323 negotiationes
909 1279 1152 1323 praeterea
1170 1271 1358 1311 illicitae
1376 1282 1469 1310 non
1487 1281 1666 1321 paucae
1687 1270 1883 1309 resarci-

248 1350 323 1383 tae
360 1350 480 1383 sunt.
512 1343 847 1383 Restitutiones
875 1343 1014 1383 etiam
1045 1343 1230 1391 multae,
1269 1350 1313 1381 et
1351 1341 1582 1393 quaedam
1618 1341 1737 1380 inter
1768 1341 1885 1380 alias

249 1415 609 1466 quingentorum
631 1415 906 1454 ducatorum
927 1414 1053 1454 facta
1075 1420 1159 1453 est.

329 1485 444 1525 Tres
462 1486 730 1525 inimicitiae
749 1485 1078 1525 reconciliatae
1096 1490 1217 1524 sunt.
1238 1483 1393 1523 Prima
1412 1482 1565 1523 fuerat
1582 1495 1665 1523 sex
1685 1483 1884 1534 fratrum

251 1556 477 1596 aduersus
496 1557 636 1596 alium
652 1557 847 1596 fratrem
863 1556 984 1596 inter
1002 1567 1139 1607 quem
1160 1561 1203 1594 et
1225 1554 1369 1594 filium
1390 1555 1445 1594 lis
1461 1561 1563 1594 orta
1583 1559 1697 1603 erat余
1716 1565 1883 1593 verum

251 1639 356 1667 cum
376 1633 510 1679 pater
532 1633 669 1679 atque
691 1628 810 1667 filius
838 1628 913 1667 hic
936 1626 1283 1675 confiterentur,
1308 1626 1355 1665 in
1376 1625 1579 1676 gratiam
1601 1625 1796 1675 rediere,
1829 1624 1884 1664 si-

250 1699 435 1750 mulque
458 1699 505 1738 in
526 1699 727 1749 patriam
750 1710 911 1738 omnes
932 1699 1110 1738 reuersi
1132 1706 1253 1739 sunt.
1272 1697 1438 1738 Altera
1458 1708 1573 1736 vero
1590 1696 1743 1736 fuerat
1764 1695 1884 1735 inter

251 1770 382 1821 duos,
406 1770 534 1810 viros
557 1770 744 1822 quidem
765 1770 934 1810 diuites
957 1777 1095 1822 atque
1117 1770 1388 1819 honoratos,
1416 1779 1615 1820 quorum
1637 1768 1754 1807 alter
1776 1768 1885 1806 alte-

251 1853 354 1881 rum
376 1842 512 1893 alapa
534 1848 853 1893 percusserat余
887 1853 1053 1881 caesus
1084 1847 1240 1881 autem
1268 1841 1577 1881 damnauerat
1604 1850 1735 1878 reum
1757 1839 1886 1889 quin-

251 1913 404 1963 gentis
426 1913 608 1953 ducatis
630 1913 783 1953 aureis
808 1919 852 1953 et
884 1913 1084 1964 quinque
1107 1923 1336 1952 annorum
1358 1910 1513 1960 exilio,
1539 1909 1662 1961 quod
1683 1909 1721 1949 si
1742 1909 1887 1949 viola-

253 1989 341 2034 ret,
373 1984 431 2024 ad
461 1984 677 2024 triremes
704 1984 954 2024 damnatus
977 1990 1097 2033 erat余
1129 1990 1456 2023 verumtamen
1490 1991 1742 2032 percussus
1780 1991 1887 2019 cum

253 2054 554 2095 confiteretur
571 2055 661 2105 hic,
682 2055 933 2095 accersiuit
950 2054 1290 2103 aduersarium,
1308 2064 1467 2093 coram
1482 2064 1572 2103 quo
1590 2058 1634 2090 et
1653 2051 1756 2090 aliis
1773 2051 1887 2090 uiris

253 2126 463 2166 honestis
490 2126 618 2166 flexit
648 2137 803 2177 genua
830 2126 1112 2176 veniamque
1142 2124 1200 2164 ad
1228 2123 1503 2164 aduersario
1533 2122 1715 2174 petiuit,
1747 2133 1887 2172 quam

253 2197 360 2237 dum
389 2198 783 2248 contemplaretur
811 2197 1120 2236 humilitatem
1147 2207 1275 2244 reus,
1306 2201 1551 2244 utrumque
1578 2193 1706 2233 flexit
1737 2192 1878 2243 popli-

253 2273 361 2314 tem,
381 2280 521 2319 seque
543 2269 715 2308 mutuis
732 2268 914 2308 fletibus
937 2267 1167 2318 complexi
1185 2272 1306 2306 sunt.
1328 2265 1577 2305 Caeterum
1596 2263 1673 2315 qui
1690 2263 1888 2303 aderant

254 2339 555 2390 inspicientes
583 2339 670 2379 Dei
697 2338 1084 2388 misericordiam,
1119 2349 1168 2377 se
1197 2350 1223 2377 a
1251 2335 1509 2387 lachrymis
1536 2334 1770 2374 abstinere
1793 2345 1887 2373 non

255 2416 494 2461 poterant3
530 2410 685 2461 itaque
721 2410 859 2450 amici
891 2409 1005 2449 facti
1041 2415 1171 2456 sunt',
1207 2408 1289 2447 sed
1318 2417 1570 2458 percussus
1602 2404 1888 2445 condonauit

257 2481 537 2531 quingentos
558 2481 772 2528 ducatos,
795 2487 882 2520 etc.
902 2480 1060 2520 Tertia
1077 2479 1161 2520 fuit
1179 2478 1422 2518 cuiusdam
1442 2477 1548 2527 viri,
1569 2476 1645 2528 qui
1663 2475 1801 2515 nullis
1817 2486 1886 2514 ra-

256 2551 458 2591 tionibus
492 2552 774 2602 persuadere
809 2551 898 2591 sibi
932 2557 1115 2602 poterat
1150 2556 1199 2590 vt
1234 2550 1276 2589 ei
1310 2548 1580 2589 conueniret
1608 2558 1714 2586 cum
1740 2546 1890 2586 tribus

258 2621 558 2673 aduersariiS,
583 2634 699 2673 quos
720 2622 936 2673 habebat余
956 2622 1037 2661 sed
1055 2620 1298 2661 confessus
1313 2619 1404 2670 hic,
1424 2630 1504 2659 eos
1526 2617 1670 2658 adiuit
1691 2617 1827 2657 simul
1845 2622 1890 2656 et

258 2692 305 2731 in
325 2693 529 2743 gratiam
549 2692 700 2732 rediit.

337 2763 457 2802 Ludi
484 2769 529 2803 et
558 2763 819 2803 iuramenta
854 2769 1041 2803 cessant
1074 2773 1249 2813 magna
1285 2773 1344 2802 ex
1378 2766 1526 2812 parte.
1559 2758 1892 2800 Confessiones

260 2844 373 2872 vero
396 2839 533 2884 atque
555 2834 906 2873 communiones
934 2834 1290 2885 frequentantur
1321 2833 1531 2872 multum.
1561 2830 1649 2870 Die
1676 2828 1890 2869 natalitio

262 2902 527 2943 Seruatoris
548 2905 695 2944 nostri
717 2905 900 2955 vesperi
921 2904 1060 2944 Pater
1081 2911 1241 2944 noster
1262 2902 1420 2943 inuisit
1442 2901 1659 2959 mulieres
1675 2899 1890 2952 publicas
