2028 3328
163 104 234 142 302
687 104 910 141 LITTERAE
926 115 1282 147 QUADRIMESTRES

165 200 331 240 effecit:
350 200 417 240 sic
438 201 561 240 enim
583 208 627 240 et
643 207 750 241 tuae
768 202 997 241 uoluntati
1015 208 1060 241 et
1082 208 1272 241 nostrae
1290 201 1583 241 obedientiae
1604 213 1794 253 respon-

165 271 391 312 debimus.

243 341 507 382 Literarum
529 343 698 393 studia,
719 349 763 382 et
785 343 942 383 omnia
966 343 1316 383 exercitationis
1333 355 1508 394 genera
1527 344 1573 383 in
1595 343 1795 394 discipli-

164 414 237 453 nis
267 426 322 454 ac
351 414 574 463 scientiis,
598 420 927 465 praeterquam
950 414 1073 465 quod
1102 414 1147 453 in
1179 414 1341 454 eodem
1364 426 1454 466 quo
1478 416 1626 454 solent
1655 426 1795 454 cursu

165 485 278 535 sint,
301 484 507 536 quotidie
533 484 630 524 fere
659 484 847 535 aliquod
875 485 1214 524 incrementum
1244 491 1451 535 sumunt,
1476 497 1561 525 nec
1597 485 1795 537 quicque

164 568 222 603 ex
250 556 326 604 iis,
359 556 448 595 nisi
480 556 601 607 quod
622 555 848 595 maiorem
882 555 1186 595 intentionem
1215 563 1294 596 aut
1314 557 1564 596 Vtilitatem
1595 555 1792 605 adferat,

162 627 428 667 remittitur.
453 626 614 677 Itaque
636 632 680 665 et
701 626 944 665 domestici
966 632 1009 665 et
1037 626 1175 666 alieni
1206 627 1252 666 in
1274 627 1542 678 cognitione
1564 627 1795 667 doctrina-

163 709 265 738 rum
288 698 481 737 multum
504 697 771 748 proficiunt,
797 708 902 736 cum
925 696 1160 737 auditione
1184 697 1394 748 assidua,
1420 704 1515 738 turn
1539 697 1796 753 scriptione

162 768 408 821 frequenti.
433 768 521 808 Sed
544 779 686 819 quum
708 768 826 807 haec
848 770 982 819 quasi
1012 769 1248 819 praesidia
1277 769 1507 820 quaedam
1535 769 1593 809 ad
1616 769 1795 809 maiora

163 839 451 880 conficienda
480 844 827 889 comparantur,
859 839 906 878 in
927 850 998 887 eo,
1019 840 1151 879 cuius
1179 851 1323 880 causa
1344 840 1462 880 haec
1484 840 1792 891 attinguntur,

162 921 325 951 omnes
346 910 675 960 cogitationeS,
700 921 886 949 omnem
911 911 1191 950 laboremet
1220 911 1499 951 industriam
1529 912 1678 951 nostri
1705 911 1794 951 fra-

161 987 257 1022 tres
291 982 545 1029 collocant,
580 980 643 1019 ita
678 985 727 1019 ut
761 988 859 1020 tam
875 980 999 1020 domi
1021 993 1160 1032 quam
1195 981 1309 1022 foris
1342 982 1528 1022 uirtutis
1558 982 1796 1033 specimen

162 1051 317 1092 edant.
341 1052 451 1102 Alii,
475 1051 553 1102 qui
574 1051 831 1091 domestica
850 1058 1015 1091 curant
1031 1053 1237 1103 negotia,
1257 1053 1301 1092 id
1320 1064 1503 1104 quoque
1520 1052 1722 1104 student,
1747 1059 1795 1092 ut

162 1123 208 1162 in
230 1124 319 1162 hac
341 1128 506 1162 sancta
526 1121 754 1173 religione
775 1121 913 1162 finem
935 1123 1227 1174 propositum
1249 1131 1613 1175 consequantur,
1638 1130 1682 1164 et
1704 1124 1795 1164 hoc

162 1206 245 1246 pro
280 1205 329 1233 se
363 1192 522 1233 sedulo
550 1193 746 1244 quisque
775 1193 975 1244 faciens,
1000 1206 1178 1243 omnes,
1202 1206 1284 1246 per
1318 1195 1407 1235 Dei
1441 1195 1792 1246 benignitatem,

168 1265 266 1304 uita
289 1275 343 1304 ac
365 1265 578 1315 exemplo
602 1271 798 1315 prosunt
817 1265 1047 1316 proximo.
1224 1315 1227 1319 ⁴

241 1335 395 1375 Pridie
417 1347 557 1386 quam
579 1335 842 1375 studiorum
864 1337 1149 1376 curriculum
1171 1336 1538 1388 ingrederemur,
1565 1338 1796 1390 epigram-

163 1412 287 1446 mata
310 1406 514 1446 hebraea
536 1411 581 1445 et
607 1417 783 1457 graeca
806 1406 865 1446 ad
886 1418 1047 1447 omnes
1070 1407 1326 1458 auditores,
1351 1408 1497 1448 latina
1523 1409 1571 1448 in
1591 1409 1793 1460 singulo-

164 1489 267 1517 rum
298 1477 508 1517 uirorum
536 1477 742 1527 laudem,
776 1478 853 1529 qui
885 1478 1113 1529 dignitate
1144 1479 1468 1530 praestabant,
1493 1480 1796 1531 pronunciari

163 1550 454 1598 curauimus‚
479 1555 523 1588 et
544 1555 707 1600 postea
729 1549 967 1589 orationes
988 1549 1107 1589 duae
1129 1550 1315 1590 habitae
1337 1557 1465 1600 sunt,
1490 1562 1581 1591 una
1603 1562 1792 1601 graeca,

159 1621 307 1659 altera
338 1620 507 1669 latina,
538 1632 657 1670 quae
689 1620 845 1660 omnia
876 1620 963 1660 Dei
993 1620 1156 1661 fauore
1189 1628 1285 1661 tam
1320 1621 1546 1661 foeliciter
1580 1622 1794 1662 confecta

158 1696 285 1742 sunt,
309 1697 359 1730 ut
381 1691 587 1730 omnium
608 1691 793 1731 laudem
816 1698 861 1731 et
882 1693 1096 1743 plausum
1119 1693 1461 1744 promouerint,
1486 1694 1611 1744 quod
1633 1694 1795 1745 optimi

158 1762 328 1814 quique
351 1768 395 1801 et
416 1762 694 1802 nobilissimi
716 1774 822 1802 cum
843 1763 973 1802 uultu
995 1770 1092 1803 tum
1115 1764 1271 1803 uerbis
1292 1764 1576 1804 indicabant.
1598 1764 1793 1805 Audito·

156 1844 261 1873 rum
276 1833 537 1884 frequentia
556 1839 687 1872 tanta
706 1839 821 1883 erat,
842 1841 1066 1885 quantam
1084 1836 1215 1874 locus
1239 1846 1408 1886 capere
1427 1841 1625 1886 poterat:
1650 1836 1793 1875 homi-

156 1916 239 1944 nes
278 1916 337 1944 ex
376 1904 502 1944 omni
528 1915 702 1955 genere
743 1916 797 1944 ac
838 1904 1104 1945 conditione
1151 1912 1492 1946 conueneranti
1535 1907 1655 1946 inter
1690 1907 1793 1946 reli-

156 1987 288 2027 quos,
331 1975 410 2026 qui
444 1975 729 2015 authoritate
775 1987 830 2015 ac
865 1976 1107 2016 nobilitate
1144 1977 1392 2017 clarissimi
1427 1983 1591 2028 erant,
1630 1978 1794 2018 aderat

156 2045 316 2086 Rmus.
338 2046 603 2086 Cardinalis
634 2046 642 2064 ¹
672 2058 765 2085 vna
802 2058 908 2086 cum
927 2055 1141 2098 praetore
1163 2048 1636 2100 frequentissimoque
1658 2060 1790 2089 sena-

156 2123 221 2167 tu,
254 2117 414 2157 Rmus.
456 2117 720 2168 Episcopus
752 2116 1082 2169 Syracusanus
1116 2119 1145 2169 ²,
1185 2119 1352 2171 quibus
1380 2120 1594 2159 omnibus
1626 2126 1788 2160 nostra

156 2188 366 2228 instituta
398 2188 462 2228 ita
483 2189 717 2239 placuere,
741 2196 790 2227 ut
811 2195 1118 2239 precarentur
1139 2190 1273 2229 nobis
1302 2190 1508 2230 omnium
1537 2202 1693 2230 rerum
1715 2203 1792 2231 no-

159 2267 365 2299 strarum
386 2260 526 2299 talem
549 2271 833 2299 successum.

239 2330 551 2380 Concionum,
576 2342 695 2382 quae
716 2330 963 2370 dominicis
985 2331 1146 2371 diebus
1168 2331 1213 2371 in
1244 2338 1404 2372 nostro
1435 2334 1607 2384 templo
1631 2333 1792 2373 haberi

158 2403 331 2452 solent,
355 2402 482 2441 nulla
503 2400 552 2441 fit
575 2401 802 2441 remissio.
828 2401 1055 2441 Doctrina
1078 2403 1358 2454 christiana,
1383 2415 1502 2455 quae
1532 2401 1695 2444 diebus
1716 2415 1790 2444 ve-

157 2472 284 2511 neris
320 2471 539 2522 docetur,
576 2483 750 2523 magno
785 2471 942 2512 fructu
978 2473 1292 2523 continuatur,
1325 2474 1716 2526 quemadmodum
1748 2481 1791 2515 et

155 2543 407 2583 conciones
424 2543 470 2582 in
488 2543 785 2583 monasteriis
801 2555 1047 2584 sacrarum
1063 2545 1315 2596 uirginum:
1336 2546 1411 2598 qui
1434 2546 1631 2596 laboreS,
1650 2557 1791 2597 quam

158 2614 416 2653 vberrimos
437 2613 617 2654 fructus
638 2613 875 2663 adferant,
899 2626 993 2654 non
1014 2615 1151 2655 facile
1172 2615 1385 2656 dixerim.

236 2683 367 2724 Multi
389 2691 529 2733 certe,
554 2691 597 2724 et
619 2685 823 2724 maxime
841 2696 899 2724 ex
915 2685 1141 2725 nobilium
1155 2697 1342 2737 genere,
1362 2693 1611 2739 postquam
1628 2687 1687 2728 ad
1704 2700 1790 2729 nos

216 2869 223 2888 Ι
264 2868 387 2895 Petrus
403 2868 584 2902 'l'agliavia
601 2869 640 2894 dc
658 2868 809 2902 Aragon,
827 2868 1092 2896 panormitanus
1108 2869 1294 2905 Episcopus
1308 2875 1340 2898 et
1354 2871 1562 2900 Cardinalis.

214 2916 227 2935 ἓ
266 2915 493 2951 Hieronymus
510 2916 548 2942 dc
566 2915 728 2942 Bononia.
