2028 3328
213 148 280 185 106
725 148 952 186 LITTERAE
971 160 1329 193 QUADRIMESTRES

210 247 356 297 tione,
400 247 681 297 vigesimum
722 247 932 298 quintum
979 259 1209 299 superans
1249 260 1447 299 annum,
1490 248 1844 289 humanioribus

209 319 357 359 literis
379 319 496 358 dans
519 329 729 369 operam,
754 318 903 357 bonae
927 318 1095 358 indolis
1117 331 1172 359 ac
1195 330 1332 359 rarae
1354 318 1626 359 modestiae.

288 390 484 441 Reliqui,
510 401 703 428 numero
725 389 900 440 decern,
938 389 1060 430 bona
1096 390 1336 441 potiuntur
1371 389 1664 440 valetudine,
1704 396 1842 442 atque

209 463 469 503 studiorum
492 471 748 512 piogressu
768 467 1065 511 promouent.
1085 461 1251 513 quibus
1273 461 1318 501 id
1340 461 1599 501 iniunctum
1622 467 1712 512 est,
1733 472 1843 513 quo-

210 544 313 573 rum
342 539 436 572 tres
464 531 610 571 literis
645 531 1000 571 humanioribus
1022 531 1133 572 dant
1165 543 1379 583 operam,
1411 538 1611 583 quatuor
1640 532 1840 583 philoso-

210 604 396 655 phicam
430 602 673 653 periodum
703 602 971 642 decurrunt.
994 603 1095 653 Ego
1126 603 1252 642 solus
1287 602 1552 654 theologiae
1588 602 1740 642 studio
1775 603 1838 642 in-

210 675 390 715 cumbO.
421 674 631 724 Quatuor
660 679 766 712 sunt
797 672 1086 724 sacerdotes,
1117 675 1273 725 plures
1302 673 1445 714 futuri
1472 674 1511 714 si
1541 685 1624 725 per
1652 674 1839 725 Episco-

208 758 317 797 pum
340 745 563 785 licuisset.

288 817 421 857 Rmus
448 816 679 856 Dominus
709 815 1072 856 Clarmontanus
1108 828 1156 855 se
1191 815 1501 856 Reuerentiae
1536 816 1665 856 Tuae
1701 827 1841 867 quam

209 887 544 929 officiosissime
579 887 890 927 commendat.
928 887 1054 927 Idem
1090 887 1316 938 efflagitat
1351 888 1543 928 illustris
1578 888 1841 928 libellorum

207 960 447 1012 regiorum
481 959 600 1009 Mgr.
638 958 868 998 Dominus
901 959 1154 999 Montanus
1187 958 1212 1009 ¹,
1250 964 1358 999 ante
1394 961 1621 1010 pauculos
1656 971 1844 1000 menses

204 1032 380 1083 Regius
409 1030 718 1071 Consiliarius
746 1036 885 1082 atque
920 1030 1303 1082 supputationum
1332 1029 1501 1071 Curiae
1529 1030 1836 1080 secretarius,

204 1104 283 1156 qui
312 1103 446 1143 nobis
467 1101 604 1142 fidem
626 1101 751 1141 dedit
783 1113 833 1141 se
854 1101 1031 1152 Regem
1064 1113 1204 1152 super
1225 1108 1386 1142 nostro
1416 1102 1606 1153 negotio
1638 1114 1838 1142 conuen-

203 1181 379 1226 turum,
403 1174 441 1214 si
472 1173 681 1223 theologi
711 1184 878 1224 parum
909 1173 1099 1225 propitii
1128 1172 1262 1212 nobis
1288 1172 1474 1212 fuerint.
1505 1172 1715 1213 Medicus
1743 1173 1837 1225 qui-

203 1247 311 1287 dam
346 1245 608 1295 Parisinus,
633 1244 834 1284 Aleman
869 1243 1171 1294 cognomine,
1211 1243 1388 1284 Christi
1419 1244 1608 1284 nomine
1643 1250 1839 1284 nostrae

200 1317 484 1358 valetudinis
520 1327 682 1356 curam
715 1316 859 1366 gerit,
891 1327 1075 1355 omnem
1104 1315 1304 1355 offerens
1334 1315 1468 1355 nobis
1501 1327 1693 1367 operam
1727 1327 1832 1356 cum

201 1390 347 1430 a]tero
369 1388 574 1441 quodam
594 1387 774 1428 medico
796 1399 890 1427 non
911 1387 1096 1427 obscuri
1117 1387 1336 1427 nominis.
1358 1386 1559 1427 Proinde
1580 1394 1835 1439 Vtrumque

199 1460 291 1502 ΡΨ
306 1461 435 1501 Tuae
457 1458 834 1500 commendatum
856 1457 1030 1498 habere
1054 1458 1278 1509 digneris.

277 1531 500 1573 Vniuersi
530 1530 695 1570 Patres
730 1541 786 1570 ac
819 1529 991 1570 fratres
1025 1541 1074 1569 se
1110 1536 1233 1570 totos
1267 1536 1346 1570 tuo
1381 1529 1582 1570 offerunt
1616 1530 1832 1581 imperio.

196 1604 353 1645 omnia
382 1602 657 1654 aggressuri
684 1607 957 1641 constanter
983 1608 1170 1641 tuarum
1199 1601 1464 1641 orationum
1493 1601 1686 1651 fiducia,
1710 1601 1832 1641 inter

195 1686 312 1727 quos
340 1685 413 1713 me
442 1673 671 1723 inutilem,
696 1684 777 1724 spe
799 1672 916 1712 tanti
943 1672 1166 1723 praesidii
1194 1672 1496 1724 gestientem,
1519 1673 1597 1724 pio
1626 1674 1829 1723 patroci-

193 1746 271 1786 nio
293 1744 592 1797 promouebis
619 1755 704 1795 pro
726 1749 924 1794 paterna
947 1749 1025 1783 tua
1048 1743 1237 1794 pietate.

271 1815 412 1866 Vale,
436 1815 485 1856 P.
511 1814 937 1855 obseruandissime
966 1814 1013 1854 in
1040 1814 1225 1855 Christo
1247 1814 1379 1868 Jesu,
1403 1815 1482 1866 qui
1512 1820 1557 1854 te
1589 1815 1722 1855 nobis
1751 1815 1829 1854 diu

192 1893 350 1929 seruet
370 1887 666 1927 incolumem.

270 1958 479 2008 Parisiis,
508 1969 568 1997 ex
597 1957 790 1997 aedibus
821 1955 1188 2008 Clarmontanis,
1215 1956 1394 1998 calend.
1418 1956 1674 1997 Decembr.
1710 1956 1825 1996 1554.

191 2024 391 2077 Imperio
412 2022 506 2063 R.di
527 2023 576 2063 P.
601 2022 792 2063 Domini
813 2021 1057 2062 Paschasii
1078 2022 1236 2062 Broet.

271 2094 399 2136 V.dae
427 2093 732 2134 Paternitatis
753 2099 861 2134 tuae
883 2104 1047 2133 seruus
1069 2093 1116 2133 in
1139 2093 1328 2134 Christo
1356 2093 1590 2144 minimus,

998 2235 1244 2276 RossERTus
1274 2236 1607 2277 CLAYssomth.

269 2451 622 2503 Superscrz‘ptz'o
644 2451 694 2490 in
721 2454 894 2502 quarta
919 2450 1124 2502 pagina.
1149 2449 1251 2490 R.d0
1272 2450 1320 2490 in
1347 2449 1534 2490 Christo
1569 2448 1698 2489 Patri
1733 2449 1826 2489 Do—

188 2521 313 2562 mino
348 2522 530 2572 Ignatio
553 2522 609 2562 de
641 2521 822 2573 Loyola
849 2519 1125 2572 Praeposito
1155 2520 1309 2561 Gnali.
1339 2519 1588 2561 Societatis
1621 2520 1827 2560 nominis

187 2593 313 2645 Jesu.
345 2592 536 2632 Rornae.

265 2662 376 2703 Alta
397 2675 557 2702 mcum.
586 2663 700 2703 1534.
726 2663 898 2715 Parigi.
923 2663 982 2703 Di
1007 2663 1064 2703 M.
1090 2663 1296 2703 Roberto
1318 2663 1384 2714 p.0
1407 2662 1450 2702 di
1474 2662 1753 2703 Decembre.

280 2733 543 2783 Vestigium
563 2733 684 2784 sl'gl'l
687 2733 703 2772 l
708 2734 736 2774 ί.

240 2895 251 2915 ¹
291 2893 452 2927 Dumont,
469 2901 525 2920 seu
539 2893 581 2921 du
596 2893 701 2920 Mont.
