2028 3328
231 159 301 196 516
755 159 979 197 LITTERAE
995 169 1351 203 QUADmMESTREs

871 609 1236 663 GCCXCVII

350 839 541 885 Joannes
563 838 782 876 Antonius
804 839 1056 883 Viperanus

400 905 518 941 Patri
538 904 706 950 Ignatio
732 904 784 941 de
809 904 993 950 Loyola.

446 969 642 1014 Perusio‚
666 969 710 1006 10
728 970 845 1016 junii
868 969 959 1006 1555
979 969 1003 1004 ¹.

1003 1123 1100 1201 uls

310 1322 379 1362 La
413 1334 527 1374 pace
558 1328 601 1362 et
628 1322 784 1372 gratia
818 1321 892 1361 del
926 1327 1088 1362 nostro
1124 1320 1324 1372 Signore
1354 1322 1425 1362 sia
1453 1333 1637 1373 sempre
1660 1335 1749 1363 con
1769 1325 1863 1364 noi.

227 1393 394 1434 Amen.

308 1464 395 1504 Per
411 1475 502 1504 non
519 1475 741 1504 mancare
759 1464 802 1503 al
819 1469 982 1503 nostro
1002 1462 1152 1503 officio
1168 1463 1213 1503 di
1230 1463 1451 1515 scriuere,
1466 1465 1698 1505 scriuemo
1716 1466 1865 1516 quelle

226 1548 351 1586 cose,
376 1537 417 1576 16
439 1535 565 1587 quali
598 1546 789 1586 sapemo
814 1534 887 1575 ch’
913 1535 1062 1575 anche
1084 1534 1143 1575 V.
1168 1533 1217 1575 P.
1242 1535 1284 1574 le
1320 1535 1485 1587 sappia
1512 1534 1540 1576 ².
1573 1535 1751 1576 Perche
1771 1537 1819 1577 ui
1841 1540 1865 1577 e

227 1607 472 1648 manifesto
501 1607 532 1646 11
553 1606 804 1653 sacerdoti,
829 1606 901 1646 ch’
927 1605 975 1646 in
996 1612 1160 1657 questo
1191 1606 1368 1657 luogho
1398 1618 1529 1657 sono,
1560 1618 1716 1647 essere
1746 1618 1862 1647 sem-

226 1690 308 1730 pre
349 1677 566 1728 occupati
606 1678 653 1717 in
695 1677 964 1717 confessare
1000 1682 1045 1717 et
1086 1677 1401 1718 comunicare.
1439 1677 1457 1718 I
1497 1678 1623 1729 quali
1662 1679 1864 1719 uisitano

225 1760 385 1801 spesse
420 1748 544 1789 uolte
578 1749 639 1800 gl’
677 1748 863 1788 infermi
889 1754 933 1788 et
965 1748 1210 1798 carcerati,
1250 1753 1295 1788 et
1329 1750 1584 1789 consolano
1619 1750 1681 1800 gl'
1713 1749 1864 1791 afflitti

225 1826 400 1872 quanto
436 1831 654 1871 possono.
692 1818 754 1859 Di
788 1819 867 1870 pisi
903 1820 934 1860 il
968 1830 1163 1859 numero
1186 1819 1232 1860 di
1254 1820 1393 1871 quelli
1423 1819 1497 1860 chi
1522 1821 1560 1860 si
1584 1820 1863 1861 confessano

223 1903 386 1943 spesso
408 1897 452 1931 et
470 1890 809 1941 comunicansi,
833 1891 945 1941 ogni
964 1890 1132 1941 giorno
1154 1902 1330 1931 cresce.
1351 1889 1395 1931 S’
1414 1891 1612 1947 insegna
1630 1892 1708 1932 alli
1728 1892 1861 1932 scho-

223 1963 311 2003 lari
332 1975 356 2003 e
377 1964 484 2003 altri
507 1962 580 2002 chi
601 1963 868 2013 uenghono,
892 1962 937 2001 la
960 1961 1166 2002 dottrina
1187 1962 1465 2003 christiana.

303 2034 360 2074 Et
375 2034 414 2074 si
433 2034 620 2085 predica
638 2034 755 2073 nelle
774 2032 1048 2073 domeniche
1071 2044 1095 2072 e
1116 2032 1234 2073 feste
1255 2033 1302 2073 in
1323 2039 1488 2073 nostra
1510 2033 1670 2074 chiesa
1688 2046 1713 2074 e
1734 2034 1781 2074 in
1801 2036 1862 2074 31-

224 2105 284 2144 tri
305 2105 464 2156 luoghi
486 2116 579 2144 non
601 2116 690 2144 con
710 2115 863 2155 puoco
885 2103 1046 2144 frutt0.
1072 2103 1149 2144 Ma
1170 2110 1288 2144 tutte
1311 2110 1472 2156 queste
1494 2116 1619 2156 cose,
1643 2110 1688 2145 et
1712 2106 1863 2147 anche

223 2176 303 2227 pisi
324 2176 369 2216 di
391 2181 554 2227 queste
575 2187 658 2227 per
679 2176 797 2215 altre
819 2176 955 2215 lettre
982 2175 1029 2214 ui
1050 2186 1165 2215 sono
1186 2180 1307 2215 state
1329 2175 1505 2216 scritte.

304 2247 427 2287 Delli
448 2246 588 2287 studii
609 2258 760 2298 puoco
782 2246 842 2286 ho
865 2258 892 2286 a
923 2245 1038 2286 dire.
1070 2245 1249 2286 Perche
1277 2246 1308 2286 li
1335 2246 1475 2286 studii
1506 2246 1752 2288 domestici
1779 2260 1863 2300 per

225 2320 268 2358 13
289 2318 444 2369 gratia
463 2317 509 2357 di
529 2317 621 2358 Dio
645 2329 800 2358 uanno
821 2317 954 2358 bene.
978 2317 1039 2358 Li
1065 2316 1271 2357 scholari
1306 2316 1564 2358 fuoristieri
1594 2330 1710 2359 sono
1735 2318 1823 2370 130,
1849 2319 1864 2359 i

225 2389 351 2439 quali
371 2394 501 2428 tanto
522 2389 641 2428 nelle
663 2389 828 2429 lettere
849 2399 981 2428 come
1002 2388 1110 2428 nelli
1132 2388 1275 2428 buoni
1297 2388 1497 2428 costumi
1517 2389 1661 2429 fanno
1681 2390 1862 2441 grande

225 2459 384 2499 frutto.

307 2528 481 2580 Questo
511 2531 765 2571 carnauale
791 2535 984 2581 passato
1020 2530 1260 2571 recitorno
1301 2542 1364 2570 un
1408 2530 1597 2581 dialogo
1633 2536 1797 2572 contro
1832 2531 1863 2571 li

226 2600 408 2650 peccati
437 2600 509 2639 ch’
535 2601 582 2640 in
615 2602 720 2651 quel
756 2606 912 2652 tempo
950 2601 989 2640 si
1026 2606 1365 2652 commetton03
1397 2606 1442 2641 et
1470 2602 1499 2641 l'
1530 2603 1650 2642 altro
1676 2603 1860 2653 giorno,

226 2670 353 2710 uersi
373 2676 417 2710 et
439 2671 644 2710 orationi
666 2671 855 2711 innanzi
871 2671 902 2710 il
921 2671 1198 2722 Vicelegato
1222 2678 1266 2712 et
1290 2672 1398 2712 altri
1422 2672 1581 2713 nobili:
1602 2672 1713 2713 dalli
1734 2673 1863 2725 quali

227 2751 343 2779 sono
366 2741 475 2780 stati
496 2740 640 2781 lodati
662 2741 693 2780 li
711 2742 829 2792 putti
851 2747 895 2781 et
917 2742 947 2781 il
969 2748 1130 2782 nostro
1150 2742 1286 2783 modo
1304 2741 1349 2782 di
1366 2742 1527 2783 uiuere
1544 2749 1587 2783 et
1606 2744 1861 2795 insegnare

226 2811 287 2860 gl'
320 2812 441 2851 altri.

283 2921 291 2939 ¹
334 2921 582 2956 Autographae
598 2924 721 2957 duplici
739 2924 830 2953 solio.
846 2924 953 2958 primo
970 2932 1001 2951 n.
1018 2925 1061 2957 58,
1080 2926 1190 2952 altero
1206 2933 1270 2952 non
1286 2930 1478 2954 numerato.

282 2967 295 2985 ²
333 2967 444 2995 Primo
459 2970 646 3004 scripserat
664 2970 859 3004 Viperanus
875 2971 936 2998 che
952 2972 1062 2999 anche
1077 2973 1134 2999 voi
1148 2972 1180 2999 le
1192 2975 1372 3008 sappz'ate.
