2028 3328
828 158 911 194 AN.
944 157 1036 201 1555
1676 154 1743 193 681

763 606 1116 662 CDXXXIV

192 837 449 885 Alphonsus
471 837 732 874 Hernandez

242 903 361 940 Patri
380 903 550 949 Ignatio
572 903 624 939 de
640 902 824 949 Loyola.

291 968 460 1014 Genua,
487 967 531 1004 lO
549 967 752 1005 Octobris
777 967 868 1005 1555
887 967 911 1002 ¹.

899 1121 996 1198 usis

206 1317 481 1358 Reuerende
504 1318 551 1358 in
573 1318 760 1358 Christo
792 1317 947 1358 Pater.

207 1389 307 1429 Pax
329 1389 517 1430 Christi.

210 1459 442 1511 Quoniam
463 1460 672 1511 pluribus
688 1459 846 1500 uerbis
863 1459 1051 1500 minime
1069 1459 1335 1509 delectaris,
1355 1458 1432 1498 ubi
1450 1457 1648 1497 materia
1665 1457 1762 1496 bre-

127 1532 199 1572 uis
226 1530 436 1580 offertur,
471 1530 723 1571 admodum
751 1530 1042 1571 obseruande
1072 1530 1119 1570 in
1147 1530 1333 1571 Christo
1362 1528 1517 1578 Pater,
1549 1528 1764 1568 dabimus

129 1614 323 1653 operam
345 1607 394 1642 ut
415 1602 622 1642 breuiter
643 1613 713 1653 ea,
738 1613 855 1653 quae
875 1601 948 1641 his
968 1601 1180 1653 proxime
1202 1600 1374 1652 elapsis
1390 1600 1415 1639 4
1436 1599 1674 1640 mensibus
1690 1599 1766 1638 hic

131 1674 260 1714 facta
281 1679 402 1724 sunt,
432 1673 823 1725 perstringamus.
847 1672 968 1713 Nam
998 1673 1086 1713 hoc
1108 1672 1231 1714 idern
1254 1671 1503 1723 angustiae
1525 1670 1764 1722 temporis,

132 1745 299 1796 quibus
320 1756 422 1784 sum
444 1744 740 1794 interclusus,
765 1756 790 1784 a
808 1756 881 1784 me
902 1745 1140 1795 postulare
1162 1744 1395 1793 uidentur3
1419 1742 1499 1782 uix
1521 1741 1644 1782 enim
1665 1753 1766 1793 pos-

132 1827 236 1856 sum
258 1815 432 1866 aliquid
454 1815 678 1866 temporis
704 1815 776 1855 his
804 1815 950 1855 literis
979 1814 1232 1855 exarandis
1262 1813 1578 1865 suppedita1·e;
1608 1818 1676 1852 tot
1704 1812 1768 1852 di-

133 1887 339 1937 stringor
375 1886 778 1938 occupationibus:
816 1892 989 1935 tamen,
1026 1897 1131 1926 cum
1167 1885 1467 1926 sanctissima
1505 1883 1768 1923 obedientia

133 1958 246 1998 mihi
269 1965 375 1998 ante
398 1959 557 1998 oculos
586 1964 876 2008 uersaretur,
906 1958 1049 1998 malui
1070 1958 1159 1998 hoc
1194 1968 1312 1997 onus
1339 1956 1518 2006 subire,
1542 1966 1683 2007 quam
1713 1954 1769 1994 ab

137 2030 217 2069 illa
238 2035 562 2069 transuersum
584 2029 726 2080 (quod
747 2029 891 2079 aiunt)
913 2029 1110 2080 digitum
1131 2028 1385 2068 discedere.

216 2099 372 2151 Atque
403 2106 453 2139 ut
485 2112 511 2139 a
540 2099 927 2151 confessionibus,
957 2112 1075 2151 quae
1103 2099 1190 2151 piis
1217 2098 1483 2139 hominibus
1512 2104 1556 2137 et
1588 2096 1770 2147 angelis

136 2171 226 2211 Dei
245 2171 470 2222 gaudium
491 2170 811 2222 laetitiamque
829 2170 997 2211 afferre
1015 2172 1178 2220 solent,
1198 2170 1382 2210 initium
1400 2179 1598 2218 sumam,
1617 2168 1664 2207 in
1681 2167 1768 2207 his-

137 2253 191 2281 ce
229 2242 455 2282 bellorum
492 2242 766 2282 tumultibus
800 2247 844 2282 et
878 2242 1156 2282 barbaricae
1192 2241 1358 2281 classis
1399 2246 1522 2280 metu
1564 2238 1773 2290 plerique

139 2312 341 2352 confessi
364 2318 485 2362 sunt,
511 2312 666 2352 oblata
687 2313 967 2364 praesertim
984 2313 1232 2353 occasione
1249 2310 1590 2361 sacrijubilaei;
1612 2315 1773 2361 totque

139 2384 199 2423 ad
225 2395 312 2424 nos
341 2390 590 2430 uenerunt,
621 2390 669 2422 ut
697 2384 777 2423 uix
805 2384 966 2423 liceret
999 2382 1112 2423 this
1143 2382 1360 2423 Patribus
1388 2381 1562 2421 nostris
1589 2379 1772 2420 feriatis

141 2454 283 2494 etiam
305 2454 467 2494 diebus
489 2466 516 2494 a
538 2455 710 2504 templo
732 2454 913 2494 abesse.
937 2453 1077 2494 Dedit
1097 2454 1215 2493 haec
1237 2464 1312 2493 res
1334 2452 1542 2492 merendi
1564 2451 1770 2491 occasio-

140 2537 262 2565 nem.
287 2524 407 2565 Nam
430 2524 587 2575 aliqui,
611 2525 690 2576 qui
709 2536 803 2564 non
825 2530 1169 2565 consueuerant
1190 2524 1280 2564 nisi
1302 2524 1446 2564 semel
1477 2523 1524 2562 in
1545 2534 1668 2562 anno
1689 2522 1774 2562 cri-

139 2596 266 2635 mina
283 2607 368 2636 sua
385 2596 619 2646 detegere,
639 2607 666 2635 a
682 2595 856 2635 nostris
872 2596 1086 2647 patribus
1105 2595 1283 2635 inducti
1303 2593 1593 2645 frequentius
1605 2604 1655 2633 se
1672 2592 1775 2633 Deo

138 2666 446 2707 reconciliare
476 2667 640 2717 solent3
676 2667 751 2706 cui
778 2678 869 2718 quo
903 2667 1091 2718 dignius
1118 2666 1337 2717 deinceps
1359 2665 1619 2705 adhaerere
1640 2670 1684 2704 et
1706 2675 1775 2704 sa-

139 2749 270 2777 cram
285 2737 633 2777 Eucharistiam
649 2737 949 2789 frequentare
967 2744 1173 2789 possent,
1190 2736 1410 2788 quicquid
1427 2735 1633 2786 sceleris,
1652 2734 1777 2787 quod

198 2921 207 2939 ¹
250 2921 499 2955 Autographae
515 2921 548 2948 in
563 2921 643 2948 folio
659 2921 797 2954 duplici,
809 2929 864 2948 nn.
881 2921 933 2948 192
947 2925 979 2948 et
997 2920 1160 2948 193.—-Est
1175 2924 1208 2947 et
1224 2920 1460 2955 apographum
1473 2921 1664 2955 exemplum
1680 2920 1781 2947 omni-

146 2976 188 2994 no
205 2968 314 2995 simile
331 2969 361 2996 in
380 2969 459 2995 folio
475 2969 554 2995 item
572 2969 707 3002 duplici,
724 2977 754 2995 n>
775 2970 833 2996 191.
