2028 3328
917 117 1000 154 AN.
1032 116 1124 154 1555
1769 116 1841 154 363

206 222 275 256 tes
297 217 357 256 ad
377 216 718 257 confessionem
741 214 986 255 admittere
1003 215 1180 255 uolunt:
1211 226 1304 254 non
1337 220 1494 254 tamen
1529 219 1753 254 reuocant
1778 215 1842 261 (ut

205 287 383 339 accepi)
407 288 488 328 sed
518 288 686 327 misere
721 286 1064 337 derelinquunt.
1102 285 1153 325 In
1187 296 1277 336 quo
1314 286 1500 325 nonnisi
1536 285 1843 324 uetustissimi

206 360 485 399 ueteratoris
508 358 656 398 hostis
677 358 831 409 primi,
863 357 1056 397 humani
1090 356 1279 407 generis
1313 355 1507 395 exitium
1537 356 1697 405 moliti,
1720 356 1843 395 frau-

203 430 419 470 dulentas
440 435 484 469 et
513 440 674 469 omnes
702 428 894 469 insidias
930 427 1212 467 excedentes
1241 433 1461 467 extensas
1495 427 1662 478 plagas
1684 427 1841 466 existi-

204 512 399 551 marem3
425 513 484 540 an
506 512 594 540 non
634 511 813 549 uerum,
850 510 1075 550 percusso
1111 504 1314 549 pastore,
1353 498 1686 550 disperguntur
1715 498 1846 537 oues?

287 571 379 612 Sed
401 583 582 611 summa
604 572 687 611 fuit
709 571 755 610 in
778 571 921 610 coelis
938 570 1163 609 exultatio
1186 581 1292 609 cum
1314 569 1387 609 his
1415 569 1652 609 mensibus
1683 581 1741 608 ex
1772 580 1848 607 no-

207 644 374 683 bilibus
397 642 584 694 quidam
607 643 747 682 animi
769 643 841 682 sui
862 642 991 681 labes
1012 642 1236 692 repellere
1259 648 1503 692 exoptaret
1526 647 1570 680 et
1592 639 1849 680 confessio-

206 716 281 755 nis
303 726 462 754 amore
483 714 720 764 flagraret,
745 713 794 753 P.
819 712 872 753 N.
898 711 1174 752 Rectorem¹
1200 712 1361 763 adiuit,
1387 724 1413 751 a
1437 723 1526 764 quo
1545 718 1849 763 peccatorum

207 786 551 825 absolutionem
573 797 654 837 per
676 790 1023 825 sacramentum
1046 783 1190 835 petiit.
1224 783 1360 823 Pater
1383 795 1510 833 uero,
1541 783 1620 834 qui
1651 783 1749 822 eius
1773 794 1845 821 sa-

209 858 352 897 lutem
376 868 523 908 aeque
545 868 600 896 ac
622 868 758 896 suam
779 854 1089 906 desiderabat,
1113 866 1227 895 suae
1250 855 1589 906 efflagitationi,
1615 860 1745 894 tanto
1770 854 1847 893 ho-

210 928 408 968 nestatis
429 928 599 968 decore
620 928 847 977 obtectae,
869 926 1149 967 obstandum
1167 927 1265 967 fore
1282 938 1376 966 non
1393 926 1541 977 duxit;
1561 937 1706 978 quare
1729 925 1788 965 ad
1809 926 1851 964 ei

211 999 598 1039 satisfaciendum
616 1010 666 1039 se
686 997 957 1039 accinxit.1s
973 998 1177 1048 tandem,
1198 997 1493 1038 confessione
1525 997 1757 1046 absoluta,
1777 996 1853 1036 do-

211 1082 352 1121 mum,
374 1076 506 1111 tanto
527 1081 716 1110 munere
736 1070 950 1120 donatus,
970 1070 1186 1109 exultans
1203 1069 1266 1119 (ut
1284 1069 1475 1109 credere
1494 1080 1581 1120 par
1598 1068 1682 1118 est)
1702 1069 1856 1120 profe-

208 1149 328 1192 ctus,
352 1142 542 1182 diuinae
560 1142 745 1191 gratiae
763 1140 1013 1181 uelleribus
1031 1139 1230 1188 effultus,
1250 1140 1335 1180 sub
1354 1140 1527 1180 vexillo
1545 1138 1747 1180 Sanctae
1765 1138 1852 1179 Ro-

213 1225 381 1253 manae
408 1213 648 1253 Ecclesiae
671 1212 816 1252 uitam
838 1212 1102 1263 transigere
1124 1217 1168 1252 et
1189 1212 1275 1251 sub
1297 1211 1460 1252 eodem
1486 1213 1694 1252 animam
1716 1210 1857 1251 effun-

208 1284 322 1325 dere
357 1285 554 1335 posthac
587 1283 797 1324 decreuit
819 1283 1095 1334 (recesserat
1117 1283 1239 1323 enirn
1262 1295 1288 1323 a
1310 1289 1439 1323 recto
1462 1283 1628 1323 itinere
1652 1281 1857 1323 Sanctae

213 1356 345 1395 Fidei
367 1355 640 1395 Catholicae
660 1354 919 1406 Romanae,
952 1360 997 1395 et
1019 1354 1065 1394 in
1085 1354 1320 1394 haeresim
1356 1354 1529 1394 effusus
1554 1354 1858 1406 spurcissime

213 1426 446 1478 degebat).
481 1426 640 1478 Itaque
676 1432 776 1466 tum
798 1432 846 1466 ut
881 1426 1171 1477 occasiones,
1204 1426 1373 1477 quibus
1410 1425 1470 1466 ad
1503 1425 1857 1465 inseruiendum

211 1498 420 1538 nefariae
444 1498 628 1538 haeresi
649 1503 790 1549 atque
812 1497 983 1549 impiae
1001 1497 1175 1537 attrahi
1202 1497 1446 1549 potuisset,
1480 1496 1734 1547 dirimeret,
1759 1502 1858 1536 tum

213 1581 305 1620 quo
329 1568 555 1610 Romanis
576 1568 777 1609 decretis
799 1581 825 1608 a
861 1567 1049 1609 Sanctis
1077 1568 1384 1609 Pontificibus
1420 1568 1619 1608 sancitis
1641 1579 1691 1608 se
1722 1567 1858 1607 mori-

211 1652 381 1691 gerum
402 1640 727 1692 praestitisset,
752 1640 920 1691 quibus
941 1652 1034 1680 non
1056 1639 1193 1680 modo
1215 1652 1308 1680 non
1326 1640 1558 1680 obluctari
1578 1651 1728 1691 neque
1748 1650 1857 1679 con-

216 1718 439 1760 temnere,
469 1712 550 1751 sed
582 1711 748 1751 eadem
782 1723 895 1763 prae
938 1713 1138 1752 caeteris
1174 1713 1398 1752 extollere
1435 1711 1490 1762 (si
1528 1710 1636 1763 quid
1672 1716 1860 1762 praeter

217 1783 419 1824 Sanctae
444 1782 686 1822 Romanae
708 1782 950 1823 Ecclesiae
977 1783 1279 1823 traditionem
1300 1783 1618 1823 extollendum
1646 1782 1861 1822 ducimus

217 1863 262 1895 et
283 1866 377 1894 non
400 1854 554 1905 potius
578 1855 950 1894 conculcandum
972 1862 1016 1895 et
1047 1862 1095 1895 ut
1125 1855 1405 1895 uilissimum
1433 1862 1478 1895 et
1507 1854 1750 1895 Catholica
1773 1853 1861 1893 fide

217 1926 463 1978 indignum
485 1926 911 1976 exterminandum,
935 1932 1078 1979 atque
1097 1927 1143 1966 in
1161 1927 1416 1978 penitiores
1437 1926 1606 1966 tartari
1624 1925 1758 1965 sedes
1788 1925 1860 1965 de-

219 1996 533 2047 trudendum),
565 2004 613 2037 ut
649 2009 791 2038 uerus
820 1998 1111 2038 obedientiae
1133 1998 1254 2038 filius
1276 1997 1532 2048 constituit3
1557 1996 1610 2036 60
1635 1997 1863 2037 librorum

220 2069 458 2109 uolumina
480 2069 539 2108 ad
567 2074 781 2108 nostrum
815 2068 1075 2120 Collegium
1111 2068 1271 2109 afferri
1300 2069 1448 2119 iussit,
1487 2069 1533 2108 in
1563 2079 1763 2120 quorum
1785 2067 1864 2106 ali-

217 2141 386 2191 quibus
426 2140 560 2191 plura
598 2141 784 2180 fuerant
826 2152 968 2191 opera
1005 2140 1340 2192 compaginata
1361 2173 1368 2191 ,
1404 2151 1550 2191 eaque
1598 2151 1624 2178 a
1664 2138 1863 2179 diuersis

221 2211 497 2251 authoribus
531 2210 669 2251 edita.
707 2211 871 2262 Erant,
907 2211 1008 2252 R.de
1052 2211 1205 2259 Pater,
1240 2223 1379 2263 quam
1414 2211 1588 2261 optime
1616 2211 1863 2262 impressa,

222 2282 421 2323 candide
443 2283 644 2332 obtecta,
670 2294 816 2334 aeque
838 2284 1042 2335 expolita
1067 2291 1205 2335 atque
1233 2283 1439 2323 studiose
1469 2294 1676 2331 annexa,
1702 2288 1746 2322 et
1765 2287 1865 2322 tan-

224 2354 330 2394 dem
351 2366 406 2393 ea
434 2353 681 2405 superficie
703 2360 989 2406 constructa,
1024 2367 1143 2406 quae
1171 2355 1488 2395 studiosorum
1516 2353 1698 2394 animos
1728 2353 1866 2394 facile

226 2424 539 2465 delectabant.
566 2423 656 2464 Sed
677 2437 703 2465 o
726 2425 924 2465 facinus!
961 2427 1146 2478 qualem
1181 2425 1425 2477 mephitim
1459 2425 1644 2464 reclusa
1680 2424 1867 2464 exhala-

226 2497 355 2535 bant!
380 2497 517 2547 quale
538 2497 668 2536 uirus
691 2497 980 2537 emittebant!
1004 2498 1189 2549 quantis
1211 2496 1414 2537 colubris
1443 2496 1752 2547 pullulabant!
1776 2496 1868 2547 ple-

227 2579 288 2607 na
317 2566 576 2607 falsitatum
611 2567 856 2607 mendacia
892 2568 1159 2608 nutriebant
1188 2568 1289 2630 ipso
1318 2567 1563 2607 mendacio
1587 2567 1865 2618 insigniora,

226 2638 352 2678 omni
376 2638 604 2678 dedecore
628 2650 683 2678 ac
705 2638 991 2690 turpitudine
1020 2640 1285 2689 scatebant3
1317 2645 1360 2679 et
1397 2650 1454 2678 ne
1479 2638 1704 2690 pluribus,
1730 2649 1862 2689 prae-

230 2710 372 2750 claris
394 2709 632 2749 erroribus
659 2709 990 2760 condecorata,
1023 2710 1314 2751 crudissimis
1350 2709 1524 2750 aculeis
1558 2709 1789 2749 feriebant
1811 2720 1868 2748 ac

227 2791 525 2832 quacumque
546 2780 768 2820 foeditate
791 2787 1059 2832 perpetrata
1091 2782 1275 2822 fuerant
1298 2781 1507 2831 condita3
1539 2780 1603 2820 ita
1632 2786 1681 2820 ut
1704 2791 1730 2819 a
1753 2779 1871 2820 ueri-

289 2942 298 2962 ¹
340 2941 362 2968 Ρ
388 2942 600 2975 Joannemle
616 2942 787 2970 Pelletier.
