2028 3328
201 103 274 141 304
720 102 943 140 LlrrERAE
960 113 1318 146 QUADRJMESTRES

206 205 398 250 uterque
427 210 650 250 magnum
681 199 998 239 adiumentum
1027 200 1165 239 habet
1202 199 1261 238 ad
1296 199 1538 238 arabicum
1575 210 1841 240 sermonem

205 269 564 310 addiscendum:
601 276 823 310 exercent
858 282 906 310 se
938 271 1186 321 diligenter
1220 269 1442 321 quotidie,
1474 281 1580 309 cum
1608 270 1839 321 loquendo

204 346 301 380 tum
324 342 585 392 scribendo,
619 342 662 381 in
688 354 742 381 ea
768 343 949 392 lingua:
980 352 1224 393 speramus
1254 341 1362 381 hinc
1390 351 1613 392 magnum
1637 341 1841 381 fructum

208 413 483 452 animarum.
522 412 817 464 Quapropter
861 413 978 453 haec
1013 412 1227 452 instituta
1273 412 1584 452 sanctissimis
1624 411 1843 463 precibus

209 482 258 521 Ρ.
282 483 334 523 T.
360 484 755 524 commendamus.

286 555 529 595 Venerunt
563 556 653 594 huc
691 561 795 595 octo
831 554 1152 594 adolescentes
1173 554 1393 594 Valentia
1423 566 1516 594 vna
1554 565 1661 594 cum
1696 554 1843 594 fratre

205 633 383 676 nostro,
408 638 546 677 quem
580 626 686 666 illuc
722 626 1024 666 miseramus:
1050 637 1211 665 omnes
1241 637 1469 677 magnam
1503 625 1845 676 ingenuitatem

206 710 318 749 prae
342 710 391 738 se
414 698 590 747 ferunt,
629 704 673 737 et
704 709 910 737 amorem
945 708 1170 748 magnum
1201 697 1388 738 Christo
1425 697 1660 737 seruiendi
1695 703 1845 737 osten-

206 769 333 809 dunt.
357 769 577 809 Nonnulli
598 780 760 808 eorum
782 780 1006 820 magnum
1028 780 1334 820 progressum
1362 768 1409 808 in
1432 768 1596 808 studiis
1618 768 1844 818 fecerunt,

207 840 300 880 iam
333 840 494 880 officiis
530 840 798 880 domesticis
834 839 1107 891 funguntur,
1146 846 1250 891 post
1287 839 1346 880 ad
1385 840 1571 879 scholas
1613 839 1843 879 mittendi.

205 911 337 951 Duos
368 923 426 951 ex
456 912 533 951 illo
564 922 758 950 numero
788 910 1055 951 Messanam
1085 911 1318 961 misimus,
1349 923 1404 950 ac
1440 911 1576 950 simul
1612 922 1718 950 cum
1756 910 1846 950 illis

206 988 302 1022 tres
335 982 505 1022 fratres
539 982 920 1032 amandauimus,
957 993 1155 1033 quorum
1191 981 1281 1021 duo
1317 981 1437 1021 inter
1473 993 1567 1031 eos,
1600 981 1676 1032 qui
1697 981 1845 1021 literis

206 1065 398 1104 operam
421 1053 613 1103 dabant,
639 1053 951 1104 antiquissimi
979 1053 1330 1104 doctissimique
1352 1058 1501 1103 erant,
1526 1064 1579 1092 ea
1602 1052 1658 1092 de
1680 1063 1841 1103 causa,

210 1131 257 1163 ut
274 1124 490 1163 Messana
509 1123 776 1174 Syracusas
796 1123 1156 1175 proficiscantur
1178 1130 1222 1163 et
1244 1123 1303 1163 ibi
1327 1123 1539 1163 scholam
1561 1123 1789 1174 aperiant.

287 1195 337 1234 P.
362 1195 680 1246 Hieronymus
703 1194 976 1234 Domenech
998 1196 1087 1234 huc
1111 1206 1217 1234 cum
1235 1193 1441 1245 Prorege
1463 1193 1682 1234 Messana
1702 1194 1846 1243 Venit,

208 1275 265 1315 tt,
291 1272 539 1317 postquam
560 1265 609 1305 P.
634 1265 835 1306 Michael
867 1265 876 1283 ¹
901 1265 1106 1305 cessauit
1129 1278 1155 1304 a
1185 1264 1523 1315 concionando,
1548 1264 1596 1304 P.
1621 1264 1848 1315 Hierony-

209 1350 312 1378 mus
334 1344 378 1377 et
402 1337 447 1377 P.
473 1336 645 1376 Paulus
667 1336 680 1354 ‘²
702 1336 913 1377 vicissim
933 1348 1175 1376 sermones
1198 1335 1256 1375 ad
1278 1336 1501 1387 populum
1523 1336 1711 1375 habent.

290 1408 461 1449 Sumus
482 1408 529 1448 in
559 1408 647 1448 hoc
671 1407 870 1458 collegio
901 1419 982 1459 per
1011 1406 1100 1447 Dei
1131 1407 1338 1458 gratiam
1366 1407 1548 1447 collecti
1568 1406 1635 1457 41,
1670 1418 1850 1446 omnes—

210 1492 298 1532 que
315 1480 433 1520 bene
452 1479 684 1530 occupati,
698 1485 742 1519 et
758 1490 844 1530 pro
862 1479 985 1519 uirili
1000 1479 1271 1519 laboramus
1288 1478 1348 1518 ad
1363 1478 1565 1529 gloriam
1583 1477 1673 1518 Dei
1688 1484 1732 1518 et
1748 1489 1850 1529 pro—

213 1551 328 1591 ximi
350 1551 613 1591 utilitatem.

292 1622 582 1663 Admisimus
602 1623 648 1662 in
665 1628 877 1662 nostram
898 1621 1181 1662 Societatem
1198 1622 1413 1662 iuuenem
1432 1621 1684 1661 admodum
1700 1620 1853 1660 bonae

212 1694 401 1744 indolis,
426 1694 502 1745 qui
525 1693 641 1733 duos
663 1705 811 1733 annos
834 1694 1082 1733 continuos
1103 1694 1322 1744 gnauiter
1344 1692 1540 1743 studuit,
1565 1692 1853 1743 summisque

212 1766 429 1817 precibus
450 1765 597 1816 recipi
616 1763 874 1814 contendit3
894 1771 937 1804 et
959 1776 1066 1804 cum
1088 1776 1169 1815 per
1192 1771 1410 1815 parentes
1428 1775 1521 1803 non
1542 1764 1704 1803 liceret
1725 1759 1854 1813 (nam

213 1848 320 1877 cum
347 1836 662 1887 intelligerent
688 1835 842 1887 ipsum
872 1836 971 1876 eius
1006 1836 1150 1875 animi
1185 1847 1311 1886 esse,
1350 1847 1444 1875 non
1477 1835 1688 1875 siuerunt
1723 1835 1853 1874 illum

213 1908 272 1948 ad
307 1908 494 1948 scholas
537 1907 738 1958 uenire),
777 1907 987 1958 captauit
1021 1913 1206 1957 tempus
1243 1912 1558 1957 opportunum
1593 1911 1638 1945 et
1673 1905 1733 1945 ad
1765 1917 1853 1945 nos

214 1981 335 2020 clam
363 1978 597 2029 confugit,
623 1991 678 2018 ac
712 1979 759 2018 in
787 1977 976 2017 domum
1004 1978 1133 2017 illum
1164 1977 1459 2017 admisimus:
1492 1988 1690 2028 cumque
1723 1977 1851 2016 nulla

212 2051 396 2091 ratione
416 2057 575 2102 posset
597 2049 766 2090 adduci
787 2055 835 2089 ut
858 2049 1048 2089 domum
1081 2055 1329 2100 paternam
1363 2047 1421 2087 ad
1457 2048 1633 2099 aliquot
1664 2048 1763 2088 dies
1783 2059 1852 2087 re-

213 2127 491 2172 uerteretur,
509 2121 631 2172 patri
649 2132 732 2160 suo
747 2132 847 2160 rem
864 2120 1190 2170 indicauimus3
1210 2119 1302 2171 qui,
1322 2131 1428 2159 cum
1449 2119 1670 2169 uenisset,
1694 2118 1853 2158 multis

212 2193 473 2234 conabatur
490 2192 673 2232 efficere
695 2198 744 2231 ut
765 2191 1057 2243 propositum
1078 2196 1296 2241 mutaret,
1317 2201 1441 2230 nunc
1464 2189 1728 2240 magnificis
1748 2201 1851 2241 pro-

211 2264 382 2315 missis,
406 2275 529 2304 nunc
549 2263 820 2314 lachrymis:
846 2261 927 2302 sed
943 2273 1050 2302 cum
1072 2261 1272 2313 amplius
1290 2261 1457 2310 horam
1474 2261 1520 2300 in
1538 2260 1853 2301 dissuadendo

215 2335 598 2386 consumpsisset,
622 2346 709 2374 nec
729 2334 874 2374 filium
896 2344 1194 2373 commouere
1215 2338 1389 2384 posset,
1413 2331 1629 2372 discessit
1647 2332 1851 2382 domum,

215 2412 464 2458 postquam
492 2412 734 2445 reuertens
757 2404 952 2444 adduxit
975 2415 1134 2444 secum
1162 2403 1346 2443 affinem
1374 2414 1524 2453 suum,
1555 2403 1633 2454 qui
1655 2413 1854 2453 conque—

216 2477 405 2517 rebatur
422 2483 621 2516 matrem
638 2476 819 2516 iuuenis
833 2475 950 2516 adeo
967 2487 1181 2515 moerore
1195 2473 1378 2525 confici,
1397 2480 1447 2514 ut
1464 2474 1707 2514 minimum
1724 2473 1853 2513 abes-

216 2554 287 2588 set
308 2548 418 2599 quin
439 2554 714 2587 moreretur.
740 2546 982 2598 Cognatus
1004 2552 1175 2596 autem,
1201 2546 1279 2597 qui
1307 2545 1440 2585 diues
1461 2544 1714 2584 admodum
1735 2549 1852 2595 erat,

218 2619 403 2658 dicebat
441 2618 568 2658 illum
601 2619 705 2658 loco
745 2617 825 2658 filii
862 2618 978 2657 uelle
1017 2617 1192 2657 habere
1229 2616 1353 2667 quod
1393 2615 1492 2667 ipse
1532 2627 1626 2655 non
1660 2614 1857 2655 haberet

214 2688 358 2728 filium
382 2689 656 2739 masculum;
694 2699 858 2727 uerum
880 2688 1170 2738 adolescens,
1194 2687 1312 2726 haec
1349 2685 1503 2726 omnia
1534 2685 1644 2725 forti
1678 2685 1858 2736 spreuit

277 2889 285 2909 ¹
327 2889 364 2916 P.
382 2888 526 2916 Michael
543 2889 707 2916 Botellus.

275 2938 290 2957 2
327 2938 360 2965 P.
378 2937 504 2964 Paulus
520 2937 712 2971 d‘Achillis,
729 2936 854 2964 Rector
867 2935 1028 2969 collegii.
