2028 3328
221 154 293 192 380
736 153 963 190 LITTERAE
982 158 1342 194 QUADRIMESTRES

901 598 1202 654 CCCLXX

304 831 543 868 Marcellus
571 830 637 877 (de
657 829 872 874 Salazar?)

353 896 473 933 Patri
491 895 660 943 Ignatio
681 894 734 931 de
752 894 935 941 Loyola.

397 961 580 1008 Hispali,
600 960 647 997 23
666 960 832 1007 Aprilis
856 959 946 996 1555
967 959 991 993 ¹.

996 1124 1096 1191 stis

316 1315 480 1356 Gratia
502 1320 546 1354 et
568 1326 661 1366 pax
682 1313 872 1354 Domini
893 1312 1042 1352 nostri
1075 1311 1186 1364 Jesu
1213 1311 1286 1352 X.i
1319 1311 1378 1351 sit
1399 1322 1583 1362 semper
1604 1309 1865 1350 nobiscum.

237 1387 402 1427 Amen.

314 1457 520 1498 Feruens
544 1469 689 1508 amor,
715 1469 802 1508 quo
833 1457 890 1496 ab
924 1457 1012 1496 isto
1034 1455 1233 1506 collegio
1260 1454 1421 1495 literas
1443 1453 1700 1505 recipiendi
1739 1458 1863 1492 tene-

237 1540 354 1579 mur,
378 1534 447 1568 est
468 1529 515 1568 in
537 1540 679 1568 causa
709 1528 835 1579 quod
862 1539 967 1567 sero
996 1527 1055 1567 ad
1088 1538 1175 1566 nos
1201 1526 1372 1566 deferri
1394 1537 1577 1577 semper
1598 1524 1862 1564 videantur.

235 1599 504 1640 Laudamus
526 1606 681 1640 tamen
703 1599 970 1650 Dominum,
994 1609 1152 1638 rerum
1179 1598 1445 1638 futurarum
1466 1595 1867 1647 opportunitatem

237 1677 555 1722 expectantes,
580 1683 686 1711 cum
707 1671 1023 1722 praesentium
1044 1681 1226 1709 moram
1247 1667 1505 1708 videamus.

315 1742 547 1782 Vndecim
567 1749 646 1782 aut
668 1742 927 1790 duodecim,
956 1753 1073 1793 quos
1094 1741 1316 1792 Hispalis,
1353 1740 1505 1791 gloria
1540 1739 1658 1789 Deo,
1696 1738 1870 1778 incolu-

238 1825 334 1853 mes
352 1814 504 1864 habet,
525 1813 786 1865 spiritualia
803 1825 1011 1863 munera,
1033 1824 1116 1864 per
1131 1812 1296 1852 Patres
1312 1817 1501 1851 nostros
1517 1811 1750 1861 incoepta,
1765 1820 1868 1861 pro-

237 1885 420 1936 sequuti
443 1896 618 1925 sumus.
642 1884 812 1935 Ingens
833 1885 1032 1936 populus
1062 1884 1122 1924 ad
1142 1882 1469 1935 percipiendas
1498 1881 1742 1922 contiones
1763 1891 1870 1920 con-‹

238 1956 365 1996 uenit
394 1956 510 1996 adeo
535 1962 585 1996 ut
615 1967 733 2008 opus
753 1957 812 1996 sit
841 1956 1012 2006 multis,
1037 1956 1114 2007 qui
1134 1956 1291 1995 locum
1323 1952 1620 1994 commodum
1644 1951 1870 1992 auditioni

238 2039 408 2078 parare
430 2027 517 2067 sibi
546 2028 722 2078 volunt,
748 2032 856 2067 ante
878 2028 1029 2067 lucem
1057 2038 1150 2066 vna
1172 2032 1251 2066 aut
1273 2025 1481 2077 pluribus
1503 2023 1632 2064 horis
1653 2034 1863 2074 surgere,

239 2099 374 2138 aliter
409 2099 627 2139 carituris
662 2098 794 2149 sede,
831 2098 955 2139 vnde
991 2096 1174 2149 placide
1206 2096 1368 2137 audire
1403 2095 1598 2147 possint:
1636 2094 1770 2134 cuius
1804 2094 1873 2133 rei

239 2169 394 2220 gratia
410 2181 557 2221 nuper
577 2170 776 2220 contigit
798 2175 860 2219 ut,
887 2181 993 2209 curn
1010 2168 1166 2221 januis
1187 2167 1493 2208 ecclesiarum
1515 2167 1758 2217 ingressus
1780 2176 1872 2204 non

240 2246 437 2291 pateret,
461 2252 544 2292 per
566 2241 770 2280 culmina
792 2240 1058 2280 vicinorum
1083 2239 1345 2291 aperiretur
1366 2238 1520 2278 aditus
1551 2242 1596 2277 et
1622 2235 1873 2276 sacerdoti-

240 2311 325 2352 bus
346 2318 390 2351 et
412 2311 514 2351 aliis
535 2312 693 2363 probis
716 2311 844 2362 viris3
868 2310 1125 2351 funduntur
1153 2310 1426 2360 lachrimae‚
1457 2308 1580 2360 quod
1613 2307 1872 2347 nouitatem

239 2382 347 2422 huic
382 2382 560 2423 ciuitati
594 2394 677 2434 per
711 2394 760 2422 se
790 2382 912 2422 ferre
946 2382 1147 2432 videtur;
1185 2380 1308 2433 quod
1343 2380 1532 2420 auribus
1568 2378 1797 2429 accipitur
1828 2377 1874 2416 in

299 2531 310 2551 1
350 2531 599 2566 Autographae
615 2531 740 2566 duplici
768 2532 802 2558 in
817 2530 909 2564 folio,
926 2531 1034 2565 primo
1050 2538 1081 2557 n.
1105 2530 1168 2564 521,
1184 2530 1295 2557 altero
1318 2536 1382 2556 non
1398 2526 1667 2555 numerata—In
1683 2526 1723 2553 iis
1738 2529 1874 2553 tantum.

243 2578 461 2613 subscriptio,
478 2579 649 2612 indignus
664 2581 697 2605 et
712 2579 969 2613 inutilisfilz'us
984 2579 1020 2605 in
1043 2578 1179 2605 Christo
1201 2577 1222 2611 †
1246 2576 1451 2608 Marcellus,
1465 2580 1516 2602 est
1531 2582 1634 2602 manu
1656 2574 1762 2608 ipsius
1783 2572 1869 2600 Mar-

244 2627 330 2658 celli;
346 2630 486 2654 caetera
501 2626 592 2654 illius
613 2630 701 2659 sunt¹
724 2634 825 2661 quam
841 2629 951 2661 primo
970 2627 1042 2653 loco
1064 2626 1307 2660 descripsimus
1328 2631 1445 2659 supra,
1467 2631 1546 2657 pag.
1576 2622 1639 2657 376,
1671 2625 1787 2650 annot.
1817 2622 1878 2648 1.-

245 2673 341 2700 Hunc
357 2678 470 2701 autem
495 2673 694 2701 Marcellum
718 2674 861 2702 fratrem
883 2682 956 2701 esse
982 2673 1181 2701 Marcellum
1203 2673 1243 2700 de
1268 2672 1412 2700 Salazar
1426 2671 1642 2705 suspicamur
1657 2669 1802 2704 quidem,
1817 2668 1877 2695 sed

244 2720 416 2748 affirmare
433 2724 527 2748 certo
542 2728 608 2747 non
623 2721 796 2748 audemus·
813 2721 956 2749 Salazar
971 2722 1060 2749 enim
1074 2729 1140 2748 non
1155 2721 1288 2755 Hispali
1303 2720 1362 2747 sed
1378 2719 1556 2746 Cordubae
1572 2725 1659 2745 anno
1674 2716 1878 2751 praeceden-

244 2769 269 2796 ti
285 2769 504 2802 versabatur;
520 2769 678 2802 quamvis
692 2776 712 2796 a
728 2769 868 2796 docendi
883 2777 1022 2796 munere
1044 2769 1100 2803 ibi,
1116 2768 1316 2796 valetudine
1333 2775 1398 2795 non
1413 2768 1502 2794 bona
1516 2766 1710 2800 impeditus,
1726 2763 1877 2792 cessavit

245 2815 302 2849 (cs.
318 2822 434 2849 supra,
450 2823 531 2849 pag.
554 2815 613 2850 58).
628 2819 661 2842 et
676 2816 764 2843 sorte
780 2815 939 2844 Corduba
954 2816 1123 2851 Hispalim
1144 2817 1268 2843 missus
1283 2819 1346 2843 est.

296 2862 447 2890 Tandem
463 2863 611 2890 fatemur
626 2863 689 2891 has
704 2864 841 2891 litteras
855 2871 938 2891 vere
954 2871 1019 2891 non
1034 2871 1108 2891 esse
1130 2863 1194 2891 nisi
1209 2864 1353 2891 latinam
1374 2861 1655 2897 praecedentium
1671 2859 1875 2893 versionem,

245 2909 308 2935 etsi
325 2909 410 2937 satis
424 2910 579 2937 liberam:
597 2917 654 2937 eas
679 2915 793 2938 tamen
808 2911 863 2938 hic
876 2911 1038 2938 distincto
1052 2918 1192 2938 numero
1204 2914 1236 2938 et
1250 2911 1325 2938 loco
1339 2910 1573 2937 transcribere
1587 2916 1653 2936 non
1669 2907 1878 2940 dubitamus,

245 2956 327 2990 quia
342 2957 374 2983 in
390 2958 520 2992 paucis,
535 2958 615 2985 licet
630 2958 790 2992 minimis,
805 2959 974 2994 differunt,
992 2963 1024 2986 et
1040 2959 1083 2986 ab
1100 2958 1165 2985 alio
1180 2958 1396 2992 subscriptae
1412 2962 1504 2985 sunt.
