2028 3328
228 161 275 197 34
744 159 967 199 LITTERAE
994 172 1354 204 QUADRIMESTRES

488 563 770 591 Praecedentium
787 564 981 591 litterarum
996 564 1165 591 Edmundi
1182 564 1323 599 Augei-ii
1341 564 1450 591 latina
1465 564 1578 593 versio
1598 565 1617 592 ¹.

305 968 405 1009 Pax
427 967 616 1018 Christi,
642 975 730 1008 etc.

302 1040 406 1080 Hoc
440 1039 637 1089 facilius,
673 1038 726 1079 R.
758 1040 803 1079 in
835 1039 1022 1079 Christo
1050 1039 1202 1089 Pater,
1235 1050 1370 1090 spero
1402 1051 1474 1079 me
1497 1046 1603 1080 tuae
1625 1042 1859 1082 voluntati

223 1112 591 1161 satisfacturum,
624 1122 715 1162 qua
747 1122 819 1150 me
841 1111 914 1150 vis
939 1110 985 1150 in
1013 1110 1260 1150 scribendo
1287 1110 1539 1151 dilucidam
1560 1112 1691 1163 sequi
1711 1113 1859 1153 breui-

224 1189 383 1233 tatem,
422 1194 512 1234 quo
550 1193 706 1222 rerum
740 1187 982 1232 gestarum
1017 1182 1151 1233 copia
1195 1181 1364 1232 elapsis
1407 1182 1619 1232 proxime
1657 1189 1859 1234 quatuor

221 1254 459 1294 mensibus
494 1253 645 1293 minor
678 1252 776 1293 fuit.
808 1252 943 1303 Quod
968 1264 1062 1292 non
1089 1259 1185 1292 tam
1217 1252 1530 1302 negligentiae
1565 1254 1680 1294 vitio
1715 1266 1856 1306 quam

221 1326 288 1375 (vt
322 1336 486 1365 verum
523 1324 688 1374 fatear)
720 1335 872 1375 pauco
907 1323 981 1364 hic
1012 1331 1197 1364 tuorum
1233 1335 1427 1363 numero
1463 1324 1758 1366 tribuendum
1792 1327 1857 1366 vi-

223 1397 373 1436 detur.

299 1467 464 1508 Nullus
500 1467 623 1507 enim
658 1473 742 1517 est,
781 1467 859 1518 qui
894 1466 939 1506 in
967 1466 1229 1506 animarum
1258 1467 1457 1508 salutem
1483 1469 1670 1519 pietatis
1705 1468 1855 1508 officia

219 1538 577 1590 diligentissime
608 1549 703 1578 non
731 1543 967 1577 exerceat.
1000 1537 1209 1588 Quorum
1237 1539 1390 1578 visum
1422 1545 1491 1579 est
1525 1538 1727 1579 Domino
1755 1551 1856 1580 coe-

220 1617 315 1650 tum
351 1610 554 1661 aliquem
584 1620 773 1659 augere,
804 1614 942 1660 atque
973 1608 1174 1660 aliquem
1206 1609 1395 1649 tandem
1422 1622 1481 1650 ex
1511 1610 1598 1650 hac
1629 1610 1854 1651 Perusina

218 1682 358 1732 plaga
380 1681 426 1720 in
448 1680 731 1721 Societatem
759 1680 1007 1720 asciscere.
1036 1679 1119 1720 Est
1147 1680 1221 1720 hic
1250 1681 1431 1721 iuuenis
1458 1692 1632 1732 genere
1667 1682 1852 1732 nobilis,

217 1753 389 1793 virtute
411 1759 567 1792 tamen
603 1763 657 1791 ac
687 1751 812 1791 vitae
844 1751 1076 1802 probitate
1105 1753 1247 1791 multo
1271 1752 1482 1792 nobilior:
1508 1753 1561 1803 is,
1588 1760 1694 1804 post
1714 1753 1854 1793 tradi-

216 1831 313 1864 tam
345 1823 435 1863 sibi
469 1835 495 1863 a
530 1822 667 1863 Patre
697 1831 857 1862 nostro
894 1822 1224 1862 exercitiorum
1259 1823 1538 1874 spiritalium
1565 1824 1849 1874 methodum,

216 1894 465 1935 Societatis
515 1893 779 1934 institutum
822 1899 891 1933 est
938 1894 1246 1944 amplexatus.
1288 1895 1348 1935 Ut
1387 1901 1543 1935 autem
1581 1896 1711 1935 breui
1752 1896 1851 1936 voti

215 1978 407 2017 compos
437 1966 532 2012 fiat,
566 1965 659 2005 iam
690 1964 889 2004 Romam
918 1976 1023 2004 cum
1050 1964 1198 2004 tribus
1228 1966 1324 2005 suis
1351 1966 1588 2016 fratribus,
1623 1979 1739 2018 quos
1775 1978 1846 2007 eo-

213 2038 318 2078 dem
354 2049 379 2076 a
402 2037 604 2077 Domino
626 2036 862 2076 existimat
891 2036 1031 2075 etiam
1053 2042 1264 2087 vocatos,
1288 2037 1354 2077 ire
1377 2043 1527 2089 parat:
1553 2037 1670 2078 faxit
1692 2037 1849 2078 Domi-

214 2120 300 2148 nus
320 2115 370 2148 vt
393 2119 483 2159 quo
506 2119 702 2158 coepere
720 2107 875 2146 animo
897 2112 1113 2157 pergant3
1137 2114 1243 2147 sunt
1261 2108 1383 2147 enim
1401 2119 1602 2159 magnae
1619 2109 1719 2160 spei
1741 2108 1848 2149 ado-

211 2181 454 2220 lescentes.
479 2178 593 2219 Sunt
622 2184 666 2218 et
700 2178 777 2218 alii
807 2177 920 2229 ipsis
942 2178 1183 2218 voluntate
1213 2179 1430 2230 proximi,
1462 2191 1660 2231 quorum
1689 2191 1847 2231 spera—

210 2262 313 2291 mus
334 2251 511 2302 aliquot
538 2260 784 2289 romanum
815 2241 902 2288 iter
930 2248 1198 2299 propediem
1228 2256 1513 2302 arrepturos,
1551 2256 1602 2291 vt
1623 2251 1670 2291 in
1691 2249 1848 2291 Socie-

210 2328 355 2362 tatem
376 2321 696 2361 admittantur.

287 2392 358 2432 De
389 2392 649 2432 studiorum
678 2396 834 2431 autem
869 2396 1136 2430 nostrorum
1171 2392 1352 2432 ratione
1373 2404 1430 2432 ac
1452 2393 1614 2433 ordine
1638 2393 1752 2432 nihil
1776 2399 1848 2432 est

207 2463 265 2504 ab
287 2475 356 2514 e0,
384 2463 439 2503 de
461 2474 550 2513 quo
583 2463 699 2502 alias
726 2468 771 2501 te
798 2461 1046 2502 certiorem
1080 2461 1290 2514 fecimus,
1323 2464 1633 2504 immutatum.
1662 2463 1712 2504 Id
1732 2475 1846 2504 vero

205 2535 390 2574 silentio
412 2534 601 2574 minime
622 2532 902 2585 praeterib0‚
933 2532 1057 2584 quod
1085 2545 1209 2574 nunc
1241 2534 1298 2574 ab
1327 2534 1540 2575 omnibus
1566 2534 1664 2574 fere
1694 2535 1846 2575 litera-

205 2617 309 2646 rum
343 2604 689 2657 professoribus
725 2603 942 2653 methodo
964 2609 1154 2644 nostrae
1196 2604 1415 2653 docendi,
1450 2605 1609 2646 diuino
1648 2617 1842 2646 munere

204 2676 456 2727 defe1·atur;
480 2687 563 2727 pro
587 2686 677 2727 qua
701 2686 846 2726 vsque
868 2673 984 2714 adeo
1006 2675 1155 2725 nobis,
1180 2681 1230 2716 Vt
1252 2677 1395 2727 probe
1416 2676 1554 2727 nosti,
1577 2675 1662 2716 fuit
1683 2676 1841 2717 hacte-

201 2759 289 2788 nus
310 2746 662 2796 decertandum,
685 2745 885 2786 necdum
907 2745 1095 2786 omnino
1118 2752 1354 2787 cessatum
1376 2752 1460 2787 est.
1484 2746 1601 2787 Sunt
1624 2747 1747 2787 enirn
1764 2747 1842 2787 ad-

256 2883 266 2903 ἱ
306 2882 388 2910 Tria
402 2886 481 2910 sunt
496 2882 596 2916 hujus
611 2882 781 2909 versionis
796 2882 937 2916 antiqua
952 2882 1164 2917 apog1·apha;
1182 2890 1284 2911 unum
1312 2883 1345 2911 in
1372 2883 1497 2918 duplici
1512 2883 1592 2911 folio
1607 2891 1662 2911 nn.
1682 2883 1718 2912 50
1741 2888 1776 2912 et
1797 2885 1844 2913 53,

200 2932 234 2958 in
249 2930 316 2958 vol.
331 2929 519 2964 Quadrim.
537 2929 749 2963 1553-1<354,·
765 2930 913 2957 alterum
939 2929 971 2956 in
994 2929 1073 2957 folio
1095 2930 1176 2957 item
1197 2931 1334 2965 duplici,
1359 2938 1413 2959 nn.
1434 2931 1469 2958 60
1493 2935 1526 2958 et
1549 2931 1601 2966 61,
1627 2932 1770 2960 tertium
1784 2932 1840 2960 de-

200 2978 300 3013 nique
315 2977 348 3005 in
364 2977 443 3005 solio
460 2977 565 3004 etiam
582 2976 719 3012 duplici,
736 2984 790 3004 nn.
805 2977 839 3004 64
854 2980 886 3004 ct
902 2976 947 3004 65.
965 2976 1056 3004 Haec
1073 2977 1136 3005 duo
1151 2982 1328 3012 postrema
1345 2978 1378 3006 in
1399 2979 1465 3006 vol.
1492 2977 1680 3012 Quadam.
1704 2979 1804 3009 1555.
