2028 3328
794 115 878 150 ΑΝ.
910 114 1001 151 1555
1653 114 1722 151 437

89 215 355 265 complures
375 214 446 254 sui
467 212 686 253 audiendi
721 202 955 251 studiosos
989 216 1146 261 posset
1182 211 1228 249 in
1262 211 1399 250 rebus
1437 211 1605 250 diuinis
1627 211 1723 251 suis

92 285 396 325 concionibus
417 284 616 325 erudire.

170 355 300 396 Haec
319 356 491 406 omnia,
511 356 563 396 R.
583 355 650 405 P„
669 360 799 395 tanta
811 353 1040 393 breuitate
1054 352 1279 403 percurri,
1298 352 1511 392 iudicans
1524 365 1615 392 non
1629 360 1724 393 tam

93 433 304 467 nostrum
326 439 464 479 quam
486 427 684 467 aliorum
706 436 872 465 munus
895 435 996 464 esse
1017 423 1073 463 iis
1095 423 1150 463 de
1169 423 1308 463 rebus
1336 429 1379 463 te
1402 422 1597 463 reddere
1630 435 1722 462 cer-

92 498 272 538 tiorem.
298 498 454 549 Quare
477 504 525 538 ut
543 498 600 538 ad
618 497 679 546 id,
698 495 820 547 quod
837 501 1046 535 nostrum
1060 495 1212 546 magis
1229 500 1313 544 est,
1334 505 1599 534 sermonem
1617 506 1723 533 con-

92 575 291 617 vertam,
316 569 478 609 Patres
501 569 636 609 huius
658 566 900 607 Valentini
919 565 1312 615 Collegiiduobus
1334 565 1628 616 potissimum
1646 565 1726 604 mi-

91 640 297 679 nisteriis
326 646 631 691 occupantur:
663 639 861 678 alterum
896 642 966 676 est
998 636 1215 676 assiduus
1250 635 1590 676 audiendarum
1621 647 1725 675 con-

92 711 344 751 fessionum
368 710 718 761 indefessusque
744 709 891 758 labor,
926 709 1125 747 alterum
1154 706 1354 758 diligens
1385 718 1498 746 cura
1529 706 1728 746 docendi

91 793 262 833 pueros
285 782 593 821 christianam
620 780 896 821 doctrinam.
934 778 1005 819 De
1040 778 1414 818 confessionibus
1450 778 1601 829 primo
1624 778 1728 817 loco

92 853 260 903 dicam;
286 854 343 893 ad
366 853 630 893 doctrinam
652 850 833 900 deinde,
865 849 1091 890 adiutrice
1122 849 1281 889 diuina
1303 849 1473 900 gratia,
1507 849 1728 889 deuentu·

93 935 188 964 rus:
203 924 340 963 tertio
357 925 461 964 loco
475 924 530 963 de
548 922 816 964 domesticis
833 921 1250 962 exercitationibus
1263 932 1414 972 pauca
1429 920 1727 971 subjungam.

173 995 389 1045 Fructus,
414 995 492 1046 qui
513 1006 572 1035 ex
593 993 978 1043 confessionibus,
1005 1003 1122 1044 quas
1144 992 1297 1031 nostri
1320 990 1486 1031 Patres
1516 991 1727 1039 audiunt,

94 1074 329 1115 emanant,
367 1066 588 1106 uberrimi
623 1071 730 1105 sunt
758 1070 897 1116 atque
928 1063 1221 1114 multiplices.
1260 1061 1393 1112 Nam,
1433 1069 1482 1102 ut
1517 1063 1731 1102 omittam

94 1138 426 1189 complurimos
447 1149 506 1177 ex
527 1136 702 1177 eisdem
723 1135 1092 1176 confessionibus
1114 1134 1273 1174 induci
1290 1140 1353 1184 ut,
1379 1134 1417 1173 si
1439 1133 1606 1173 crebro
1624 1145 1728 1184 pec-

95 1214 200 1249 cata
237 1208 447 1248 confiteri
482 1207 735 1259 coeperint,
760 1207 806 1247 in
828 1207 992 1247 eodem
1011 1206 1134 1245 bono
1160 1211 1326 1256 coepto
1344 1210 1661 1256 perseuerent,
1687 1211 1731 1244 et

93 1280 131 1320 si
154 1292 246 1319 non
270 1280 509 1331 coeperint
531 1279 771 1330 incipiant,
796 1278 939 1317 multa
964 1289 1022 1317 ex
1052 1276 1425 1317 confessionibus
1456 1276 1730 1315 oboriuntur

93 1351 297 1402 quotidie
319 1351 456 1399 bona,
481 1362 599 1401 quae
620 1351 815 1390 multum
845 1348 1132 1389 audientium
1166 1348 1349 1388 animos
1377 1346 1660 1396 exhilarant,
1693 1347 1732 1386 si

93 1423 170 1474 qui
192 1434 246 1462 ea
269 1422 462 1462 audiunt
489 1422 520 1461 ii
541 1422 648 1469 sint,
673 1421 751 1473 qui
767 1420 969 1472 gloriam
988 1420 1176 1460 diuinae
1198 1419 1460 1459 maiestatis
1482 1419 1663 1458 cunctis
1685 1419 1731 1458 in

90 1494 231 1533 rebus
253 1499 493 1544 exoptant,
519 1493 776 1544 eodemque
805 1491 1054 1543 desyderio
1085 1491 1225 1531 tracti
1255 1490 1581 1545 proximorum
1611 1490 1731 1529 salu-

91 1570 187 1604 tem
208 1572 252 1604 et
273 1564 534 1616 profectum
555 1576 581 1604 a
604 1563 703 1604 Deo
731 1564 998 1614 frequenter
1024 1568 1298 1613 exposcunt:
1332 1568 1390 1611 et,
1425 1567 1473 1601 ut
1500 1561 1595 1601 iam
1622 1561 1729 1601 inci-

92 1636 233 1688 piam,
252 1637 391 1676 homo
409 1634 598 1687 quidam
610 1641 808 1675 mortem
829 1634 1000 1673 inferre
1017 1633 1104 1673 sibi
1120 1633 1320 1684 parabat
1337 1639 1590 1684 propterea
1609 1633 1733 1684 quod

93 1719 187 1747 non
221 1718 446 1758 prospere
480 1718 630 1757 neque
652 1718 710 1746 ex
745 1705 887 1745 animi
924 1704 1155 1745 sententia
1191 1703 1423 1755 quaedam
1458 1704 1659 1754 negocia
1690 1705 1733 1744 ei

93 1785 434 1828 successerant,
459 1784 508 1817 ut
529 1778 603 1817 uel
623 1778 695 1817 sui
715 1776 905 1817 interitu
928 1782 1057 1816 tanto
1080 1775 1248 1825 dolori,
1283 1787 1419 1827 quem
1449 1787 1508 1815 ex
1538 1775 1731 1815 infortu-

94 1850 171 1890 nio
194 1855 490 1900 conceperat,
520 1848 799 1898 mederetur,
833 1854 877 1888 et
904 1847 1144 1887 minimam
1171 1847 1474 1898 supellectilis
1500 1847 1731 1888 iacturam

96 1921 281 1961 animae
301 1921 444 1960 multo
467 1920 635 1960 maiori
667 1920 850 1959 iactura
878 1924 1224 1970 compensaret.
1258 1917 1473 1969 Quadam
1499 1929 1612 1969 ergo
1642 1918 1730 1969 die,

95 1992 393 2032 commodam
413 1998 578 2031 nactus
601 1991 914 2040 occasionem,
948 2001 997 2030 se
1018 1990 1186 2040 laqueo
1210 1989 1470 2040 suspendit.
1495 1988 1586 2029 Sed
1607 1990 1732 2041 pien-

94 2064 302 2104 tissimus
320 2063 448 2103 Deus
469 2062 682 2114 pereunti
710 2061 885 2102 homini
907 2067 1095 2113 praesto
1116 2060 1219 2109 fuit,
1245 2072 1459 2112 eumque,
1484 2061 1591 2100 licet
1619 2061 1732 2101 indi-

95 2145 238 2185 gnum
261 2133 485 2174 beneficio
507 2140 653 2184 tanto,
678 2133 886 2173 seruauit
908 2132 1205 2182 incolumem;
1228 2142 1338 2171 nam
1360 2143 1467 2171 cum
1489 2132 1607 2171 alius
1628 2144 1733 2172 eum

96 2205 305 2255 uidisset,
331 2205 576 2245 confestim
598 2204 818 2254 accurrit,
843 2210 887 2243 et
910 2203 1003 2243 iam
1030 2204 1126 2243 fere
1162 2203 1441 2242 morientem
1473 2214 1498 2242 a
1523 2202 1736 2254 corporis

96 2282 140 2317 et
162 2277 347 2316 animae
368 2283 518 2316 morte
540 2276 677 2316 simul
698 2275 882 2326 eripuit.
907 2273 998 2315 Sed
1020 2285 1127 2314 cum
1160 2273 1336 2313 factum
1354 2273 1443 2313 hoc
1469 2273 1734 2325 diuulgare-

96 2354 188 2397 tur,
211 2353 343 2387 tanta
364 2347 450 2387 fuit
471 2347 548 2387 hic
584 2347 723 2386 homo
760 2344 956 2385 affectus
992 2345 1196 2393 tristitia,
1231 2350 1280 2384 ut
1314 2352 1514 2384 mortem
1548 2352 1736 2396 putaret

96 2418 191 2458 uita
213 2419 352 2469 longe
374 2417 711 2466 iocundiorem,
735 2428 827 2468 qua
848 2415 1066 2468 opinione
1088 2415 1340 2455 falsissima
1357 2415 1593 2467 deceptus,
1611 2416 1736 2468 quod

96 2489 191 2529 iam
207 2490 350 2530 semel
366 2494 699 2538 attentauerat,
721 2487 906 2528 uolebat
928 2487 1186 2538 perducere
1207 2485 1265 2526 ad
1282 2485 1420 2526 finem
1437 2498 1598 2538 usque.
1619 2486 1736 2527 Cum

99 2560 287 2612 quidam
308 2572 332 2600 e
352 2560 527 2600 nostris
547 2559 758 2610 patribus
786 2558 875 2598 hac
897 2558 953 2599 de
975 2570 1025 2598 re
1048 2557 1222 2598 certior
1254 2556 1399 2608 fieret,
1422 2557 1669 2598 confestim
1689 2559 1738 2598 in

98 2631 303 2671 hominis
324 2631 461 2671 huius
483 2630 672 2671 domum
694 2641 743 2669 se
764 2629 958 2680 confert,
982 2629 1221 2668 hominem
1250 2629 1515 2680 alloquitur,
1540 2630 1736 2679 solatur,

98 2701 442 2742 confessionem
475 2701 653 2751 suadet,
690 2699 988 2741 confitentem
1005 2699 1155 2749 audit,
1193 2711 1249 2739 ac
1286 2699 1484 2751 denique
1516 2699 1651 2751 facit,
1688 2706 1738 2741 ut

98 2784 249 2824 neque
261 2772 432 2824 prioris
444 2772 669 2822 iacturae,
688 2783 837 2823 neque
850 2770 1134 2822 ignominiae
1146 2771 1239 2811 iam
1254 2771 1599 2822 recordaretur,
1620 2772 1737 2812 adeo

99 2850 164 2895 ut,
188 2855 295 2884 cum
322 2849 460 2883 antea
495 2842 739 2884 cuiusdam
771 2842 964 2883 cellulae
993 2841 1154 2881 limina
1181 2854 1275 2882 non
1306 2842 1470 2882 fuisset
1501 2853 1737 2894 egressus,

99 2926 188 2955 nec
205 2925 488 2966 quemquam
505 2914 678 2965 alloqui
693 2924 807 2965 prae
824 2912 967 2953 nimio
984 2912 1162 2964 pudore
1177 2913 1344 2954 fuisset
1361 2924 1518 2963 aUSUS,
1541 2914 1615 2955 die
1635 2926 1739 2966 pro-
