2028 3328
813 113 845 148 A
859 123 895 149 Ν.
932 112 1023 149 1555
1668 113 1738 149 449

93 212 270 262 dicam,
295 210 412 251 adeo
436 210 581 251 creuit
609 209 697 249 hoc
719 220 841 249 anno
875 205 1195 248 confitentium
1229 220 1467 255 numerus,
1494 215 1542 248 ut
1575 209 1735 259 depre-

101 283 367 322 hendantur
387 283 543 333 plures
566 279 922 332 quadringentis
950 290 1034 319 sua
1056 284 1251 330 peccata
1282 279 1627 329 manifestasse,
1660 280 1737 331 qui

105 353 207 393 aliis
229 353 364 393 annis
384 352 587 392 confessi
608 363 701 391 non
721 349 920 390 fuerant.
960 349 1047 389 Die
1076 349 1280 401 quadam
1312 349 1548 389 dominica
1582 362 1735 389 30005-

105 430 266 464 serunt
288 424 347 463 ad
377 422 723 463 Eucharistiam
747 420 861 471 1500,
887 432 993 460 cum
1016 427 1173 460 tamen
1196 420 1417 472 oppidum
1440 420 1532 460 hoc
1563 421 1623 460 sit
1647 422 1738 460 exi-

113 506 272 546 guum:
297 493 420 545 quod
443 494 480 533 si
501 493 729 542 omnibus,
753 491 831 543 qui
852 490 911 531 ad
941 502 1027 531 nos
1060 491 1253 531 ueniunt
1289 491 1564 542 confessuri,
1595 493 1738 542 possi-

106 577 208 605 mus
229 564 518 615 satisfacere,
542 564 718 604 nullum
739 562 954 602 existimo
977 562 1090 611 fore,
1116 562 1194 613 qui
1222 562 1312 601 alio
1338 562 1384 601 in
1413 563 1518 601 loco
1555 562 1740 602 confite-

104 642 247 676 retur:
282 647 335 675 ea
359 635 577 687 opinione
603 646 702 684 nos,
734 633 952 684 indignos
973 633 1181 673 cuiusuis
1205 633 1411 681 honoris,
1438 634 1641 684 populus
1666 633 1741 673 hic

106 706 419 758 prosequitur;
451 712 494 746 et
523 706 602 757 qui
635 710 773 745 antea
805 704 955 744 nostri
982 715 1149 755 parum
1184 704 1478 744 habebantur
1516 704 1736 754 studiosi,

106 789 243 827 nunc,
268 777 370 816 uice
392 782 586 826 mutata,
609 775 940 816 studiosissimi
962 775 1282 826 perhibentur.

187 847 279 888 Diu
308 849 594 898 multumque
621 845 949 887 studueramus
978 845 1251 886 iuramentis
1287 846 1464 886 crebris
1499 846 1741 896 obsistere,

106 930 217 958 nam
244 919 332 959 hoc
362 918 409 958 in
442 929 589 969 regno
620 917 784 958 uitium
811 917 916 968 hoc,
950 917 989 956 si
1018 916 1142 967 quod
1177 917 1316 967 aliud,
1355 917 1485 968 uiget
1523 918 1741 958 maxime.

107 989 319 1030 Gandiae
341 990 550 1030 sancitae
573 988 803 1040 quaedam
822 989 953 1039 leges
969 995 1090 1038 sunt,
1110 988 1236 1028 omni
1254 989 1425 1040 populo
1450 990 1742 1029 consentien-

107 1068 166 1110 te,
191 1061 356 1112 quibus
378 1072 471 1110 eos,
497 1061 575 1111 qui
596 1060 819 1109 iurarent,
843 1071 936 1099 non
957 1059 1050 1099 alia
1067 1071 1217 1110 poena
1239 1060 1510 1110 plectendos
1531 1071 1634 1100 esse
1651 1066 1739 1099 sta-

109 1132 302 1172 tuebant
323 1132 413 1171 nisi
435 1131 573 1183 quod,
592 1131 749 1171 statim
772 1137 909 1182 atque
926 1130 1175 1179 iurassent,
1195 1141 1436 1170 nummum
1456 1131 1742 1182 pauperibus

108 1203 399 1254 erogandum
421 1204 757 1254 persoluerent.
781 1201 1058 1243 Statuebant
1085 1201 1225 1242 etiam
1247 1208 1296 1241 ut
1324 1202 1402 1253 qui
1430 1203 1603 1242 Vellent
1635 1203 1743 1242 huic

109 1273 486 1314 confraternitati
507 1274 587 1324 (ita
608 1273 821 1324 uocatur)
846 1273 1052 1324 adiungi,
1078 1279 1127 1313 ut
1147 1284 1254 1313 cum
1284 1273 1486 1324 primum
1510 1274 1657 1314 alium
1680 1274 1743 1314 iu-

109 1357 239 1385 rasse
261 1346 601 1396 conspicerent,
626 1356 731 1385 eum
760 1345 1065 1385 admonerent
1092 1356 1149 1384 ne
1178 1345 1369 1384 iuraret.
1396 1344 1529 1395 Quod
1557 1345 1597 1384 si
1632 1356 1744 1396 prae

108 1423 385 1467 paupertate
407 1427 646 1457 nummum
667 1417 936 1468 persoluere
959 1428 1051 1456 non
1067 1422 1273 1467 possent,
1294 1422 1373 1456 aut
1398 1423 1523 1456 certe
1550 1417 1741 1467 nollent,

111 1498 301 1527 crucem
330 1487 377 1526 in
404 1493 531 1526 terra
567 1487 801 1538 depictam
828 1487 1229 1527 deoscularentur.
1268 1486 1439 1527 Mirum
1470 1494 1539 1527 est
1569 1494 1744 1539 quanta

108 1557 284 1597 laetitia
305 1558 392 1597 hae
415 1558 656 1598 cautiones
676 1557 847 1597 fuerint
869 1565 1112 1609 acceptae:
1144 1558 1313 1598 mirum
1335 1570 1476 1610 quam
1496 1557 1745 1609 diligenter

109 1628 401 1669 obse'ruatae:
427 1629 506 1668 uix
529 1640 649 1669 vnus
669 1629 855 1679 iurauit,
881 1640 987 1669 cum
1008 1635 1115 1669 ante
1141 1640 1191 1668 se
1212 1635 1307 1669 tres
1329 1635 1409 1669 aut
1437 1636 1641 1680 quatuor
1664 1630 1741 1670 ha-

108 1701 199 1751 bet,
224 1700 301 1751 qui
324 1711 428 1739 eum
450 1706 721 1740 reuerenter
742 1705 964 1740 accusent
986 1706 1030 1740 et
1051 1700 1220 1740 blande
1243 1700 1503 1751 corrigant.

190 1771 332 1812 Venit
363 1771 598 1811 Gandiam
626 1771 905 1812 Valentinus
933 1771 1210 1823 Episcopus,
1243 1772 1321 1823 qui
1353 1771 1612 1823 Segrianus
1637 1773 1747 1813 dici-

112 1849 201 1892 tur,
226 1850 275 1882 ut
298 1842 580 1882 christianos
603 1854 752 1882 nouos
773 1842 857 1893 (sic
878 1844 1048 1893 uulgus
1071 1841 1364 1883 Sarracenos
1386 1854 1534 1894 nuper
1556 1855 1745 1884 conuer-

112 1925 190 1954 sos
211 1914 429 1965 appellat)
454 1913 695 1965 inuiseret‚
733 1919 777 1953 et
812 1925 892 1954 eos
920 1914 966 1954 in
994 1913 1135 1954 rebus
1167 1913 1338 1954 diuinis
1366 1913 1598 1955 erudiret:
1631 1915 1748 1955 adeo

113 1985 235 2025 enim
257 1984 465 2025 infideles
488 1984 613 2024 omni
634 1986 805 2036 populo
822 1985 1053 2025 habentur
1074 1997 1130 2025 ac
1151 1985 1190 2025 si
1212 1985 1259 2025 in
1289 1985 1441 2025 medio
1466 1984 1747 2026 Sarraceno-

112 2068 215 2096 rum
235 2055 516 2095 habitarent.
536 2054 653 2096 Cum
670 2055 748 2095 diu
764 2055 1026 2096 dubitatum
1043 2062 1167 2096 esset
1184 2055 1241 2095 ab
1261 2055 1497 2107 Episcopo
1516 2057 1749 2107 quomodo

113 2133 275 2178 posset
296 2127 495 2167 istorum
515 2126 755 2166 hominum
774 2127 1064 2179 pertinaciae
1087 2127 1281 2177 mederi,
1308 2127 1428 2167 inter
1450 2127 1541 2167 alia
1570 2127 1616 2167 id
1636 2127 1748 2168 iudi-

115 2198 241 2238 cauit
260 2197 556 2249 potissimum
572 2197 844 2249 remedium,
862 2204 913 2238 vt
929 2198 1094 2238 Patres
1111 2204 1301 2238 nostrae
1319 2197 1567 2238 Societatis
1589 2210 1751 2239 eorum

119 2269 333 2308 strictam
354 2280 518 2308 curam
545 2275 837 2308 assumerent
866 2275 910 2309 et
940 2269 1006 2309 eis
1037 2269 1306 2321 frequenter
1338 2270 1750 2321 concionarentur,

119 2352 174 2380 ac
208 2340 275 2379 sic
311 2351 472 2380 eorum
506 2339 724 2380 duritiem
752 2339 966 2380 lenirent.
1004 2340 1165 2392 Itaque
1197 2341 1286 2380 hoc
1317 2341 1501 2391 magnis
1539 2341 1754 2392 precibus

118 2412 390 2463 Episcopus,
433 2423 517 2452 suo
557 2418 601 2451 et
641 2411 1001 2463 Archiepiscopi
1038 2412 1239 2462 nomine,
1283 2412 1562 2463 postulavit,
1605 2418 1650 2452 et
1690 2413 1754 2453 ita

119 2488 287 2522 octauo
309 2493 492 2534 quoque
510 2482 582 2522 die
605 2483 858 2522 conciones
879 2483 926 2522 in
947 2483 1071 2522 hunc
1093 2494 1230 2522 usum
1251 2482 1497 2523 habentur.

201 2552 395 2603 Deniae,
420 2553 543 2605 quod
565 2552 788 2604 oppidum
815 2558 884 2593 est
911 2553 1125 2594 Gandiae
1153 2553 1435 2605 proximum,
1466 2554 1557 2594 duo
1593 2554 1757 2595 Patres

121 2624 391 2664 concionati
418 2631 540 2675 sunt,
573 2635 771 2675 quorum
800 2624 918 2664 alter
948 2635 1118 2675 pueros
1147 2623 1412 2664 doctrinam
1446 2615 1759 2666 christianam

114 2695 294 2745 docuit,
320 2701 364 2735 et
395 2701 444 2735 ut
474 2695 562 2735 hoc
592 2694 851 2735 efficeretur
872 2695 1038 2735 deinde
1061 2695 1338 2736 exercitium
1360 2696 1499 2748 quod,
1523 2702 1760 2747 perstaret

121 2777 204 2818 per
226 2766 397 2806 multos
418 2766 533 2817 dies,
558 2771 806 2806 suaserunt
826 2766 998 2818 populo
1020 2771 1064 2806 et
1085 2766 1312 2817 patribus,
1334 2778 1451 2818 quos
1471 2767 1651 2808 iuratos
1680 2779 1760 2809 no-

121 2837 317 2887 minant,
340 2842 390 2877 ut
411 2836 646 2877 hominem
669 2837 728 2877 ad
748 2836 837 2878 hoc
858 2849 1027 2878 munus
1053 2824 1331 2878 'obeundum
1363 2838 1664 2879 commodum
1685 2840 1760 2880 eli-

121 2913 302 2959 gerent,
326 2908 449 2959 quod
470 2908 558 2959 ipsi
578 2908 882 2948 libentissime
900 2907 1126 2960 fecerunt,
1152 2920 1258 2949 cum
1279 2909 1594 2960 intelligerent
1618 2911 1763 2951 mani-

316 2982 369 3019 T.
391 2994 444 3019 111,
1530 2997 1576 3031 29
