2028 3328
782 179 866 216 AN.
898 179 989 215 1550
1643 176 1712 214 1591

726 628 1079 685 GDXXXVI

156 865 407 914 Stephanus
428 865 676 910 Baroellus,

206 929 275 967 Ex
294 930 617 968 commissione
638 931 782 968 Patris
800 930 987 977 Philippi
1006 929 1154 976 Fabri,
1175 928 1278 966 olim
1297 927 1473 971 Leerni,

253 996 373 1034 Patri
393 995 561 1043 Ignatio
577 996 630 1033 de
649 996 837 1043 Loyola.

303 1062 485 1108 Mutina,
510 1061 549 1098 11
572 1060 778 1099 Octobris
796 1061 888 1098 1555
908 1060 932 1095 ¹.

891 1218 919 1263 ἢ.

748 1268 879 1316 Jesus
908 1267 1062 1304 Maria.

170 1413 335 1462 Padre,
360 1412 672 1452 diciararemo
695 1424 722 1451 a
754 1410 810 1451 V.
848 1410 900 1450 R.
925 1410 972 1450 in
1006 1410 1190 1450 breuita
1220 1410 1372 1461 quello
1408 1421 1555 1462 pocco
1589 1410 1674 1451 che
1696 1415 1722 1451 e

91 1484 211 1526 fatto
232 1484 279 1524 in
299 1482 515 1524 Modena.

171 1555 326 1596 Primo
344 1566 425 1595 era
446 1559 575 1594 tanto
596 1552 777 1604 grande
797 1552 1042 1593 inimicitia
1062 1552 1184 1593 intra
1204 1553 1250 1593 la
1283 1553 1444 1594 madre
1480 1559 1524 1594 et
1543 1552 1719 1604 figliola

92 1631 136 1667 et
157 1637 332 1677 genero
355 1636 455 1674 suo,
479 1624 565 1665 che
582 1623 865 1664 machinaua
886 1623 1006 1663 male
1027 1623 1058 1662 11
1073 1635 1167 1663 vno
1189 1630 1353 1664 contra
1384 1624 1429 1664 di
1463 1625 1490 1663 l'
1515 1624 1648 1674 altro;
1673 1624 1718 1664 la

93 1698 201 1749 qual
223 1708 334 1737 cosa
354 1695 636 1736 intendendo
657 1707 750 1735 Vno
768 1695 824 1735 de
858 1695 924 1745 gli
960 1694 1100 1735 Padri
1133 1695 1284 1746 primo
1318 1695 1407 1735 feci
1443 1695 1653 1736 chiamar
1677 1696 1721 1735 la

93 1768 269 1818 madre,
294 1767 448 1819 doppo
471 1767 502 1807 il
523 1777 715 1818 genem,
739 1771 783 1806 et
805 1764 986 1805 odendo
1009 1766 1050 1805 le
1071 1766 1289 1817 raggioni
1326 1765 1412 1806 del'
1447 1778 1540 1806 vno
1563 1772 1607 1806 et
1627 1766 1715 1807 del'

95 1841 228 1890 altro,
253 1838 552 1890 adoperando
581 1838 722 1878 etiam
747 1837 792 1876 lo
816 1836 990 1877 auxilio
1020 1836 1093 1877 del
1119 1837 1444 1888 petrochiano,
1482 1849 1532 1877 se
1563 1837 1723 1889 pacifi-

95 1922 285 1951 corono.

174 1981 247 2022 Un
268 1979 508 2021 confessor
525 1979 633 2020 delli
651 1978 798 2019 nostri
818 1977 866 2018 fu
887 1978 1123 2019 chiamato
1150 1979 1236 2019 che
1257 1979 1476 2020 visitasse
1503 1992 1566 2020 vn
1592 1987 1724 2020 certo

93 2051 395 2093 mercadante
415 2051 558 2091 molto
579 2051 781 2090 amalato
802 2061 895 2089 non
917 2050 1176 2090 solamente
1196 2050 1270 2090 del
1303 2061 1462 2102 corpo,
1482 2063 1557 2091 ma
1579 2051 1722 2092 etiam

95 2123 182 2164 del’
206 2122 376 2172 anima,
399 2121 571 2173 perche
591 2132 687 2161 non
707 2121 745 2161 si
762 2132 843 2160 era
859 2121 1124 2161 confessato
1141 2121 1263 2162 nella
1283 2121 1485 2173 Pasqua,
1504 2123 1723 2163 hauendo

96 2194 203 2235 odio
225 2205 313 2234 con
332 2205 427 2233 vno
449 2198 493 2232 et
514 2191 788 2232 desideraua
810 2191 1153 2243 uindicassene,
1176 2198 1221 2232 et
1241 2192 1289 2232 fu
1310 2204 1466 2233 mosso
1483 2205 1565 2245 per
1582 2193 1613 2233 il
1633 2205 1721 2235 me-

95 2266 273 2306 desimo
301 2263 569 2304 confessore
591 2275 617 2303 a
642 2263 716 2303 far
744 2274 874 2314 pace,
900 2269 945 2303 et
978 2269 1202 2304 recevuto
1229 2263 1315 2304 che
1348 2264 1485 2304 hebbi
1519 2264 1550 2305 li
1570 2276 1727 2306 sacra-

97 2336 255 2387 menti,
278 2347 327 2376 se
347 2347 405 2376 ne
426 2334 585 2375 morsi:
607 2335 652 2374 la
672 2335 781 2386 qual
802 2345 914 2374 cosa
936 2333 1150 2374 vedendo
1168 2334 1200 2374 il
1220 2346 1303 2375 suo
1330 2333 1528 2386 fratello,
1550 2335 1581 2375 11
1615 2338 1726 2388 qual

96 2407 279 2448 haueua
301 2405 406 2447 odio
428 2417 517 2446 con
539 2406 645 2457 quel
663 2405 918 2445 medesimo
936 2410 981 2444 et
997 2416 1092 2444 non
1107 2405 1305 2446 essendo
1322 2405 1587 2447 confessato
1601 2408 1722 2448 nella

97 2478 298 2530 Pasqua,
322 2483 367 2518 et
388 2477 640 2517 sollicitato
672 2476 749 2516 dal
778 2475 1049 2527 sopradetto
1084 2475 1373 2525 confessore,
1406 2488 1456 2517 se
1490 2478 1722 2520 confesso.

96 2551 171 2592 Un
193 2549 416 2590 cittadino
438 2548 641 2588 amalato
671 2547 903 2587 domando
923 2558 988 2586 vn
1009 2546 1251 2587 confessor
1281 2547 1388 2588 delli
1415 2548 1563 2588 nostri
1586 2561 1674 2590 con
1694 2550 1726 2590 il

97 2621 203 2673 qual
233 2619 323 2660 feci
356 2620 401 2659 la
435 2618 744 2669 confessione,
768 2624 812 2658 et
845 2617 1045 2658 riceuuti
1073 2618 1105 2657 11
1139 2618 1262 2658 santi
1295 2620 1579 2660 sacramenti
1604 2620 1726 2661 della

98 2692 272 2741 chiesa,
296 2702 346 2731 se
367 2703 424 2730 ne
445 2689 567 2730 ando
588 2690 633 2729 al
654 2688 865 2740 Signore.

175 2763 222 2803 Io
243 2773 389 2814 penso
411 2761 496 2802 che
517 2760 577 2801 V.
601 2760 654 2800 R.
679 2760 812 2812 sapia
834 2760 876 2800 d’
901 2771 964 2800 vn
986 2766 1115 2800 certo
1137 2771 1348 2812 romano,
1373 2761 1404 2801 il
1421 2761 1530 2813 qual
1547 2763 1586 2802 si
1603 2763 1730 2803 chia-

155 2947 166 2967 ¹
205 2946 454 2981 Autographae
477 2946 510 2973 in
525 2945 623 2973 unico
649 2945 740 2977 folio,
760 2952 791 2973 n.
815 2944 876 2979 168;
892 2945 924 2972 in
940 2944 993 2972 his
1008 2948 1142 2972 tantum
1155 2945 1372 2981 subscriptio,
1390 2950 1460 2982 per
1482 2950 1732 2978 commissione

102 2995 197 3023 della
213 2996 319 3021 santa
335 2994 547 3028 ohedientia,
565 2992 744 3028 Stephano
761 2991 939 3025 Baroello,
953 2996 1005 3020 est
1021 2992 1125 3026 ipsius
1142 2991 1306 3028 Stephani
1323 3002 1436 3024 manu.
