2028 3328
826 89 909 126 ΑΝ.
940 89 1031 125 1555
1677 89 1747 125 455

701 505 1147 596 ooonxxxiv

175 769 440 807 Franciscus
460 769 606 817 Scipio
625 780 705 807 seu
724 769 897 807 Bordon

225 835 345 872 Patri
364 835 534 882 Ignatio
554 834 607 872 de
626 835 809 882 Loyola.

266 900 476 945 Bononia,
504 900 519 937 1
541 900 646 949 Maji
667 901 758 938 1555
776 901 801 936 ¹.

861 1055 976 1146 Jlius

183 1254 466 1294 Franciscus
488 1253 644 1306 Scipio
677 1254 858 1305 Ignatio
886 1254 941 1294 de
968 1253 1151 1304 Loyola
1178 1251 1451 1303 Praeposito
1484 1249 1733 1291 Societatis

103 1324 213 1376 Jesu
235 1336 287 1365 ac
310 1325 438 1365 Patri
460 1325 506 1365 in
527 1325 730 1365 Domino
752 1324 1029 1365 charissimo
1050 1323 1096 1365 S.
1119 1323 1168 1363 P.

182 1395 335 1436 Instar
355 1396 617 1436 villicorum
640 1396 695 1436 de
717 1396 949 1448 perceptis
970 1395 1184 1446 frugibus
1215 1406 1269 1434 ac
1291 1393 1543 1434 reconditis
1574 1392 1730 1433 fructi-

101 1467 186 1507 bus
206 1467 254 1507 in
274 1466 464 1507 Domini
483 1468 703 1508 horreum
719 1468 962 1517 rationem,
984 1478 1124 1518 quam
1140 1466 1415 1506 breuissime
1432 1471 1611 1516 potero,
1631 1464 1731 1504 red-

100 1539 206 1579 dam
225 1538 322 1585 tibi,
346 1538 498 1579 Pater.
525 1539 658 1590 Quod
680 1539 717 1578 si
739 1538 874 1590 copia
895 1544 939 1578 et
961 1538 1247 1578 abundantia
1268 1537 1435 1577 messis
1463 1536 1617 1577 minor
1637 1535 1729 1576 fue-

99 1610 160 1649 rit
190 1621 328 1661 quam
351 1622 436 1661 pro
458 1622 555 1661 spe,
579 1621 718 1661 quam
741 1610 797 1650 de
817 1610 951 1650 nobis
978 1620 1280 1661 conceperas,
1310 1607 1355 1648 id
1383 1607 1593 1648 ascribas
1621 1608 1729 1647 veli-

99 1693 201 1721 mus
222 1687 321 1721 tum
342 1681 575 1732 ignauiae,
606 1688 704 1721 tum
731 1681 975 1722 charitatis
1005 1686 1194 1721 nostrae
1221 1680 1380 1731 hyemi
1407 1679 1607 1727 cuidam,
1637 1691 1729 1730 qua

98 1752 350 1793 admodum
372 1759 533 1792 nostra
555 1758 826 1804 premuntur
849 1758 1057 1803 pectora.
1079 1751 1183 1792 Non
1204 1751 1328 1791 enim
1348 1752 1423 1791 uel
1443 1762 1528 1803 pro
1551 1750 1728 1791 viribus

97 1823 295 1874 exiguis,
319 1835 439 1875 quae
469 1824 600 1864 nobis
629 1836 655 1864 a
683 1823 1044 1864 clementissimo
1065 1823 1175 1876 Jesu
1196 1828 1303 1863 sunt
1323 1822 1647 1874 suppeditatae
1669 1821 1727 1861 ad

96 1894 362 1945 augendam
383 1895 581 1934 fratrum
602 1895 850 1935 Vtilitatem
871 1900 915 1934 et
936 1895 1134 1935 salutem
1159 1893 1405 1934 tutandam
1432 1893 1728 1933 exercuimus

96 1971 193 2005 tum
220 1965 401 2005 animos
427 1972 629 2016 nostros,
660 1972 758 2006 tum
788 1966 834 2006 in
864 1973 1160 2006 caeterorum
1187 1965 1476 2005 institutione
1504 1970 1547 2004 et
1578 1965 1726 2003 salute

95 2036 456 2077 elaborauimus.
488 2036 713 2087 Quamuis
741 2037 884 2088 igitur
912 2048 1089 2088 paruae
1117 2035 1390 2086 disciplinae
1418 2035 1510 2075 sint
1536 2042 1726 2075 nostrae

95 2107 318 2158 actiones,
344 2120 423 2147 eas
444 2114 601 2148 tamen
631 2108 776 2148 literis
797 2108 1045 2157 mandabo,
1075 2114 1125 2148 ut
1152 2113 1484 2147 sacrosanctae
1512 2105 1725 2146 obedien-

94 2178 185 2218 tiae
207 2179 254 2218 in
274 2179 437 2230 primis
458 2190 636 2219 morem
657 2189 892 2229 geramus.
918 2178 988 2219 Ac
1009 2178 1238 2230 principio
1261 2178 1422 2229 accipe
1450 2177 1506 2217 de
1532 2176 1724 2217 Patrum

93 2261 148 2288 ac
174 2249 373 2289 fratrum
406 2249 594 2290 uiuendi
620 2250 816 2301 ratione,
854 2250 1019 2290 deinde
1053 2249 1109 2290 de
1135 2249 1388 2289 iuuentutis
1416 2248 1720 2298 institutione,

92 2326 191 2360 tum
212 2332 323 2360 uero
346 2320 401 2360 de
419 2320 595 2368 officiis.
617 2333 736 2373 quae
752 2321 986 2372 pertinent
1003 2321 1062 2361 ad
1077 2320 1442 2361 christianorum
1457 2320 1719 2369 Vtilitatem,

81 2402 184 2442 ⁴qua
206 2391 321 2431 nihil
343 2391 478 2432 debet
500 2403 602 2431 esse
624 2391 759 2431 nobis
781 2392 1032 2443 antiquius.

172 2460 346 2502 Omnes
364 2473 511 2514 aeque
532 2462 801 2503 sacerdotes
823 2475 878 2503 ac
898 2463 1067 2503 fratres
1089 2462 1278 2503 Rectori
1298 2461 1312 2480 ²
1334 2461 1569 2511 obediunt,
1593 2461 1721 2502 illum

90 2533 254 2573 timent
280 2533 347 2573 uti
375 2533 627 2585 dominum,
663 2533 861 2584 diligunt
892 2540 942 2574 ut
969 2539 1226 2585 parentem,
1249 2545 1343 2573 non
1364 2533 1592 2584 corporis,
1623 2533 1718 2581 sed,

90 2603 215 2655 quod
241 2604 558 2655 praestantius
587 2609 672 2652 est,
705 2605 904 2645 animae.
941 2604 1148 2645 Credunt
1169 2604 1256 2644 sibi
1277 2603 1569 2644 salutiferum
1598 2604 1721 2656 quic-

79 2674 199 2725 -quid
232 2674 307 2715 ille
342 2675 633 2726 praescribit.
673 2675 905 2716 Praebent
935 2687 1134 2727 corpora
1165 2687 1250 2716 sua
1286 2675 1490 2727 quotidie
1519 2675 1721 2715 hostiam

141 2858 151 2878 ¹
192 2859 442 2894 Autographae
458 2860 672 2894 quadruplici
686 2860 777 2894 folio,
795 2867 848 2888 nn.
863 2860 990 2893 140-1112,
1005 2864 1127 2895 quarto
1143 2868 1206 2887 non
1222 2864 1412 2888 numerato.

139 2905 153 2925 2
191 2906 226 2935 P.
242 2906 428 2935 Francisco
445 2907 588 2935 Palmio.
