2028 3328
792 92 875 129 AN.
906 90 996 128 1555
1648 91 1719 128 333

82 194 193 229 cata
217 189 318 229 ausi
345 194 453 229 sunt
483 189 708 229 reuelare.
732 187 876 228 Nobis
908 190 1062 227 autem
1091 199 1184 227 non
1215 188 1366 227 solum
1387 187 1530 227 libere
1559 187 1716 228 omnia

90 259 387 309 confitentur,
420 259 501 300 sed
528 259 774 311 generales
802 257 1125 298 confessiones
1154 257 1311 297 facere
1335 258 1512 308 uolunt,
1544 263 1592 297 ut
1620 264 1718 298 tan-

83 330 195 370 ·dem
216 331 467 382 aliquando
488 331 689 382 puritate
711 328 1026 370 conscientiae
1048 328 1364 379 perfruantur.
1382 328 1622 368 Iniunctas
1651 340 1717 369 sa-

93 401 384 442 tisfactiones
406 400 606 450 (etiamsi
627 401 720 441 sint
740 400 968 452 publicae,
1002 411 1109 439 cum
1138 410 1214 439 res
1242 399 1404 450 exigit,
1428 399 1719 451 disciplinae)

94 473 402 513 libentissimo
424 473 579 513 animo
602 471 877 523 suscipiunt.
901 470 1080 511 Tantus
1108 471 1156 510 in
1183 470 1273 510 illis
1301 470 1430 521 uiget
1459 469 1722 510 deuotionis

93 542 267 583 feruor!

175 613 292 654 Sunt
313 615 456 654 etiam
476 615 623 665 multi,
655 614 734 667 qui
764 614 866 654 aliis
892 614 1056 653 nolunt
1080 613 1306 664 confiteri,
1338 613 1554 665 quamuis
1575 612 1623 653 in
1653 623 1724 652 eo-

90 684 202 725 dem
222 686 324 725 loco
347 685 590 726 nobiscum
611 685 803 726 audiant
824 683 1160 734 confessiones,
1183 685 1454 736 maluntque
1485 683 1563 724 diu
1590 694 1724 735 expe-

96 761 246 806 ctare,
277 757 369 796 imo
399 757 540 797 etiam
574 756 826 808 aliquando
857 755 956 796 sine
988 755 1283 796 confessione
1311 755 1501 795 domum
1536 755 1724 805 reuerti,

99 838 241 878 quam
261 834 529 868 nostrorum
551 839 712 868 carere
730 827 1049 868 consolatione
1067 833 1112 867 et
1127 826 1299 878 gratia,
1319 838 1461 879 quam
1476 826 1524 866 in
1541 826 1727 867 audien-

100 897 171 938 dis
191 897 561 939 confessionibus
581 898 710 939 Deus
731 898 954 939 Societati
975 904 1044 938 est
1066 898 1308 949 elargitus.
1333 898 1435 938 Hoc
1452 897 1730 949 praesertim

106 969 226 1008 solet
248 970 522 1020 contingere
553 970 623 1021 iis,
654 970 733 1022 qui
754 982 812 1010 ex
845 969 1013 1010 uicinis
1041 969 1310 1010 ciuitatibus
1336 975 1381 1009 et
1409 968 1593 1021 oppidis
1620 967 1730 1008 data

101 1051 244 1091 opera
267 1039 325 1079 ad
346 1053 431 1081 nos
452 1042 604 1081 solent
625 1041 800 1091 uenire,
820 1046 978 1093 utpote
998 1052 1057 1081 ex
1073 1039 1288 1091 Ancona,
1311 1040 1568 1091 Macerata,
1586 1039 1733 1080 Reca-

100 1117 229 1161 nato,
251 1111 584 1163 Montephano,
610 1111 972 1160 Castroficardo,
997 1117 1041 1152 et
1063 1112 1168 1152 aliis
1188 1111 1356 1152 uicinis
1379 1111 1579 1163 oppidis,
1603 1111 1727 1163 quip-

105 1194 162 1233 pe
184 1182 261 1234 qui
282 1183 356 1222 uel
377 1195 436 1223 ex
468 1184 602 1223 suaui
623 1183 927 1235 experientia,
951 1184 1025 1223 uel
1053 1195 1111 1223 ex
1138 1182 1338 1223 aliorum
1358 1184 1508 1224 relatu
1533 1183 1625 1223 mel
1646 1183 1735 1235 spi—

105 1252 288 1304 rituale,
319 1253 443 1305 quod
471 1254 599 1295 Deus
626 1255 723 1295 suis
752 1254 962 1295 fidelibus
992 1266 1076 1306 per
1102 1260 1291 1295 nostros
1321 1255 1563 1306 elargitur,
1597 1260 1736 1294 antea

105 1331 214 1365 sunt
235 1325 430 1376 experti.

186 1396 336 1437 Huius
357 1397 498 1437 etiam
514 1397 671 1449 oppidi
692 1397 915 1449 hospites,
938 1397 977 1437 si
999 1409 1116 1449 quos
1144 1397 1376 1450 recipiunt
1406 1397 1636 1449 dignitate
1666 1398 1740 1438 uel

108 1468 323 1508 doctrina
351 1470 507 1509 claros
534 1469 678 1519 uirOS,
711 1470 861 1509 solent
888 1469 992 1510 illos
1028 1469 1087 1509 ad
1117 1481 1203 1509 nos
1238 1469 1438 1509 mittere.
1475 1469 1568 1521 Ipsi
1601 1469 1741 1509 etiam

108 1551 215 1580 cum
237 1540 514 1591 coniugibus
535 1546 580 1580 et
599 1540 758 1580 liberis
778 1540 1081 1581 libentissime
1101 1541 1237 1581 nobis
1258 1540 1554 1592 confitentur,
1578 1546 1742 1592 estque

110 1611 358 1652 Societatis
379 1623 549 1652 nomen
572 1623 780 1652 summae
800 1612 1096 1652 auctoritatis
1118 1612 1242 1664 apud
1258 1612 1401 1664 ipsos.
1425 1611 1585 1652 Animi
1601 1612 1744 1653 etiam

111 1684 364 1724 multorum
386 1683 736 1733 canonicorum,
760 1688 805 1723 et
826 1683 1023 1723 aliorum
1045 1683 1182 1723 huius
1199 1683 1374 1735 templi,
1393 1684 1487 1735 qui,
1509 1684 1566 1723 ob
1584 1683 1743 1724 nescio

114 1766 232 1806 quas
267 1755 574 1806 suspiciones,
607 1754 652 1794 in
674 1754 805 1794 initio
834 1755 969 1795 nobis
997 1766 1091 1795 non
1123 1754 1404 1795 uidebantur
1424 1755 1542 1795 bene
1570 1754 1743 1805 affecti,

115 1831 449 1866 mansuescunt
472 1825 519 1865 in
541 1825 654 1877 dies,
679 1832 723 1866 et
744 1825 966 1877 dignatur
986 1831 1179 1866 aeterna
1208 1826 1394 1866 bonitas
1424 1826 1652 1878 paulatim
1673 1837 1746 1866 eo-

111 1909 220 1938 rum
242 1897 386 1938 corda
409 1908 493 1937 suo
507 1896 682 1937 lumine
703 1897 953 1937 illustrare.

198 1968 470 2009 Brutiorum
490 1967 684 2019 Prorex,
709 1979 881 2020 magno
904 1969 1112 2021 equitum
1139 1975 1183 2009 et
1215 1969 1537 2009 ministrorum
1559 1968 1748 2009 comita-

117 2048 180 2092 tu,
204 2041 327 2081 hanc
348 2039 698 2080 sanctissimam
719 2039 906 2080 domum
927 2040 1102 2091 inuisit,
1127 2046 1289 2092 estque
1312 2040 1554 2080 confessus
1585 2046 1748 2080 nostro

118 2112 167 2153 P.
191 2111 379 2152 Rectori
404 2117 536 2152 tanta
564 2110 708 2151 animi
737 2111 1072 2161 consolatione,
1103 2117 1152 2151 ut
1183 2111 1371 2152 iusserit
1402 2111 1500 2152 suis
1535 2111 1750 2151 omnibus

118 2185 208 2224 hac
230 2183 394 2224 eadem
414 2181 506 2222 frui
526 2181 865 2222 benedictione.
891 2182 1105 2223 Confessi
1132 2182 1288 2234 itaque
1316 2189 1425 2222 sunt
1451 2182 1585 2222 nobis
1612 2182 1753 2223 aulici

123 2266 286 2295 omnes
320 2265 467 2305 usque
503 2251 562 2293 ad
599 2252 808 2293 infimum
841 2265 1069 2305 equorum
1104 2253 1369 2294 ministrum
1403 2265 1510 2293 cum
1544 2253 1753 2294 maxima

124 2325 447 2366 consolatione
469 2330 513 2364 et
533 2323 703 2374 fructu,
728 2323 792 2363 ita
813 2330 863 2364 ut
883 2335 1056 2364 nouam
1077 2324 1266 2364 uiuendi
1282 2335 1500 2364 normam
1520 2324 1663 2376 aliqui
1679 2336 1754 2376 pe-

126 2403 278 2438 terent
311 2401 355 2436 et
384 2395 706 2447 impetrarent.
738 2394 842 2447 Ipse
870 2407 983 2436 uero
1013 2395 1239 2446 Princeps
1260 2407 1309 2435 se
1346 2401 1494 2435 totum
1528 2407 1755 2447 suamque

128 2468 459 2509 auctoritatem
489 2465 760 2518 plenissime
795 2466 959 2507 obtulit
994 2465 1233 2508 Societati.
1272 2466 1401 2507 Patri
1428 2478 1542 2507 uero
1568 2466 1758 2507 Rectori

128 2545 310 2581 tantum
339 2537 517 2589 detulit,
549 2542 775 2588 quantum
801 2549 888 2578 nec
916 2538 1016 2590 ipse
1044 2538 1334 2588 admittebat,
1363 2550 1450 2578 nec
1478 2538 1659 2579 aulicae
1686 2549 1757 2578 ur-

127 2610 352 2652 banitatis
374 2609 495 2649 ratio
517 2608 758 2660 edocebat,
779 2608 843 2649 ita
866 2615 915 2650 ut
946 2621 1093 2662 usque
1116 2610 1162 2650 in
1183 2608 1374 2650 domum
1394 2615 1602 2650 nostram
1641 2609 1758 2650 reni·

128 2688 307 2723 tentem
326 2680 515 2721 Patrem
535 2679 738 2720 uoluerit
758 2680 990 2723 comitari.

212 2753 345 2794 R.m11⁵
366 2751 508 2792 etiam
529 2749 795 2796 Cardinalis
821 2749 1023 2792 Sanctae
1042 2750 1096 2803 ᾖ
1117 2751 1174 2792 ab
1196 2751 1412 2793 omnibus
1431 2752 1566 2793 nobis
1585 2752 1671 2793 fuit
1691 2763 1760 2792 sa-

119 2827 323 2874 lutatus,
348 2822 585 2873 uoluitque
605 2827 767 2862 nostro
789 2821 919 2863 Patri
935 2821 1162 2874 confiteri,
1186 2828 1230 2863 et
1246 2823 1420 2864 nostris
1435 2824 1660 2864 fratribus
1676 2834 1764 2864 sua

131 2907 276 2939 manu
300 2896 353 2937 »in
381 2892 644 2937 dominicae
673 2892 1018 2935 Incarnationis
1054 2893 1587 2944 sacelloEucharistiae
1608 2905 1764 2936 sacra·
