2028 3328
889 62 971 99 ΑΝ.
990 63 1092 118 rm
1742 63 1807 98 1723

162 167 297 201 extat
319 162 452 201 nobis
474 162 700 212 scriptum
725 160 782 199 ab
805 159 1084 207 oratoribus;
1111 158 1192 198 scd
1211 159 1268 197 ob
1290 158 1514 208 temporis
1537 159 1805 207 angustiam

168 234 252 272 hos
274 233 531 284 scriptores
553 232 746 272 alternis
767 230 1116 270 enucleabimus
1133 229 1310 269 diebus.
1335 228 1487 268 Feriis
1507 228 1804 268 decreuimus

168 304 410 343 declarare
446 303 649 355 aliquam
692 301 932 342 Ciceronis
970 300 1255 349 orationem,
1293 306 1342 339 ut
1386 300 1598 350 exemplo
1642 305 1685 338 et
1721 311 1806 339 usu

169 376 341 415 rectius
363 381 615 426 praecepta
637 373 911 424 percipiant.
935 372 1037 411 Hoc
1067 383 1236 411 munus
1263 371 1483 410 libentius
1515 371 1737 421 suscipio,
1769 371 1807 409 si

168 446 306 485 mo'do
328 446 503 497 possim
524 445 748 485 fratribus
771 444 885 484 meis
908 443 954 482 in
985 443 1073 482 hac
1103 454 1151 482 re
1184 442 1423 493 prodesse,
1448 442 1525 492 qui
1548 449 1591 481 et
1620 441 1808 492 pietatis

168 524 212 556 et
249 517 509 567 sapientiae
545 515 701 567 cupidi
735 522 855 563 sunt,
895 526 1035 566 quam
1079 515 1278 553 alterum
1321 513 1576 553 iuuentutis
1622 512 1808 552 italicae

160 588 465 635 erudiendae,
492 588 535 627 in
554 599 643 638 qua
667 587 855 626 omnino
878 597 1027 637 neque
1050 584 1292 632 modestia,
1317 595 1466 635 neque
1487 584 1634 633 labor,
1659 594 1808 634 neque

165 659 303 698 timor
325 660 420 698 vim
451 659 623 698 habent
659 659 814 708 ullam,
844 669 930 697 nec
965 656 1203 696 humilitas
1235 657 1327 695 ulla
1350 662 1434 705 est,
1460 667 1608 706 neque
1640 655 1806 706 pietas,

165 741 252 770 nec
274 730 462 770 omnino
487 730 788 770 simulacrum
817 728 1005 780 aliquod
1041 734 1121 768 aut
1156 728 1408 778 vestigium
1436 726 1747 767 uerecundiae
1781 726 1805 765 ¹.

245 801 295 841 In
331 802 538 841 omnium
574 800 855 842 Sanctorum
890 800 1020 840 feriis
1054 798 1243 839 interfui
1283 798 1504 839 concioni
1535 798 1688 838 Patris
1723 797 1807 837 Re-

159 873 309 912 -ctoris
326 872 353 922 ²,
379 884 438 912 ex
454 884 545 923 qua
567 872 620 922 (si
643 872 752 924 quid
772 872 818 912 in
839 871 928 911 hac
950 882 1000 911 re
1029 882 1221 922 possum
1249 870 1473 919 iudicare)
1502 870 1708 920 cognoui
1730 881 1806 908 ex-

160 944 337 983 cellens
358 943 513 983 Patris
540 951 639 984 tum
669 944 924 994 ingenium,
955 948 1053 982 tum
1085 942 1319 982 actionem
1352 947 1396 981 et
1418 953 1585 981 vocem
1614 941 1809 980 multam

164 1020 210 1055 et
234 1015 422 1063 bonam,
447 1021 558 1064 tum,
584 1015 707 1066 quod
728 1020 797 1054 est
817 1014 1149 1066 praestantius,
1175 1013 1503 1053 auctoritatem
1525 1017 1570 1052 et
1592 1012 1807 1064 spiritum

163 1086 352 1126 bonum.
377 1086 511 1127 Unde
533 1098 716 1126 mecum
743 1086 925 1137 agitare
955 1085 1087 1136 coepi
1116 1084 1193 1135 qui
1229 1084 1360 1124 fieret
1389 1089 1439 1123 ut
1471 1090 1569 1123 tam
1599 1084 1806 1134 praecla-

160 1169 266 1198 rum
288 1158 528 1209 ingenium
550 1159 716 1198 lateret
736 1164 780 1198 et
803 1158 936 1209 quasi
957 1157 1041 1197 sub
1071 1156 1242 1206 modio,
1269 1162 1435 1196 contra
1463 1155 1655 1195 Domini
1675 1167 1807 1206 prae-

163 1230 409 1281 scriptum,
444 1230 769 1278 collocaretur,
793 1240 942 1280 neque
964 1240 1049 1268 sua
1081 1234 1124 1267 et
1147 1228 1361 1267 doctrina
1386 1233 1430 1267 et
1455 1227 1645 1277 ingenio
1667 1227 1807 1266 latius

162 1301 377 1351 pluribus
398 1302 707 1352 praeluceret.
732 1300 846 1340 Rem
869 1310 981 1350 ergo
1005 1299 1063 1339 ad
1092 1298 1282 1339 Patrem
1304 1298 1471 1349 refero,
1497 1304 1541 1338 et
1562 1298 1720 1338 animo
1743 1298 1807 1337 in—

164 1382 319 1422 genuo
347 1372 411 1411 illi
440 1371 680 1412 declaraui
711 1383 864 1411 meam
891 1370 1172 1411 sententiam
1200 1369 1257 1410 de
1284 1370 1513 1410 concione
1548 1369 1724 1419 habita,
1763 1375 1808 1409 et

159 1443 297 1493 coepi
334 1443 577 1483 cohortari
611 1449 659 1482 ut
694 1442 817 1482 idem
844 1442 1111 1493 frequenter
1142 1441 1335 1492 faceret;
1367 1452 1480 1480 nam
1506 1440 1597 1480 hac
1626 1440 1808 1480 ratione

163 1515 368 1554 maxime
403 1526 502 1554 rem
538 1514 843 1554 christianam
872 1518 1186 1565 promoueret.
1228 1512 1355 1553 “Non
1392 1512 1540 1564 inquit
1577 1512 1666 1552 hoc
1703 1523 1808 1552 mea

159 1585 354 1636 negotia
376 1586 631 1636 patiuntur,
647 1584 813 1636 quibus
830 1584 889 1625 ad
910 1596 1142 1624 summum
1161 1584 1612 1635 caputimme1·gor.„
1634 1583 1805 1634 “Quae,

157 1658 367 1709 inquam,
392 1663 499 1697 sunt
521 1657 668 1696 istaec
694 1656 925 1707 negotia?‚‚
953 1655 1124 1696 “Multa
1155 1655 1357 1708 quidem,
1390 1655 1472 1695 sed
1499 1655 1728 1706 grauiora
1764 1661 1809 1695 et

163 1728 497 1779 principaliora
519 1726 866 1767 confessionum
887 1727 1063 1777 turba„
1091 1726 1237 1778 “Quid
1257 1738 1440 1777 narras,
1464 1726 1670 1778 inquam,
1695 1738 1807 1766 non-

160 1812 220 1840 ne
243 1800 367 1840 domi
390 1799 588 1839 manetis
610 1805 809 1849 quatuor
831 1798 1145 1847 sacerdotes?„
1173 1797 1335 1849 “Sane,
1366 1797 1531 1850 inquit,
1562 1797 1644 1838 sed
1666 1797 1713 1837 in
1734 1809 1807 1837 me

159 1883 325 1911 omnes
346 1870 693 1911 confessionum
714 1869 882 1909 fluctus
913 1868 1193 1909 redundant.
1228 1868 1467 1920 Siquidem
1488 1868 1627 1909 Pater
1647 1869 1808 1919 Augu-

162 1943 313 1982 stinus
341 1941 369 1993 ⁵,
405 1953 512 1982 cum
541 1940 738 1981 scientia
765 1946 809 1980 et
838 1941 1107 1991 cognitione
1129 1951 1287 1980 rerum
1310 1940 1629 1980 conscientiae
1651 1946 1696 1980 et
1717 1941 1807 1990 spi-

159 2015 281 2054 ritus
311 2020 381 2053 est
409 2020 514 2065 tyro
538 2010 572 2063 ⁴,
602 2020 699 2052 tum
732 2012 884 2062 magis
914 2011 1115 2052 cubiculi
1138 2018 1181 2051 et
1203 2011 1470 2051 solitudinis
1492 2022 1632 2062 quam
1662 2013 1808 2051 ecclc-

159 2085 261 2125 siae
289 2090 488 2133 amator,
520 2089 618 2124 tum
648 2083 772 2122 nulla
801 2082 1055 2123 foelicitate
1084 2083 1131 2122 in
1160 2082 1248 2122 hoc
1278 2094 1471 2122 munere
1498 2088 1732 2132 uersatur,
1757 2090 1808 2123 ut

160 2162 382 2207 stupeant
404 2154 559 2195 cuncti
580 2154 658 2205 qui
682 2153 779 2193 fieri
800 2154 946 2205 possit
966 2160 1016 2194 ut
1039 2154 1284 2205 presbyter
1301 2152 1552 2194 Societatis
1570 2154 1696 2193 nullo
1720 2165 1807 2194 usu

158 2235 207 2268 et
227 2226 475 2279 prudentia
500 2237 656 2266 rerum
679 2225 821 2265 animi
842 2231 886 2265 et
908 2225 1226 2265 conscientiae
1248 2225 1307 2265 sit
1329 2226 1559 2265 excultus.
1585 2224 1632 2264 P.
1659 2224 1814 2264 Fran-⁴

159 2299 319 2340 ciscus
341 2297 611 2338 Parmensis
633 2303 732 2337 tum
753 2308 918 2347 nouus,
948 2302 1046 2337 tum
1074 2297 1212 2336 huius
1246 2297 1315 2336 rei
1336 2296 1546 2347 ignarus,
1583 2302 1627 2336 et
1658 2296 1801 2346 rudis,

160 2370 404 2420 confusus,
429 2374 473 2409 et
494 2380 589 2408 non
610 2368 767 2407 clarus
789 2367 835 2407 in
862 2367 934 2408 his
961 2367 1124 2407 officiis
1152 2366 1465 2419 praestandis.
1498 2366 1569 2407 De
1592 2366 1640 2407 P.
1666 2366 1805 2408 Seba-

216 2506 226 2526 ί
265 2506 358 2534 Dure
374 2505 472 2533 nimis
488 2505 573 2532 haec
588 2504 681 2531 dicta
694 2503 854 2531 videntur
868 2504 908 2531 de
925 2504 1044 2532 italica
1059 2505 1197 2532 saeculo
1214 2504 1478 2539 xv1juventute;
1496 2512 1617 2532 verum
1635 2505 1807 2532 meminis-

157 2562 197 2581 se
212 2557 348 2589 oportet
363 2561 449 2588 quae
464 2552 592 2587 passim
607 2552 640 2579 in
657 2550 821 2579 Chronico
836 2555 977 2579 enarrat
990 2551 1174 2583 Pormcus.
1189 2553 1395 2586 praesentim
1411 2553 1465 2580 ubi
1482 2552 1520 2579 de
1543 2552 1708 2587 Collegiis
1722 2552 1803 2579 Fer·

160 2602 318 2636 ramensi,
334 2600 527 2634 Mutinensi,
545 2599 718 2631 Perusino,
735 2598 992 2633 Argentinensi,
1008 2603 1062 2627 etc
1082 2620 1087 2632 .
1103 2600 1188 2634 agit.

212 2649 226 2668 ’ὲ
262 2649 380 2676 Patris
396 2647 573 2675 Francisei
589 2647 719 2674 Palmii.

215 2696 230 2715 5
267 2696 304 2723 P.
321 2695 535 2730 Augustinus
551 2693 652 2720 Riva.

212 2744 228 2764 4
265 2743 357 2779 Tyro
371 2742 506 2777 quidem
521 2746 597 2769 erat
611 2742 648 2769 Ρ,
667 2742 878 2776 Augustinus·
898 2744 986 2771 dela
1002 2743 1102 2777 Riva,
1117 2745 1145 2771 si
1162 2748 1305 2779 tempus,
1322 2745 1410 2780 quod
1425 2746 1458 2772 in
1481 2745 1656 2772 Societate
1682 2753 1806 2779 exege-

157 2795 228 2825 rat,
243 2791 456 2825 inspiciatur;
471 2790 529 2817 sed
545 2790 633 2824 quod
648 2789 688 2816 ad
706 2793 858 2817 aetatem
872 2792 998 2818 attinet
1012 2794 1045 2818 et
1062 2798 1175 2819 rerum
1190 2792 1452 2827 experientiam,
1465 2793 1552 2820 haec
1567 2793 1608 2820 de
1620 2800 1659 2820 eo
1676 2793 1725 2821 ait
1738 2792 1804 2820 Po-

156 2845 294 2866 sancus:
308 2839 403 2865 “cum
417 2845 522 2872 senex
537 2841 639 2868 esset.
655 2841 689 2864 et
703 2836 792 2864 domi
807 2837 957 2872 aliquam
981 2843 1176 2866 nostrorum
1191 2846 1309 2867 curam
1330 2840 1493 2874 habebat,
1516 2845 1550 2868 et
1574 2840 1656 2869 foris
1675 2840 1805 2868 confes-

159 2886 307 2913 lionibus
322 2885 501 2913 audiendis
517 2889 550 2912 et
565 2884 728 2919 operibus
742 2884 885 2918 pietatis
899 2893 1040 2920 operam
1054 2886 1196 2921 dabat.„
1211 2874 1253 2914 T.
1271 2895 1318 2922 ιν,
1333 2895 1411 2922 pag.
1426 2887 1489 2924 109,
1504 2895 1537 2915 n.
1552 2887 1616 2915 209.
