2028 3328
219 102 291 138 ‘274
719 101 945 139 LITTERAE
970 114 1328 146 QUADRIMESTRES

219 204 368 247 gerat.
408 197 529 247 Quid
551 208 663 248 ergo
683 197 858 237 factum
881 199 973 238 est?
997 198 1221 239 Confessa
1251 199 1440 239 tandem
1462 199 1540 238 uni
1568 211 1591 239 e
1619 200 1847 251 patribus,

220 269 338 308 adeo
355 274 558 308 mentem
580 269 627 308 in
649 269 813 308 melius
834 270 1154 319 commutauit,
1179 276 1227 309 ut
1249 281 1339 320 quo
1364 276 1501 309 antea
1526 281 1607 321 spe
1630 276 1752 310 esset
1775 271 1850 311 de-

218 339 397 390 iectior‚
427 351 480 379 eo
508 351 630 379 nunc
658 340 704 379 in
732 339 934 380 Domino
966 340 1190 389 stabilior,
1221 346 1264 379 et
1294 340 1339 379 in
1374 351 1505 391 spem
1536 340 1723 381 diuinae
1758 342 1850 382 cle-

219 411 422 450 mentiae
445 411 596 462 magis
623 411 681 451 sit
711 418 883 461 erecta,
914 417 1074 462 estque
1097 411 1187 450 iam
1221 410 1267 450 in
1299 422 1459 450 earum
1491 422 1701 462 numero,
1731 423 1851 463 quae

220 482 471 533 praecipue
493 481 798 522 consessionis
827 488 870 521 et
900 493 1065 521 sacrae
1090 481 1417 521 Eucharistiae
1439 489 1737 522 sacramenta
1764 483 1851 523 fre-

217 559 459 604 quentant.
484 552 634 603 Quam
656 564 768 592 uero
787 552 917 592 multi
938 552 1125 601 fuerint,
1143 551 1221 603 qui
1239 552 1417 592 alienas
1437 564 1609 592 uxores
1632 553 1709 593 diu
1726 553 1853 594 domi

219 630 426 664 retentas
447 623 735 673 dimiserunt,
759 623 942 663 silentio
965 629 1225 673 praetereo;
1249 634 1343 662 non
1366 623 1487 663 enim
1514 623 1589 663 hic
1612 636 1666 664 ea
1697 624 1850 664 dicen—

218 695 293 745 da,
318 695 485 746 quibus
506 695 674 734 similia
697 694 813 733 alias
835 694 928 733 iam
951 693 1125 744 scripta
1155 700 1276 733 sunt.
1308 693 1639 734 Confessiones
1668 706 1851 746 quoque

213 768 463 817 generales
485 767 737 805 multorum
759 772 863 804 sunt
887 764 1088 804 auditae:
1114 776 1171 804 ex
1193 776 1283 816 quo
1301 764 1349 804 fit
1365 771 1414 804 ut
1432 777 1490 805 ex
1509 765 1741 816 religiosis
1757 777 1850 806 non

217 849 410 889 paucos,
434 844 479 876 et
501 836 702 886 feruore,
728 842 771 876 et
793 836 978 887 pietatis
1001 835 1168 884 studio,
1195 837 1333 886 longe
1355 842 1460 887 post
1487 847 1536 876 se
1565 837 1848 888 relinquant.

217 908 492 948 Praeteritis
514 907 642 947 hisce
664 907 915 958 mensibus,
941 907 1256 958 quadraginta
1278 907 1500 947 horarum
1522 914 1630 948 acta
1657 914 1727 948 est
1749 919 1852 948 ora-

216 979 297 1030 tio,
323 979 379 1019 ad
406 990 542 1031 quam
560 984 689 1018 tanta
713 978 936 1018 confluxit
959 979 1107 1028 turba,
1133 985 1196 1029 ut,
1223 978 1436 1030 quamuis
1457 978 1504 1018 in
1526 979 1736 1030 singulas
1758 980 1854 1031 qui-

215 1062 307 1102 que
331 1050 566 1090 distributi
593 1055 749 1089 essent
780 1049 939 1099 horaS,
968 1050 1204 1089 nonnullis
1235 1056 1391 1089 tamen
1423 1049 1513 1089 diei
1542 1050 1754 1101 partibus
1783 1050 1854 1101 (ut

214 1121 344 1161 hisce
366 1132 453 1172 ego
476 1121 574 1172 ipse
596 1120 741 1160 oculis
759 1120 868 1170 uidi)
892 1120 1037 1170 multi,
1062 1120 1234 1160 referto
1257 1120 1351 1160 iam
1368 1121 1554 1172 templo,
1577 1127 1710 1161 extra
1727 1120 1853 1161 fores

214 1200 497 1243 cogerentur
520 1191 697 1231 tamdiu
720 1203 924 1242 manere,
950 1191 1098 1231 donec
1120 1192 1199 1243 qui
1220 1191 1423 1242 ingressi
1443 1192 1572 1243 prius
1593 1199 1727 1232 erant
1749 1204 1850 1233 ora-

214 1264 322 1314 turi,
344 1264 556 1303 absoluta
578 1263 711 1313 hora,
735 1263 1086 1313 egrederentur.
1113 1262 1248 1303 Vnde
1277 1262 1402 1303 fama
1424 1269 1508 1313 est,
1533 1274 1591 1302 ex
1612 1256 1702 1314 quo
1736 1263 1853 1303 haec

212 1341 283 1374 est
306 1341 411 1374 acta
434 1335 599 1384 oratio,
636 1334 909 1374 notissimae
939 1334 1193 1385 impietatis
1222 1334 1450 1386 quosdam
1478 1334 1604 1374 uiros
1633 1333 1734 1374 Deo
1761 1334 1850 1374 fer-

212 1413 377 1446 uentes
400 1406 685 1446 adhaesisse.
709 1405 830 1446 Hinc
851 1406 992 1446 etiam
1016 1406 1218 1446 arbitror
1239 1406 1339 1446 fieri
1357 1412 1404 1446 ut
1422 1412 1518 1446 tam
1535 1406 1670 1446 multi
1692 1406 1751 1446 ad
1768 1418 1846 1446 no-

212 1486 361 1517 stram
382 1477 589 1528 aspirent
611 1476 908 1527 Societatem,
931 1477 1142 1528 virgines
1164 1489 1347 1529 quoque
1364 1478 1614 1517 nonnullae
1631 1477 1851 1529 religioni

213 1561 263 1588 se
285 1548 574 1599 deuouerint‚
599 1555 643 1588 et
667 1548 856 1600 quidam
877 1548 954 1588 alii
976 1549 1240 1600 spiritualia
1268 1548 1491 1588 exercitia
1521 1548 1687 1588 deuote
1718 1560 1847 1589 acce-

214 1620 380 1671 perint.
406 1619 559 1670 Atque
582 1619 699 1659 haec
722 1620 778 1659 de
799 1620 958 1671 templi
980 1620 1213 1671 spirituali
1234 1619 1461 1671 profectu.

294 1690 441 1731 Porro
469 1691 516 1730 in
544 1690 751 1741 Collegio
781 1697 942 1730 nostro
977 1697 1021 1730 et
1042 1691 1202 1730 schola
1237 1690 1350 1730 nihil
1387 1696 1456 1730 est
1491 1690 1600 1730 noui
1640 1691 1848 1731 omnino.

215 1762 373 1802 Vnum
401 1768 557 1802 tamen
580 1762 691 1802 illud
713 1768 797 1812 est,
828 1761 952 1813 quod
980 1761 1330 1812 admoneamus,
1361 1762 1408 1801 in
1429 1762 1689 1801 studiorum
1717 1762 1850 1802 initio

211 1834 399 1873 habitas
421 1845 522 1873 esse
545 1834 661 1873 duas
691 1833 929 1873 orationes
957 1833 1149 1883 latinas;
1183 1844 1349 1873 uersus
1379 1844 1562 1884 quoque
1590 1839 1688 1872 tum
1716 1844 1848 1884 grae-

212 1916 309 1955 cos,
333 1911 431 1944 tum
451 1904 622 1944 latinos
643 1904 887 1955 recitatos,
917 1916 1009 1944 non
1040 1910 1196 1943 tamen
1226 1916 1251 1943 a
1274 1903 1542 1943 domesticis
1571 1903 1634 1954 (ut
1661 1904 1851 1944 solitum

210 1983 313 2016 erat
338 1975 451 2023 fieri>
475 1975 556 2015 sed
579 1975 635 2015 ab
659 1975 865 2015 externis
885 1975 1192 2025 studentibus,
1219 1974 1344 2026 quod
1365 1974 1582 2025 Proregi,
1614 1974 1691 2026 qui
1719 1986 1849 2026 prae-

211 2059 320 2087 sens
347 2046 525 2096 aderat,
550 2054 593 2085 et
616 2046 902 2097 parentibus,
927 2046 1004 2097 qui
1027 2045 1144 2086 filios
1170 2046 1381 2097 audituri„
1399 2051 1714 2097 accesserant,
1744 2057 1849 2096 gra—

211 2125 311 2158 tum
332 2118 584 2157 admodum
604 2116 748 2157 fuisse
770 2117 1098 2166 intelleximus,
1120 2117 1243 2168 quod
1260 2116 1462 2156 uiderint
1480 2117 1543 2156 illi
1561 2122 1784 2167 quantum
1804 2117 1850 2157 in

212 2183 379 2229 studiis
399 2189 532 2228 liberi
553 2188 914 2240 promouissent.

292 2259 382 2300 Sed
404 2259 625 2311 quoniam
647 2260 842 2299 uerbum
865 2259 953 2299 Dei
975 2259 1022 2298 in
1052 2259 1340 2298 monasteria
1368 2269 1552 2310 quoque
1574 2259 1713 2309 longe
1735 2260 1843 2299 late-

210 2343 299 2382 que
321 2330 587 2370 extenditur
609 2330 674 2381 (ut
702 2337 746 2370 et
768 2337 906 2370 antea
928 2329 1027 2370 fieri
1047 2330 1234 2370 solitum
1257 2329 1388 2380 erat),
1413 2329 1452 2369 si
1474 2329 1585 2381 quid
1607 2330 1654 2370 in
1675 2330 1748 2370 his
1772 2342 1849 2370 no-

212 2402 400 2441 uissime
431 2401 669 2451 acciderit,
704 2394 889 2441 omissis
916 2401 1007 2452 his,
1048 2412 1166 2452 quae
1203 2400 1319 2440 alias
1355 2393 1498 2441 Rev.a
1530 2407 1611 2441 tua
1648 2401 1840 2452 audiuit,

210 2472 344 2529 breui
364 2472 590 2512 relatione
612 2473 891 2524 aperiemus.
918 2471 1134 2523 Quodam
1163 2471 1430 2522 nuperrime
1454 2484 1510 2511 ex
1540 2472 1714 2511 nostris
1741 2483 1846 2511 con-

210 2544 447 2594 cionante,
472 2543 518 2582 in
539 2555 631 2583 uno
654 2554 678 2582 e
701 2543 1019 2593 monasteriis,
1046 2554 1151 2583 cum
1179 2543 1451 2582 monialium
1482 2542 1733 2593 virginum,
1758 2554 1846 2583 nec

212 2609 468 2665 paucarum
491 2608 689 2665 quidem,
722 2614 797 2654 hic
828 2621 951 2654 esset
980 2611 1240 2654 communis
1270 2620 1315 2653 et
1343 2613 1628 2665 deprauatus
1657 2624 1774 2664 mos,
1799 2620 1848 2655 ut

210 2684 334 2723 bona
365 2684 582 2734 singulae
618 2685 803 2735 priuata
839 2684 1148 2736 possiderent,
1186 2684 1258 2724 sui
1294 2679 1592 2733 immemores
1627 2683 1845 2736 instituti,

212 2767 357 2805 nunc,
382 2755 540 2794 diuina
561 2756 716 2805 gratia
743 2756 802 2795 ad
833 2756 1075 2807 antiquam
1104 2739 1346 2805 religionis
1376 2754 1716 2795 institutionem
1738 2767 1846 2796 con·

213 2837 394 2877 uersae,
417 2838 509 2866 vno
532 2826 687 2871 animo
711 2838 1007 2867 communem
1029 2831 1291 2866 statuerunt
1319 2825 1465 2864 uitam
1496 2824 1694 2878 degere;
1725 2819 1848 2879 quod

212 2910 268 2938 eo
290 2896 440 2937 maius
460 2884 603 2957 fuisse
625 2886 988 2941 existimandum
1011 2903 1101 2948 est,
1126 2887 1215 2948 quo
1238 2890 1471 2952 difficilius
1494 2896 1723 2939 imbutum
1742 2909 1849 2949 pra-
