2028 3328
162 134 237 172 ⁴238
680 135 907 172 LITTERAE
934 145 1294 178 QUADRIMESTRES

166 231 312 281 plexi,
336 231 518 281 egimus
539 231 640 271 Deo
669 230 871 281 gratias,
896 230 1019 282 quod
1040 243 1064 271 e
1094 231 1293 271 uinculis
1322 230 1534 281 corporis
1561 231 1718 282 soluti,
1743 231 1802 271 ad

166 301 355 342 domum
394 302 520 342 illam
560 308 800 341 aeternam
840 301 1179 353 beatorumque
1226 301 1578 341 foelicissimum
1617 308 1802 342 coetum

168 373 484 423 conuolarint‚
515 383 705 413 suorum
736 372 950 412 laborum
985 373 1244 424 praemium
1278 371 1614 422 sempiternum
1645 384 1801 424 perce-

165 444 307 495 pturi.
330 444 462 484 Multi
496 444 688 495 cupiunt
722 455 776 483 eo
812 443 1068 495 proficisci,
1097 449 1148 483 vt
1184 442 1427 483 elaborent
1462 442 1509 482 in
1538 443 1679 482 vinea
1709 442 1801 483 Do-

168 515 297 556 mini.

248 585 319 626 De
339 587 416 636 iis,
442 597 560 637 quae
581 591 809 636 geruntur
830 586 877 626 in
899 586 1107 637 Collegio
1130 585 1239 625 Diui
1260 585 1478 635 Antonii,
1501 597 1594 624 non
1616 585 1800 636 scripsi-

166 669 290 708 mus,
325 658 447 709 quod
475 656 693 696 Patribus
724 657 781 697 sit
818 669 982 698 curae:
1020 657 1341 709 percipiuntur
1376 656 1570 696 maximi
1604 655 1801 707 fructus,

166 729 291 769 vnde
311 729 522 768 homines
543 728 659 768 mire
681 729 946 769 excitantur
968 728 1384 779 aedificanturque.
1402 727 1566 767 Patres
1587 727 1705 767 adeo
1728 739 1803 767 cu-

166 800 299 851 piunt
320 800 490 839 liberos
512 811 565 839 eo
587 799 771 839 mittere
800 799 903 850 (nec
924 800 1047 839 enirn
1068 799 1245 851 passim
1267 810 1428 838 omnes
1459 797 1801 850 admittuntur),

165 877 218 911 vt
240 883 266 911 a
287 871 420 910 nobis
442 870 487 910 id
509 870 808 911 contendant.
832 870 1100 911 Versantur
1122 870 1184 910 ibi
1205 869 1286 909 filii
1306 869 1705 909 nobilissimorum
1726 869 1803 909 ho-

166 942 362 992 minum,
402 942 480 993 qui
516 941 766 992 plurimum
800 941 847 981 in
881 942 1134 981 virtutibus
1172 947 1311 992 atque
1350 940 1498 980 literis
1537 939 1802 991 proficiunt.

163 1013 386 1054 Calendis
408 1012 625 1053 Octobris
660 1012 955 1052 interfuimus
991 1011 1193 1052 orationi
1222 1017 1361 1062 atque
1395 1011 1801 1052 conclusionibus:

166 1091 418 1135 Vtrumque
447 1084 692 1135 praeclare
718 1089 877 1123 actum
906 1089 990 1123 est.
1030 1082 1243 1123 Interfuit
1271 1081 1328 1122 D.
1355 1081 1604 1122 Eduardus
1636 1080 1662 1133 ¹,
1684 1082 1805 1122 filius

168 1156 328 1196 fratris
358 1154 528 1206 Regis,
561 1154 782 1206 multique
818 1154 1017 1194 nobiles:
1050 1153 1263 1194 omnibus
1296 1152 1522 1193 beneficio
1549 1153 1639 1193 Dei
1673 1153 1805 1193 satis-

169 1227 346 1267 factum
368 1234 452 1266 est.

251 1298 467 1339 Christus
488 1297 593 1349 Opt.
618 1297 745 1337 Max.
763 1309 850 1337 nos
872 1302 1060 1348 augeat,
1080 1297 1300 1348 viamque
1322 1295 1553 1343 ostendat,
1578 1306 1804 1348 suamquc

168 1370 516 1410 sanctissimam
547 1369 839 1408 voluntatem
874 1368 1077 1420 aperiat,
1114 1367 1333 1419 viresque
1368 1366 1612 1418 praebeat,
1650 1372 1700 1407 vt
1739 1367 1805 1407 illi

166 1452 352 1492 semper
374 1440 730 1480 adhaereamus.

248 1512 374 1552 Data
397 1511 616 1552 Calendis
635 1511 871 1564 januarii,
897 1523 955 1551 ex
976 1510 1091 1551 aede
1112 1510 1170 1551 D.
1193 1510 1358 1562 Rochi,
1387 1509 1502 1550 1555.

251 1583 565 1635 Olyssiponae
585 1580 613 1621 ².

1084 1724 1113 1770 †
1139 1724 1368 1766 MAESTRE
1399 1724 1638 1765 GONZALo.

248 1939 601 1992 Superscmptz'o
618 1939 668 1979 in
687 1943 855 1980 octava
867 1939 1075 1991 pagina:
1095 1940 1122 1987 †
1142 1938 1419 1979 Reuerendo
1439 1937 1487 1976 in
1508 1936 1694 1977 Christo
1715 1936 1799 1976 Pa-

166 2011 228 2051 tri
247 2011 444 2061 Ignatio.

247 2081 359 2122 Alia
375 2093 539 2122 manu:
560 2082 675 2123 1555.
695 2081 994 2134 Olyssipona.
1009 2081 1387 2132 Quadrimestres
1403 2081 1571 2122 domus
1588 2076 1666 2120 Sti
1683 2078 1800 2119 Roc-

164 2152 266 2205 chi,
289 2153 348 2205 pst
375 2154 604 2206 januarii.
627 2153 725 2194 R.ta
743 2152 796 2194 20
817 2153 1038 2193 octobris.

224 2338 231 2358 ¹
272 2337 360 2364 Vide
376 2338 409 2365 in
423 2338 573 2365 POLANCI
590 2337 725 2370 Chron„
739 2340 763 2364 t.
778 2344 824 2370 Ν,
837 2344 917 2371 pag.
931 2336 994 2372 528,
1011 2340 1125 2364 annot.
1142 2337 1166 2364 1.

222 2385 237 2404 2
274 2384 346 2412 Hoc
360 2386 504 2413 verbum
519 2390 570 2413 est
584 2385 728 2413 alterius
741 2391 872 2412 manus.
