2028 3328
820 178 852 212 :X
862 188 897 213 Ν.
932 178 1020 213 15)ῗ)ἓ’“)
1659 179 1730 215 4500

94 277 278 325 neuolo,
302 277 459 315 animo
481 286 722 327 quousque
744 273 961 314 Patribus
994 273 1167 312 nostris
1190 273 1271 313 otii
1294 274 1469 324 aliquid
1493 282 1723 325 suppetat;

98 347 327 387 accedunt
358 347 545 386 tandem
571 346 629 386 ad
655 344 989 385 eucharistiam
1016 356 1108 383 non
1140 355 1245 383 curn
1276 344 1454 383 minore
1485 344 1728 384 affcctione

98 418 266 458 mentis
288 425 331 458 et
355 424 656 469 peccatorum
679 427 869 456 suorum
892 415 1185 463 contritione,
1213 426 1352 465 quam
1374 416 1553 466 reliqui.
1580 416 1727 456 Voca-

97 489 130 528 ti
153 488 315 528 Patres
337 499 506 539 aegros
528 489 733 528 inuisunt
756 487 1035 537 frequenter,
1061 498 1140 525 cos
1159 485 1368 533 audiunt,
1389 493 1433 525 et
1452 487 1616 525 amicis
1633 498 1729 526 ucr-

98 560 169 600 bis
191 560 440 599 morientes
464 559 739 598 confirmant
761 564 806 597 et
827 557 1142 603 consolantur,
1168 568 1366 607 quorum
1395 563 1553 596 tantus
1576 569 1730 597 nurne-

99 643 178 671 rus
200 637 283 679 est,
308 638 357 670 ut
379 631 585 670 nonnulli
609 636 769 670 nostro
801 628 1077 680 patrocinio,
1102 628 1236 667 nobis
1258 628 1433 677 inuitis,
1464 629 1733 667 necessario

99 703 388 750 deserantur,
413 713 554 752 quaxn
576 701 811 751 repulsam
833 699 986 739 minus
1016 700 1210 738 moleste
1233 699 1401 749 ferunt,
1433 704 1476 738 et
1504 699 1731 739 inuetera-

98 781 173 813 tae
194 779 383 812 nostrae
405 771 754 811 consuetudinis
772 777 815 810 et
831 771 1097 821 urgentium
1119 770 1479 821 occupationum
1498 782 1590 810 non
1610 771 1735 821 igna-

98 845 151 884 ri.
179 843 364 895 Quanta
388 855 499 882 uero
523 844 580 882 sit
601 843 770 882 horum
791 842 1032 882 hominum
1055 841 1127 891 (de
1152 841 1318 892 quibus
1346 853 1493 892 nuper
1515 842 1729 891 agebam)i

99 916 248 967 pietas
267 922 310 954 et
323 915 523 962 deuotio,
549 913 793 964 egregium
812 912 1055 953 cuiusdam
1071 912 1255 952 facinus
1272 912 1457 952 uidetur
1476 913 1733 955 declarare.

101 988 179 1038 qui
201 998 307 1026 cum
333 998 425 1025 non
455 986 647 1025 liaberet
676 984 785 1036 quid
812 995 1010 1039 erogare
1037 990 1209 1035 posset,
1241 984 1483 1031 subucula,
1517 995 1608 1034 qua
1638 991 1737 1023 crat

101 1059 305 1106 indutus,
321 1057 586 1097 mendicum
603 1055 867 1107 quemdam,
888 1067 1023 1106 opem
1041 1062 1085 1095 et
1103 1055 1330 1095 auxilium
1348 1062 1596 1105 petentem,
1619 1056 1736 1095 miro

102 1128 303 1180 quodam
326 1140 484 1168 amore
506 1128 711 1167 donauit.
733 1127 864 1178 Quae
885 1138 998 1166 sane
1013 1138 1089 1166 res
1107 1126 1330 1166 indicauit
1353 1135 1642 1178 quantopere
1662 1127 1736 1167 ille

103 1201 149 1240 in
178 1200 266 1239 hac
293 1199 493 1250 spiritali
526 1199 602 1238 uia
631 1198 920 1249 profecisset.
958 1197 1207 1238 Caeterum
1235 1198 1565 1248 quamplurimi
1594 1197 1733 1237 domi-

102 1271 220 1311 nicis
242 1270 404 1310 diebus
431 1270 722 1320 caeterisque
744 1269 874 1309 festis
903 1268 1150 1308 ecclesiam
1179 1275 1389 1308 nostram
1419 1268 1735 1320 frequentant,

104 1343 356 1382 conciones
378 1342 481 1381 illas
504 1341 721 1389 audituri,
746 1340 912 1391 quibus
934 1339 1207 1379 scholastici
1230 1351 1391 1379 omnes
1413 1351 1542 1380 more
1560 1341 1739 1380 institu-

104 1425 243 1465 toque
266 1419 428 1452 nostro
450 1412 758 1451 christianam
778 1410 1043 1451 doctrinam
1064 1410 1336 1460 edocentur,
1361 1423 1479 1462 quas
1495 1411 1570 1451 ubi
1593 1423 1739 1452 atten-

104 1492 148 1525 te
171 1484 432 1531 audierunt,
458 1483 636 1522 intenta
659 1482 759 1522 acie
792 1482 958 1522 mentis
985 1482 1031 1521 in
1061 1481 1228 1531 Deum,
1260 1482 1305 1521 in
1328 1483 1415 1522 hoc
1438 1490 1598 1522 nostro
1628 1489 1738 1523 tem-

105 1558 181 1608 plo
202 1555 368 1595 deuote
390 1554 692 1603 meditantur,
716 1565 956 1604 quousque
985 1565 1079 1593 nox
1100 1564 1180 1592 eos
1208 1553 1380 1593 inuitos
1411 1560 1456 1594 et
1476 1565 1738 1605 repugnan-

106 1634 175 1667 tes
196 1627 413 1678 expellat;
446 1625 491 1664 in
520 1636 610 1676 quo
639 1624 861 1664 exercitio
890 1624 1022 1664 multi
1051 1635 1211 1664 eorum
1241 1624 1332 1664 alio
1362 1625 1504 1665 etiam
1531 1632 1741 1676 tempore

107 1703 370 1746 uersantur,
395 1696 497 1735 aliis
518 1695 644 1735 curis
664 1695 956 1746 posthabitis.

188 1767 336 1808 Porro
357 1766 631 1818 amplissimi
660 1765 840 1806 fructus
868 1778 925 1805 ex
947 1766 1337 1806 scholasticorum
1368 1767 1744 1808 confessionibus

108 1839 443 1891 percipiuntur,
468 1838 566 1877 siue
596 1837 782 1876 uirtutis
810 1837 909 1876 siue
937 1836 1180 1877 doctrinae
1209 1838 1438 1878 rationem
1469 1839 1739 1879 habeamus.

109 1910 320 1962 Impense
342 1908 540 1959 diligunt
567 1913 913 1959 praeceptores,
944 1919 1034 1959 quo
1062 1909 1256 1960 quisque
1284 1910 1484 1949 nobilior
1506 1916 1591 1960 est,
1622 1922 1675 1951 eo
1696 1911 1742 1950 li-

110 1981 311 2031 bentius,
335 1986 469 2031 paret
490 1984 534 2019 et
552 1979 856 2030 obtemperat3
874 1978 991 2018 mira
1011 1985 1080 2019 est
1096 1979 1216 2019 inter
1233 1991 1395 2020 omnes
1411 1981 1742 2032 tranquillitas;

111 2052 289 2092 nobiles
309 2057 354 2090 et
381 2050 612 2101 ignobiles
639 2049 764 2089 nullo
792 2049 1063 2090 discrimine
1085 2050 1331 2101 habentur;
1363 2063 1450 2090 nec
1473 2052 1743 2102 superiores

111 2123 387 2164 inferiorum
416 2120 784 2160 familiaritatem
818 2127 1059 2171 respuunt.
1090 2121 1205 2173 Illud
1242 2128 1398 2161 tamen
1434 2122 1595 2162 mirari
1630 2123 1746 2163 satis

111 2206 208 2235 non
231 2203 494 2245 possumus;
518 2192 687 2232 multos
708 2191 886 2232 scilicet
903 2191 1088 2232 illorum
1104 2203 1222 2243 esse,
1241 2193 1334 2244 qui,
1359 2193 1496 2233 nullis
1516 2194 1670 2234 coacti
1686 2195 1745 2233 le-

111 2266 268 2317 gibus,
293 2261 671 2304 extraordinario
701 2269 911 2313 tempore
938 2269 1239 2303 sacramenta
1266 2263 1579 2315 frequentant.
1610 2263 1747 2304 Noui-

113 2347 217 2377 mus
237 2335 362 2375 enim
382 2334 550 2374 horum
579 2332 927 2373 adolescentum
956 2333 1161 2384 ingenia,
1191 2334 1271 2385 qui
1297 2345 1391 2374 non
1418 2334 1556 2375 facile
1576 2335 1635 2375 ad
1656 2336 1745 2376 uir-

116 2414 265 2448 tutem
285 2405 611 2454 traducuntur,
635 2416 785 2456 neque
807 2404 854 2444 in
876 2416 930 2444 ea
952 2405 1157 2445 traducti
1179 2405 1451 2446 retinentur.

195 2476 469 2518 Praeteritis
493 2474 623 2516 hisce
651 2475 814 2515 diebus
840 2475 1127 2515 christianae
1154 2475 1260 2516 fidei
1286 2476 1629 2527 religiosissimi
1650 2489 1751 2518 cen-

115 2560 261 2598 sores,
285 2559 402 2600 quos
422 2546 722 2598 inquisitores
743 2552 940 2596 uocant,
964 2558 1161 2598 cumque
1182 2547 1256 2587 his
1276 2548 1435 2598 regius
1464 2548 1610 2589 frater
1640 2549 1750 2590 Car-

113 2619 282 2661 dinalis
305 2617 314 2637 ¹
338 2631 365 2658 a
391 2617 531 2658 Patre
546 2617 727 2658 Mirone
749 2621 763 2640 ²
783 2617 941 2658 multis
963 2618 1179 2669 precibus
1201 2618 1540 2660 contenderunt
1566 2626 1617 2660 vt
1638 2632 1744 2660 non-

113 2692 264 2732 nullos
285 2702 344 2730 ex
364 2689 538 2730 nostris
561 2689 608 2729 in
630 2700 870 2729 carcerem
892 2689 1112 2738 mitteret,
1136 2689 1214 2741 qui
1233 2690 1417 2730 uinctos
1434 2702 1596 2731 omnes
1611 2691 1755 2732 domi-

168 2851 177 2870 ¹
217 2848 385 2877 Henricus
406 2847 600 2876 Cardinalis
626 2851 660 2874 et
687 2847 976 2882 Archiepiscopus
1005 2847 1324 2876 Eborensis.—Post
1353 2850 1496 2877 verbum
1527 2849 1752 2883 Cardinalz's,

113 2898 280 2932 scriptum
294 2897 329 2924 in
338 2896 540 2931 apographo
555 2899 607 2923 est
621 2897 654 2922 et
669 2894 807 2928 infans,
829 2902 913 2929 quos
928 2896 1068 2927 dicunt:
1090 2896 1149 2923 sed
1175 2896 1260 2923 haec
1282 2897 1390 2924 verba
1410 2897 1510 2925 lineis
1533 2898 1751 2933 superductis

117 2951 306 2980 suppressa
316 2946 406 2972 sunt.

170 2994 184 3013 ²
221 2992 257 3020 P.
272 2990 399 3024 Jacobo
414 2989 533 3024 Miron,
549 2989 775 3018 provinciali.

309 3048 362 3086 T.
382 3060 437 3087 m.
1524 3062 1568 3097 39
