2028 3328
888 51 970 87 AN.
1002 50 1091 86 1554
1751 54 1817 89 150

173 147 411 198 laicosque
433 152 631 198 septem,
664 146 757 185 iam
788 146 884 196 tibi,
909 145 1048 186 Pater
1070 146 1386 196 obseruando,
1423 147 1566 186 alium
1590 159 1693 187 esse
1717 151 1814 188 nul-

174 218 268 257 lum
299 219 366 262 (vt
395 218 577 269 opinor)
606 218 769 269 liquet:
802 222 941 268 atque
963 217 1098 258 exiis
1124 217 1214 256 duo
1236 223 1287 256 vt
1319 217 1562 257 minimum
1585 218 1667 268 (sic
1690 220 1813 260 enim

173 289 463 340 accepimus)
487 290 577 329 alio
599 289 762 328 statuti
797 288 1076 338 adimentur,
1115 289 1234 327 alter
1263 288 1443 328 scilicet
1475 289 1698 329 sacerdos
1720 290 1809 339 illc,

173 360 402 400 humanas
437 361 514 411 qui
549 360 707 400 literas
743 359 962 410 priuatim
996 359 1072 398 hic
1108 358 1348 409 professus
1385 367 1455 399 est
1493 358 1518 409 ¹,
1558 361 1677 399 alter
1699 373 1812 400 vero

172 431 320 470 laicus
341 431 546 482 quidam.
572 430 744 471 Omnes
766 442 878 470 sane
909 430 1080 470 mirum
1102 430 1148 470 in
1171 430 1373 479 modum,
1406 442 1511 470 cum
1544 431 1692 471 literis
1713 438 1812 472 tum

170 502 351 553 spiritu,
372 514 477 543 cum
495 503 566 542 sui
584 503 698 543 satis
716 502 1030 553 abnegatione
1048 502 1095 541 in
1116 502 1215 542 dies
1233 513 1417 551 cernas,
1442 502 1600 542 diuina
1623 502 1811 543 adiutos

170 584 272 624 ope,
298 574 548 614 ditescere:
572 574 632 614 ad
655 573 786 623 haec,
817 573 937 613 ratio
964 585 1058 613 non
1080 573 1253 624 exigua
1285 574 1417 621 (nam
1438 573 1483 613 id
1513 584 1601 623 ego
1623 574 1811 625 plurimi

170 644 435 684 faciendum
476 645 616 695 duco)
658 645 928 696 regularum
967 644 1445 696 constitutionumque
1487 645 1613 684 omni
1655 646 1810 685 studio

170 715 384 756 habetur.

249 786 383 837 Quod
406 787 604 827 aedificii
632 787 790 837 erecti,
827 792 1013 838 praeter
1047 787 1331 838 opinionem,
1356 798 1431 827 res
1452 787 1717 838 properarit
1746 788 1810 827 ni-

169 858 326 907 mium,
351 869 443 898 non
472 864 542 898 est
572 857 695 909 quod
722 858 885 898 charta
908 857 1189 899 referamus:
1212 858 1345 898 breui
1366 864 1523 898 tamen
1548 858 1594 898 id
1620 858 1809 909 habeto,

168 929 340 969 imbres
362 929 669 979 interclusos,
702 929 904 981 parietes
938 928 1201 977 confectos,
1236 942 1292 969 ac
1327 930 1513 970 demum
1542 930 1812 981 incoeptam

165 1000 266 1040 eius
288 1005 468 1051 partem
491 1000 668 1040 finitam
689 999 973 1052 propediem,
998 1001 1189 1052 auspice
1211 1000 1413 1051 Christo,
1440 1001 1611 1041 intueri
1632 1002 1805 1052 licebit,

164 1077 350 1111 tantum
371 1076 440 1111 est
462 1071 637 1111 instare
659 1071 706 1111 in
728 1083 792 1111 re.
817 1070 970 1111 Pridie
992 1077 1148 1111 autem
1167 1072 1390 1112 calendas
1406 1070 1723 1123 Septembreis
1745 1073 1805 1113 ad

163 1142 493 1190 domunculaS,
518 1142 729 1182 aedificio
751 1152 911 1183 nostro
934 1143 1132 1193 vicinas,
1156 1143 1285 1194 inibi,
1316 1144 1464 1184 donec
1494 1144 1597 1196 ipsa
1620 1146 1807 1197 collegii

163 1214 395 1255 extructio
417 1219 689 1265 peragatur,
712 1214 856 1254 futuri
883 1215 1209 1265 migrauimus.

241 1285 361 1325 Nam
383 1284 439 1325 de
471 1285 733 1325 animarum
763 1286 809 1325 in
845 1285 1032 1326 Christo
1063 1293 1296 1338 prouentu
1332 1288 1521 1328 omnino
1552 1288 1803 1331 dicendum

162 1357 368 1397 occurrit
390 1357 503 1396 nihil
522 1357 725 1408 insigne:
750 1370 777 1397 a
798 1359 938 1409 longo
960 1357 1053 1398 iam
1075 1364 1286 1409 tempore
1310 1359 1407 1408 (hei
1429 1360 1582 1411 mihil)
1604 1362 1805 1412 priuatis

161 1428 487 1478 concionibus,
521 1440 638 1480 quas
660 1429 784 1469 domi
811 1429 877 1479 (vt
908 1429 1010 1469 aliis
1034 1430 1180 1470 literis
1210 1430 1269 1470 ad
1292 1437 1336 1470 te
1372 1431 1579 1472 delatum
1606 1435 1691 1479 est)
1723 1434 1801 1473 ha-

160 1500 259 1539 beri
280 1500 481 1551 Vesperi,
502 1500 645 1540 moris
667 1500 847 1551 pridem
867 1507 983 1551 erat,
1008 1501 1281 1542 destitutum
1298 1508 1390 1543 est:
1413 1509 1675 1555 praeterea,
1702 1506 1802 1556 ipsa

162 1571 443 1623 necessitate
465 1572 745 1623 impellente,
764 1584 822 1612 ne
843 1573 1095 1612 conciones
1116 1573 1319 1624 quidem,
1340 1574 1421 1625 qui
1437 1574 1582 1615 faciat
1599 1576 1798 1628 publice,

161 1643 236 1682 vel
254 1643 373 1682 Vllus
391 1642 539 1682 adest:
559 1643 671 1682 illud
687 1649 859 1693 tamen,
879 1654 963 1694 pro
981 1643 1281 1684 sacerdotum
1298 1656 1509 1696 numero,
1529 1645 1800 1699 frequentes

161 1713 482 1754 confessiones
503 1721 547 1753 et
570 1714 921 1754 communiones
955 1715 1168 1755 virorum
1203 1728 1259 1756 ac
1293 1715 1608 1758 foeminarum
1644 1720 1799 1770 magis

161 1785 409 1837 magisque
431 1785 612 1835 augeri.

239 1856 471 1908 Persaepe
493 1869 519 1895 a
542 1856 697 1896 multis
715 1857 773 1897 ad
790 1868 876 1896 nos
894 1857 1072 1898 aditum
1089 1865 1174 1908 est,
1194 1858 1288 1910 qui,
1311 1866 1656 1911 conquerentes
1678 1873 1798 1913 pene

159 1938 484 1979 pergraueque
507 1928 724 1978 ferentes,
748 1928 1053 1969 vehementer
1075 1929 1248 1980 dolent,
1269 1941 1375 1970 cum
1393 1942 1442 1970 se
1460 1931 1617 1971 orbari
1640 1932 1799 1973 dicant

159 1999 365 2040 maximo
386 2000 532 2050 bono;
557 1999 638 2040 sed
660 2007 703 2040 et
723 2012 815 2040 non
838 2001 988 2041 solum
1015 2001 1126 2051 sibi,
1150 2013 1316 2042 verum
1338 2003 1479 2042 etiam
1511 2004 1596 2043 toti
1622 2006 1797 2055 populo

156 2071 397 2122 impensae
419 2070 757 2110 aedificationis
773 2070 954 2111 fructus
971 2079 1188 2112 asserunt
1206 2073 1451 2113 sustulisse
1470 2086 1576 2124 nOS‚
1598 2075 1675 2126 qui
1696 2087 1795 2116 rem

157 2141 274 2182 adeo
311 2142 606 2182 commodam
650 2143 1060 2194 necessariamque
1102 2155 1195 2184 non
1232 2144 1459 2185 fuerimus
1500 2148 1791 2198 prosequuti.

156 2212 279 2263 Quin
300 2213 440 2254 etiam
462 2213 565 2265 pius
587 2213 820 2265 quispiam
841 2214 928 2262 vir,
952 2215 1124 2266 quippe
1153 2216 1285 2255 cuius
1311 2216 1447 2256 lactis
1476 2217 1673 2258 dulcedo
1702 2218 1794 2258 suf-

154 2284 377 2325 fulciebat
386 2291 564 2336 pectus,
586 2295 810 2335 magnum
828 2297 940 2336 prae
957 2297 1006 2325 se
1024 2286 1128 2326 tulit
1145 2286 1356 2327 dolorem
1369 2299 1474 2328 cum
1488 2288 1678 2329 ianuam
1692 2290 1797 2330 soli-

153 2361 250 2395 tam
271 2356 358 2396 sibi
378 2368 471 2396 non
489 2361 649 2407 patere
670 2356 877 2396 resciuit:
900 2368 1010 2396 nam
1031 2368 1138 2397 cum
1154 2357 1227 2397 die
1249 2358 1451 2409 quadam
1471 2359 1530 2400 ad
1552 2372 1639 2400 nos
1661 2362 1791 2401 veni-

154 2432 238 2477 ret,
263 2428 464 2468 accessit
487 2427 544 2467 ad
567 2438 687 2477 eum,
711 2426 789 2478 qui
818 2433 927 2467 tunc
958 2434 1058 2468 erat
1087 2441 1113 2468 a
1148 2428 1304 2479 ianua,
1342 2436 1597 2481 rogaturus
1620 2444 1680 2472 an
1702 2434 1791 2472 elo—

156 2497 316 2549 quium
340 2499 528 2538 solitum
549 2503 671 2538 esset
692 2497 913 2544 futurum.
937 2510 1134 2550 cumque
1156 2499 1326 2540 ianitor
1349 2502 1669 2553 respondisset
1690 2503 1790 2544 fore

153 2568 536 2621 impedimentum
557 2568 806 2620 quominus
825 2568 872 2608 id
888 2568 988 2609 fieri
1009 2570 1185 2622 liceret,
1210 2572 1446 2613 continuo:
1471 2573 1564 2613 Ah!
1583 2575 1787 2626 mallem,

152 2639 316 2691 inquit,
339 2651 487 2691 genas
508 2639 651 2679 hasce
672 2639 855 2690 publice
877 2640 1159 2681 caecidisses
1182 2642 1407 2694 colaphis,
1438 2656 1579 2696 quam
1601 2645 1791 2687 isthunc

207 2825 215 2842 ¹
255 2824 328 2857 “qui
344 2824 608 2858 grammuicam
624 2823 778 2854 docebat.
795 2823 833 2851 Ρ.
852 2824 1025 2858 (jacobus)
1048 2824 1178 2856 Duran.
1203 2825 1244 2852 ad
1263 2825 1455 2861 Collegium
1473 2827 1649 2863 Durgense
1672 2835 1785 2858 trans-

149 2871 272 2898 missus
288 2876 338 2898 est
357 2893 370 2904 .,
386 2871 562 2898 ΡοιΑκσυς
578 2871 609 2898 in
627 2871 803 2906 Chronico,
819 2877 842 2900 t.
862 2879 908 2906 iv,
925 2880 1000 2907 pag.
1018 2873 1081 2905 359.
1098 2881 1127 2900 n.
1145 2873 1208 2900 837.
