2028 3328
214 190 286 229 682
731 191 956 229 LITTERAE
972 201 1330 235 QUADRIMESTRES

216 299 243 326 a
271 288 433 340 primis
466 288 529 338 (ut
563 289 746 339 dicitur)
778 289 1043 340 unguiculis
1074 288 1455 338 designauerant,
1491 286 1693 326 confessi
1724 292 1845 337 sunt;

214 359 279 399 ita
300 365 349 399 ut
372 372 462 399 non
485 360 566 400 abs
584 372 633 400 re
655 372 812 400 escam
829 361 1056 400 bonorum
1079 358 1421 399 confessionem
1439 358 1675 408 appellare
1697 357 1840 408 possi-

214 442 333 481 mUS‚
363 431 501 482 quod,
536 432 768 482 uidelicet,
806 443 861 471 ea
889 432 1100 471 homines
1134 429 1395 480 capiantur,
1424 434 1474 468 ut
1502 428 1642 468 harno
1674 428 1843 479 pisces.

215 501 414 542 Caetera
430 503 566 542 huius
593 503 780 554 generis
806 509 1065 553 praetereO,
1090 513 1176 540 nec
1199 511 1568 540 commemorare
1593 498 1846 550 aggredior

212 584 353 624 quarn
376 574 521 623 multi,
557 586 583 613 a
611 573 805 625 perditis
832 573 1039 613 moribus
1069 571 1364 623 pessimaque
1391 570 1487 610 uita
1515 570 1741 620 reuocati,
1775 581 1842 610 sa-

214 651 560 685 cramentorum
589 644 819 696 praesidio
848 656 897 684 se
924 643 1157 692 muniant,
1189 642 1323 682 cuius
1350 641 1419 681 rei
1445 641 1845 681 euidentissimum

212 715 425 756 inditium
447 722 516 755 est
534 716 809 756 deuotorum
829 725 1051 754 numerus
1075 713 1238 764 maior,
1264 714 1341 764 qui
1364 712 1561 763 singulis
1582 712 1745 752 diebus
1767 711 1844 751 do-

212 787 395 827 minicis
418 787 476 827 ad
505 787 790 827 sacramenti
810 796 1020 826 mensam
1043 784 1286 824 accedunt.
1322 783 1538 834 Quidam,
1573 794 1678 822 cum
1700 783 1747 822 in
1769 794 1843 822 ex-

213 859 374 898 tremis
396 859 645 908 laboraret,
675 858 821 897 noluit
843 857 933 897 alio
956 867 1097 907 quarn
1120 855 1247 895 Patri
1272 861 1435 895 nostro
1464 853 1688 904 confiteri;
1713 860 1844 894 tanto

211 940 326 980 erga
349 941 434 969 nos
456 940 616 968 amore
638 928 910 968 ducebatur.

293 999 396 1040 Non
417 1011 613 1051 paruam
635 1011 818 1051 quoque
840 997 1003 1038 eodem
1031 998 1133 1049 ipso
1162 1004 1372 1048 tempore
1395 997 1654 1048 spiritalem
1676 996 1843 1036 utilita-

212 1077 306 1111 tem
326 1071 581 1111 hauserunt
602 1071 749 1110 nostri
771 1069 1056 1109 scholastici.
1081 1068 1202 1108 Nam
1224 1079 1400 1119 omnes,
1425 1068 1593 1119 quibus
1615 1079 1696 1118 per
1719 1074 1842 1106 aeta-

211 1147 306 1182 tem
335 1142 477 1192 licuit,
508 1141 857 1181 sanctissimum
887 1140 1214 1180 Eucharistiae
1245 1138 1605 1180 Sacramentum
1634 1150 1843 1190 sumpse-

211 1219 320 1253 runt
342 1219 471 1253 tanta
494 1224 599 1252 cum
621 1212 865 1261 modestia,
889 1217 938 1251 ut
959 1223 1052 1251 non
1074 1210 1305 1251 defuerint
1323 1210 1400 1262 qui
1422 1210 1629 1250 dicerent
1645 1221 1843 1261 propen-

211 1285 360 1325 siores
382 1284 473 1324 iam
495 1295 665 1335 pueros
687 1283 746 1322 ad
767 1283 988 1322 uirtutem
1009 1294 1112 1323 esse
1133 1293 1275 1333 quam
1296 1293 1447 1322 senes.
1471 1281 1578 1321 Miri
1600 1292 1712 1320 sane
1735 1287 1841 1320 sunt

210 1367 509 1407 progressus,
533 1366 648 1406 quos
666 1365 772 1394 cum
788 1354 834 1393 in
852 1353 999 1394 literis
1016 1359 1114 1393 tum
1131 1365 1244 1393 uero
1262 1353 1308 1392 in
1326 1352 1493 1404 spiritu
1510 1352 1702 1392 faciunt.
1721 1351 1840 1392 Nam

212 1433 262 1466 ut
283 1427 497 1467 omittam
519 1437 598 1465 eos
621 1425 817 1476 singulis
847 1424 1083 1465 mensibus
1115 1424 1340 1474 confiteri,
1372 1435 1555 1464 necnon
1582 1423 1840 1475 prouectio-

216 1510 291 1538 res
321 1497 608 1549 frequentius
638 1503 986 1536 sacramentum
1014 1497 1273 1546 suscipere,
1307 1502 1415 1536 sunt
1445 1495 1585 1535 etiam
1611 1495 1838 1545 nonnulli,

212 1570 292 1619 qui
326 1569 469 1609 diuini
504 1568 676 1608 amoris
711 1567 988 1608 inflammati
1017 1567 1271 1617 desiderio,
1301 1567 1486 1617 fratres,
1521 1578 1709 1606 sorores
1745 1566 1843 1616 (sed

211 1640 321 1691 quid
344 1640 447 1680 dico
469 1640 690 1689 sorores?)
720 1640 813 1679 imo
837 1645 881 1679 et
912 1645 1071 1691 patres
1091 1651 1200 1679 suos
1229 1638 1288 1678 ad
1317 1638 1544 1678 honorem
1575 1638 1841 1689 cultumque

211 1712 418 1751 diuinum
441 1712 758 1761 cohortentur3
780 1711 869 1750 hoc
890 1712 1057 1751 saltem
1079 1722 1222 1750 unum
1244 1720 1437 1761 possum
1457 1708 1752 1749 confirmare:
1773 1709 1838 1749 ui-

209 1794 313 1822 rum
335 1782 582 1834 quemdam
603 1788 855 1833 prouectae
882 1782 975 1821 iam
1005 1781 1172 1821 aetatis
1203 1781 1497 1832 increpatum
1519 1792 1545 1820 a
1571 1780 1717 1820 fratre
1740 1791 1838 1830 suo,

209 1854 288 1905 qui
322 1860 507 1894 nostras
543 1853 808 1905 frequentat
840 1854 1048 1904 scholas,
1091 1853 1213 1904 quod
1250 1852 1522 1892 chartarum
1558 1851 1666 1891 ludo
1701 1851 1840 1891 nimis

205 1930 418 1975 uacaret,
461 1924 620 1964 ludum
659 1924 872 1964 omisisse
904 1930 984 1964 aut
1019 1925 1185 1964 saltem
1216 1935 1243 1963 a
1275 1922 1384 1963 ludo
1412 1929 1659 1974 praesente
1694 1922 1840 1963 fratre

208 1995 504 2035 abstinuisse.

288 2066 405 2106 Tres
426 2068 633 2116 iuuenes,
659 2067 884 2106 absolutis
904 2067 1082 2118 primae
1103 2065 1427 2106 hebdomadae
1448 2066 1699 2116 exercitiis,
1720 2077 1841 2117 quae

207 2135 261 2177 R.
299 2137 348 2177 P.
380 2145 539 2178 noster
565 2139 770 2192 Joannes
797 2139 1010 2189 Baptista
1044 2137 1052 2156 ¹
1076 2138 1143 2178 eis
1164 2137 1531 2187 ministrauerat,
1556 2148 1602 2177 se
1625 2137 1842 2187 religioni

206 2215 397 2249 nostrae
419 2217 649 2249 uouerunt
671 2217 810 2261 atque
839 2209 1136 2260 dedicarunt;
1160 2215 1207 2248 at
1235 2208 1372 2248 Pater
1403 2214 1583 2258 noster,
1614 2208 1840 2260 optimum

208 2279 336 2320 factu
356 2287 487 2320 ratus
521 2281 560 2320 si
582 2293 743 2321 eorum
763 2281 1029 2332 ingressum
1058 2279 1284 2330 differret,
1307 2280 1454 2319 noluit
1482 2279 1640 2319 statim
1662 2279 1838 2319 aditum

208 2350 298 2391 illis
326 2352 574 2403 praebere,
605 2352 753 2392 donec
768 2345 930 2404 ¹aliqua
952 2351 1246 2392 constantiae
1268 2362 1429 2391 eorum
1449 2351 1585 2401 signa
1606 2350 1837 2402 experire-

213 2427 310 2473 tur;
346 2428 555 2474 tempore
589 2423 712 2462 enim
747 2423 988 2474 ingenium
1022 2422 1224 2462 hominis
1261 2422 1554 2473 dignoscitur
1585 2427 1628 2461 et
1657 2421 1839 2472 turpius

209 2492 393 2533 eiicitur
412 2505 550 2544 quam
568 2506 660 2533 non
677 2493 937 2534 admittitur
953 2493 1138 2544 hospes.
1158 2492 1266 2544 Ipsi,
1285 2504 1467 2544 semper
1485 2493 1531 2532 in
1553 2491 1716 2532 eadem
1738 2503 1839 2532 sen-

210 2564 355 2604 tentia
384 2571 735 2615 permanentes,
763 2564 1043 2604 confitentur
1063 2563 1260 2614 singulis
1284 2564 1445 2603 diebus
1467 2563 1730 2603 dominicis.

290 2633 396 2674 Duo
424 2641 531 2674 sunt
562 2648 619 2675 ex
648 2637 821 2675 nostris
848 2634 1167 2685 scholasticis,
1202 2634 1281 2685 qui
1309 2640 1495 2685 praeter
1523 2640 1737 2674 caeteros
1772 2645 1839 2673 re-

209 2704 397 2754 ligionis
417 2712 604 2745 nostrae
633 2706 840 2746 habitum
869 2706 1061 2745 induere
1091 2717 1139 2745 se
1166 2705 1284 2744 uelle
1311 2704 1609 2765 profitentur,
1643 2716 1840 2756 quorum

211 2775 328 2814 alter
362 2788 388 2815 a
424 2776 519 2815 suis
553 2776 825 2827 impeditur,
859 2777 1109 2828 quominus
1140 2776 1236 2815 uoti
1257 2775 1329 2815 sui
1355 2775 1436 2816 fiat
1468 2786 1682 2826 compos,
1715 2775 1840 2826 quod

210 2844 399 2895 factum,
435 2847 655 2897 quoniam
687 2847 848 2887 auditu
879 2847 1132 2887 iucundum
1165 2846 1404 2897 existimo,
1427 2846 1613 2886 silentio
1636 2852 1842 2897 praeter·

265 3002 274 3022 ¹
312 3003 351 3031 P.
370 3003 517 3036 Joannes
533 3004 690 3039 Baptista
701 3006 814 3039 Viola.
830 3006 885 3040 qui
900 3006 1181 3040 superintendens
1196 3004 1339 3040 Collegii
1353 3009 1444 3033 erat.
