2028 3328
164 125 235 162 ‘264
684 123 911 161 LITTERAE
930 134 1290 167 QUADRIMEsTREs

165 221 418 270 cularibus,
443 221 521 272 qui
538 220 704 260 deinde
722 231 770 260 se
787 219 889 260 Deo
906 220 996 260 hac
1017 221 1063 260 in
1085 220 1318 261 Societate
1338 224 1689 266 consecrarunt3
1712 218 1805 258 6111-

168 293 275 332 dam
307 292 447 332 etiam
483 292 547 342 (ut
570 292 712 342 uulgo
751 292 935 340 dicitur)
959 293 1213 341 licentiato,
1247 291 1302 331 de
1325 302 1415 341 quo
1439 290 1515 330 hic
1536 289 1805 329 meminisse

167 364 310 411 uolui,
335 363 457 415 quod
478 364 524 402 in
545 363 632 403 Dei
653 374 813 403 amore
842 370 886 403 et
917 363 987 402 sui
1015 362 1286 413 cognitione
1308 361 1558 412 plurimum
1589 370 1806 411 progres-

169 446 249 475 sus
270 436 344 475 sit.

250 506 470 556 Ejusdem
492 505 706 546 coenobii
726 506 1001 555 iunioribus,
1029 517 1083 545 ac
1106 505 1151 544 in
1173 504 1419 554 Religione
1440 502 1647 552 nouitiiS,
1671 501 1793 541 R.<¹¹1S

170 577 217 617 P.
243 578 510 618 Ludouicus
531 578 675 617 semel
708 577 755 616 111
785 577 1075 617 hebdomade
1109 575 1394 615 christianae
1430 573 1672 614 doctrinae
1703 584 1808 624 par-

170 656 287 698 tem,
323 660 496 699 magna
527 660 689 688 eorum
723 649 976 697 modestia,
1015 647 1272 687 attentione
1304 652 1348 685 et
1382 645 1537 685 fructu
1569 643 1805 695 exposuit:

170 731 279 759 nam
301 726 345 759 et
367 726 477 759 tunc
500 720 724 771 temporis
746 720 947 760 orationi
970 718 1127 759 sedulo
1151 729 1338 765 uacare,
1362 722 1406 756 et
1429 715 1725 756 contritionis
1747 715 1810 754 13-

172 791 394 842 chrymas
411 790 604 831 fundere
620 791 990 843 reperiebantur:
1011 796 1055 830 et
1074 801 1197 829 nunc
1214 799 1412 840 quoque,
1438 786 1703 828 deuotionis
1724 785 1811 825 fer-

172 873 336 901 uorem
356 862 625 913 retinentes,
645 862 693 902 in
714 862 1111 911 meditationibus,
1132 871 1249 912 quas
1267 859 1324 899 ab
1342 858 1507 899 eodem
1524 858 1664 898 Patre
1683 867 1815 896 3666-

173 940 356 984 perunt,
381 945 483 973 sese
504 934 709 985 quotidie
732 940 968 974 exercent.

251 1004 495 1056 Templum
517 1013 745 1055 nostrum,
771 1005 881 1045 olim
903 1004 1141 1044 desertum
1162 1014 1217 1042 ac
1239 1013 1357 1054 pene
1380 1001 1552 1050 sterile,
1576 999 1625 1040 fit
1647 999 1695 1039 in
1716 998 1816 1038 dies

173 1076 385 1127 singulos
406 1077 558 1127 magis
578 1076 798 1128 frequens
821 1088 877 1116 ac
908 1075 1186 1125 frugiferum
1219 1072 1513 1113 multitudine
1536 1070 1817 1111 conuenien-

175 1147 303 1196 tium,
330 1154 427 1187 tum
449 1148 507 1188 ad
535 1147 854 1187 consessiones
889 1153 932 1186 et
961 1145 1245 1186 uenerabilis
1273 1144 1624 1196 perceptionem
1653 1141 1819 1182 Sacra·

175 1219 333 1268 menti,
358 1224 455 1258 tum
487 1218 546 1258 ad
574 1218 832 1258 audiendas
866 1217 1133 1266 60116101165,
1172 1227 1291 1267 quae
1327 1214 1575 1254 dominicis
1611 1219 1655 1253 et
1687 1212 1818 1252 festis

176 1290 339 1330 diebus
360 1290 408 1330 in
435 1302 488 1330 eo
517 1290 680 1330 haberi
702 1290 866 1329 solent.
891 1289 961 1338 Et,
993 1287 1115 1339 quod
1139 1300 1163 1326 a
1187 1298 1259 1327 me
1281 1287 1371 1326 hoc
1393 1286 1497 1326 loco
1521 1283 1820 1325 scribendum

176 1362 376 1412 uidetur,
408 1361 582 1401 multae
614 1361 794 1400 nobiles
829 1367 1073 1399 matronae
1107 1358 1320 1410 generali
1349 1369 1511 1397 coram
1541 1356 1643 1396 Deo
1676 1360 1720 1394 et
1741 1366 1818 1394 no-

175 1433 285 1473 stris
317 1432 641 1483 sacerdotibus
672 1432 982 1481 confessione,
1017 1441 1210 1470 suarum
1243 1429 1508 1469 animarum
1543 1426 1683 1467 saluti
1713 1437 1819 1466 con-

177 1506 433 1544 suluerunt.
459 1503 659 1554 Quidam
679 1502 876 1553 iuuenis,
902 1514 1008 1542 cum
1036 1501 1129 1551 diu,
1154 1500 1317 1541 relicto
1345 1498 1652 1546 monasterio,
1676 1497 1820 1537 ueluti

178 1576 280 1615 ouis
302 1575 476 1615 amissa
499 1580 692 1624 erraret,
718 1586 744 1613 a
766 1573 815 1613 P.
835 1573 1077 1613 Ludouico
1097 1583 1265 1611 suasus
1281 1577 1325 1611 et
1345 1571 1597 1622 plurimum
1617 1569 1818 1619 adiutus,

177 1646 237 1686 ad
259 1646 567 1697 Religionem,
593 1646 714 1685 ouile
737 1645 1036 1694 tutissimum,
1060 1643 1210 1683 rediit.
1245 1643 1296 1683 111
1324 1652 1516 1682 6316616
1545 1651 1731 1692 quoque
1754 1639 1818 1678 in-

177 1718 362 1758 terdum
396 1730 423 1757 a
458 1717 633 1757 nostris
668 1716 1001 1756 concionatum
1035 1721 1121 1764 est,
1159 1726 1218 1754 ex
1249 1725 1354 1765 quo,
1390 1712 1577 1753 tametsi
1610 1711 1820 1763 plerique

179 1789 371 1835 (Christi
392 1789 563 1839 gratia)
596 1787 893 1839 resipuerint,
919 1798 1061 1837 seque
1083 1786 1143 1826 ad
1166 1785 1360 1825 meliora
1382 1784 1640 1831 retulerint,
1666 1793 1819 1833 pauca

179 1861 479 1901 nihilominus
500 1860 647 1900 fusius
668 1859 928 1910 explicabo.
952 1856 1174 1898 Nonnulli
1192 1857 1314 1897 enim
1336 1856 1475 1896 isthic
1499 1855 1818 1903 includuntur,

179 1933 256 1984 qui
279 1920 385 1972 cum
408 1945 434 1972 a
455 1932 535 1978 VI,
569 1931 628 1982 X,
651 1930 757 1981 XV,
782 1929 895 1970 XVI
917 1935 961 1970 et
988 1929 1122 1970 XVII
1148 1940 1272 1968 anno
1296 1926 1608 1967 confessionis
1631 1930 1823 1982 6160111-

179 2004 414 2044 munionis
448 2007 749 2043 sacramenta
784 2013 877 2041 non
912 2000 1162 2050 adiissent,
1196 1999 1342 2040 diuini
1369 1998 1560 2039 tandem
1591 1985 1824 2037 sermonis

181 2075 261 2115 icti
282 2075 452 2125 iaculo,
477 2086 503 2114 a
534 2073 716 2114 cunctis
750 2084 800 2112 se
822 2078 1130 2123 peccatorum
1152 2070 1370 2111 sordibus
1393 2073 1735 2121 expurgarunt,
1761 2074 1826 2107 at-

181 2158 270 2198 que
293 2146 352 2186 ad
387 2157 574 2186 sacram
605 2143 955 2184 Eucharistiam
990 2143 1077 2182 rite
1114 2146 1431 2182 accesserunt.
1471 2140 1605 2180 Alter
1636 2139 1828 2191 quidam

183 2219 459 2266 scelerosus,
486 2217 524 2256 si
545 2216 648 2267 quis
671 2215 805 2266 alius,
829 2214 961 2254 uerbi
996 2213 1084 2253 Dei
1119 2218 1273 2253 motus
1305 2211 1558 2261 auditione,
1584 2209 1826 2250 confessus

183 2294 268 2338 est,
294 2287 427 2328 firmo
446 2298 686 2338 nunquam
702 2284 934 2337 peccandi
950 2284 1194 2336 proposito
1211 2295 1261 2324 se
1279 2283 1338 2323 ad
1355 2282 1507 2323 Deum
1529 2286 1824 2321 conuertens.

264 2359 381 2399 Tres
403 2371 515 2398 uero
537 2359 732 2398 iuvenes
753 2356 1004 2407 florentini,
1029 2356 1108 2407 qui
1139 2367 1188 2395 se
1224 2354 1398 2395 mutuis
1420 2353 1692 2393 uulneribus
1713 2352 1827 2404 peti-

185 2436 366 2481 uerant,
393 2442 419 2469 a
441 2429 681 2480 concione,
705 2428 918 2480 deposito
940 2427 1061 2477 odio,
1086 2427 1134 2467 111
1164 2426 1413 2478 pristinam
1444 2425 1650 2475 gratiam
1679 2423 1833 2463 redie-

186 2508 307 2542 runt.
337 2501 525 2542 Addam
550 2506 798 2552 praeterea
830 2499 955 2551 quod
988 2499 1188 2550 amplius
1216 2497 1308 2537 XX
1336 2496 1521 2542 milites,
1555 2496 1603 2535 in
1637 2494 1826 2534 uincula

188 2572 404 2623 coniecti,
428 2571 521 2612 Rfli
543 2571 593 2612 P.
616 2571 782 2624 Jacobi
801 2571 966 2611 fauore
988 2570 1164 2610 exitum
1187 2581 1242 2609 36
1269 2569 1532 2609 libertatern
1553 2564 1830 2616 consequuti

189 2650 312 2694 sunt3
336 2643 475 2694 pauci
497 2653 680 2694 quoque
702 2642 909 2682 eiusdem
934 2641 1215 2682 conditionis
1236 2641 1341 2690 uiri,
1366 2638 1425 2679 ad
1445 2639 1659 2678 triremes
1691 2647 1828 2687 agen-

191 2716 277 2755 das
299 2713 533 2764 destinati,
557 2713 705 2765 ipsius
738 2712 893 2753 Patris
915 2724 1075 2763 opera,
1108 2718 1206 2752 tum
1227 2710 1276 2752 P.
1311 2709 1541 2751 Ludouici
1562 2719 1691 2758 cura,
1723 2719 1828 2747 con-

193 2788 405 2826 stitutam
426 2784 636 2825 criminis
657 2785 882 2824 mulctam
903 2788 1173 2824 euaserunt.

274 2856 455 2897 Verum
474 2861 524 2896 ut
547 2855 606 2895 ad
627 2866 698 2906 ea,
731 2866 850 2906 quae
880 2861 988 2894 sunt
1009 2854 1146 2894 huius
1174 2852 1373 2904 Collegii
1400 2851 1646 2903 propriora
1676 2850 1831 2890 1161113-

195 2940 314 2979 mus,
338 2934 435 2968 tres
466 2927 673 2977 iuuenes,
696 2925 855 2965 habita
891 2925 1021 2977 prius
1052 2936 1078 2964 3
1105 2924 1157 2964 T.
1188 2923 1242 2963 R.
1273 2923 1321 2963 P.
1341 2922 1494 2973 uenia,
1519 2922 1566 2962 in
1587 2933 1840 2962 numerum*
