2028 3328
868 96 952 133 AN.
983 97 1073 134 1554
1268 90 1270 92 V
1722 101 1790 137 103

147 203 210 231 no
243 203 298 232 ac
329 192 429 232 Deo
460 203 543 232 suo
573 191 892 242 militaturum,
918 201 1056 244 quem
1080 205 1104 233 e
1132 194 1275 234 tantis
1304 194 1532 234 hactenus
1565 195 1788 246 periculis

146 263 451 303 liberatorem
472 263 631 303 sensit.

227 333 428 384 Quidam
449 334 568 374 alius
587 344 789 383 seruam,
815 333 873 373 ob
895 334 1056 374 nescio
1079 334 1190 386 quid
1211 335 1269 374 ab
1287 346 1341 375 ea
1363 335 1682 386 commissum,
1718 337 1787 376 in-

139 404 352 444 numeris
367 404 496 455 prius
513 415 596 455 per
616 409 767 444 totum
787 414 959 455 corpus
983 403 1207 445 afflictam
1234 405 1388 456 plagis
1419 416 1686 457 magnoque
1711 418 1785 446 ca-

146 482 363 515 tenarum
398 475 603 526 pondere
634 474 953 525 constrictam,
988 474 1035 514 in
1068 475 1376 516 subterranea
1404 476 1607 527 quadam
1644 477 1784 517 domo

136 557 283 597 vsuper
304 546 478 586 nudam
495 546 686 587 humum
706 545 858 597 ipsam
880 545 1021 586 etiam
1050 546 1226 586 nudam
1247 552 1292 587 et
1322 546 1497 599 absque
1525 548 1620 588 vllo
1651 547 1783 588 indu-

140 622 406 657 mentorum
427 627 602 668 genere
631 614 802 667 conjici
826 615 988 667 jussit,
1019 617 1098 657 vbi
1129 623 1261 658 tanta
1282 628 1397 669 erga
1425 618 1553 658 illam
1583 619 1780 659 saeuitia

135 688 382 736 Vtebatur,
418 694 468 728 ut
497 687 594 739 jam
625 688 762 729 morti
798 688 1016 738 proxima
1051 694 1190 729 esset.
1228 688 1364 741 Quod
1401 701 1508 730 cum
1540 690 1731 742 quidam
1752 703 1776 731 e

138 759 315 799 nostris
332 758 549 800 Patribus
576 759 870 810 resciuisset,
904 765 1043 811 atque
1065 771 1120 800 eo
1148 771 1198 800 se
1225 760 1521 812 contulisset,
1553 761 1679 801 omni
1705 762 1780 802 ille

134 829 322 879 <diuino
343 830 589 881 beneficio)
608 830 945 871 inhumanitate
967 831 1196 882 deposita,
1221 843 1276 872 ac
1304 832 1352 872 in
1372 832 1779 873 mansuetudinem

135 907 448 952 commutata,
479 903 652 943 lectum
677 913 843 943 seruae
869 913 1031 942 coram
1051 902 1152 954 ipso
1186 902 1326 943 Patre
1355 903 1544 952 strauit,
1577 904 1775 944 catenis-

135 983 233 1023 ·que
271 973 404 1023 solui,
430 984 486 1013 ac
520 973 771 1024 medicum,
810 973 889 1024 qui
911 973 953 1013 ei
987 973 1280 1014 curationem
1311 973 1576 1025 adhiberet,
1612 976 1776 1016 uocari

137 1047 288 1099 Jussit.
313 1048 515 1090 Tantam
537 1049 659 1090 enim
675 1048 772 1101 jam
792 1049 914 1090 illius
936 1061 1108 1101 corpus
1129 1049 1424 1102 putredinem
1451 1056 1776 1102 contraxerat,

140 1126 191 1159 vt
219 1119 314 1170 Vix,
338 1120 478 1160 etiam
506 1120 706 1161 occlusis
727 1120 933 1172 naribus,
964 1132 1023 1161 ex
1043 1121 1146 1172 ipsa
1167 1120 1414 1173 putredine
1435 1133 1663 1162 emanans
1683 1122 1778 1163 foe-

138 1196 215 1230 tor
234 1191 428 1232 tolerari
448 1197 623 1243 posset.

220 1260 326 1302 Duo
342 1262 453 1303 item
470 1263 562 1313 alii,
577 1263 784 1314 peccatis
799 1269 931 1304 tanta
943 1264 1243 1305 inhaerentes
1255 1265 1527 1316 pertinatia,
1546 1271 1596 1306 ut
1615 1277 1779 1306 eorum

134 1333 259 1373 >alter
280 1344 390 1383 vna,
414 1334 531 1374 alter
564 1346 677 1375 uero
699 1334 879 1375 duabus
915 1336 1384 1376 excommunionibus
1408 1348 1435 1376 a
1464 1342 1656 1377 sanctae
1683 1348 1779 1377 ma-

132 1404 224 1444 tris
253 1404 493 1445 Ecclesiae
513 1406 695 1456 gremio
716 1412 962 1457 separatus
983 1413 1126 1458 esset,
1157 1405 1367 1458 ejusdem
1387 1407 1541 1448 Patris
1568 1408 1776 1459 alloquu-

130 1475 267 1515 *tione
289 1475 465 1524 (diuina
486 1475 809 1517 misericordia
824 1478 1038 1529 permoti,
1058 1478 1183 1519 omni
1199 1479 1277 1519 illa
1294 1479 1546 1530 pertinatia
1562 1477 1772 1530 rejecta),

135 1552 335 1597 peccata
355 1546 470 1587 fassi
497 1553 619 1588 sunt.

220 1617 366 1658 Multa
383 1624 490 1659 sunt
507 1619 612 1670 alia,
627 1618 680 1659 R.
700 1619 747 1659 in
764 1619 948 1660 Christo
966 1619 1034 1671 P.,
1053 1626 1316 1661 memoratu
1334 1626 1460 1661 certe
1480 1620 1639 1673 digna,
1658 1632 1779 1673 quae

139 1688 228 1730 hac
264 1690 327 1739 (si
354 1690 402 1730 in
428 1690 664 1742 publicum
699 1690 835 1731 edere
869 1691 1052 1741 liceret)
1089 1692 1360 1733 scriberem.
1399 1693 1681 1734 Benedictus
1719 1694 1778 1734 sit

138 1760 370 1801 bonorum
391 1762 597 1802 omnium
617 1761 813 1812 largitor
833 1761 1079 1804 Dominus,

217 1831 430 1883 Quatuor
450 1833 523 1873 his
543 1845 690 1886 prope
711 1835 882 1887 elapsis
914 1835 1165 1886 mensibus,
1199 1841 1379 1887 septem
1414 1836 1462 1876 in
1483 1835 1694 1888 Collegio
1718 1837 1778 1877 ad

129 1902 418 1944 ‘Societatem
439 1904 634 1945 admissi
654 1911 781 1956 sunt,
801 1918 825 1947 e
841 1906 1008 1958 quibus
1024 1907 1119 1948 iam
1134 1913 1338 1958 quatuor
1355 1907 1402 1947 in
1417 1907 1653 1948 secundae
1671 1919 1756 1959 pro
1767 1931 1778 1936 -

131 1975 337 2016 'nationis
372 1975 534 2026 dom0,
559 1983 656 2016 tres
683 1977 762 2017 alii
786 1977 834 2018 in
854 1978 1034 2030 primae
1064 1983 1270 2018 manent.
1301 1977 1374 2018 Ex
1408 1978 1464 2018 iis
1486 1979 1698 2019 nonnulli
1728 1979 1777 2019 in

128 2045 383 2087 Societatis
398 2046 634 2099 Collegiis‚
652 2047 835 2089 Eborae
852 2060 907 2089 ac
926 2048 1200 2101 Vlisiponae
1217 2049 1334 2100 sitis,
1356 2049 1504 2089 literis
1521 2049 1775 2091 vacabant.

132 2117 294 2170 Neque
314 2124 492 2169 tamen,
515 2119 606 2159 nisi
626 2119 775 2171 prius,
800 2125 845 2160 et
871 2120 1067 2172 epistola
1095 2121 1237 2160 allata
1266 2127 1311 2161 et
1343 2132 1370 2160 a
1398 2120 1674 2172 parentibus
1696 2121 1778 2162 im-

131 2194 316 2240 petrata
337 2190 494 2241 copia,
518 2189 712 2230 admissi
740 2196 861 2231 sunt.
900 2190 1033 2242 Quae
1068 2191 1132 2231 illi
1154 2198 1251 2232 tam
1285 2191 1534 2243 diligenter
1558 2191 1774 2244 expedie-

128 2266 264 2312 runt,
287 2266 338 2301 ut
358 2261 566 2302 ardentis
584 2261 771 2302 Christo
788 2262 1023 2303 seruiendi
1044 2261 1264 2303 desiderii
1282 2263 1399 2303 satis
1421 2262 1613 2304 euidens
1635 2274 1772 2314 prae-

130 2332 317 2372 buerint
344 2333 679 2373 testimonium.

210 2403 282 2444 Ex
316 2403 389 2444 his
424 2403 614 2456 quidam
645 2415 751 2444 cum
783 2404 903 2456 Regi
936 2405 1208 2456 inseruiret‚
1245 2405 1506 2446 faciliorem
1541 2418 1648 2447 eam
1669 2417 1772 2447 esse

129 2474 257 2515 Viam
278 2476 488 2526 credens,
513 2482 562 2515 ut
583 2475 630 2515 in
650 2474 932 2517 Societatem
963 2477 1273 2529 reciperetur,
1298 2477 1338 2518 si
1366 2477 1414 2518 in
1440 2483 1603 2518 nostro
1627 2477 1774 2519 Colle-

120 2546 207 2597 gio
229 2545 498 2598 Olisiponae
519 2547 665 2587 literis
695 2557 889 2598 operam
921 2554 1140 2599 nauaret‚
1179 2560 1408 2589 concessa
1440 2561 1467 2589 a
1497 2549 1773 2601 parentibus

126 2621 377 2670 Vtrumque
397 2617 600 2658 faciendi
620 2623 872 2669 potestate,
907 2618 1150 2659 literarum
1177 2618 1333 2660 studia
1368 2619 1416 2660 in
1433 2619 1600 2660 eodem
1623 2619 1775 2661 Colle-

124 2688 205 2739 gio
225 2700 321 2729 non
340 2689 485 2730 multo
502 2695 712 2740 tempore
733 2695 940 2730 sectatus
961 2695 1051 2741 est;
1077 2690 1241 2742 paucis
1262 2691 1386 2731 enim
1413 2697 1579 2743 postea
1608 2691 1772 2732 diebus

117 2759 401 2801 existimans
421 2761 574 2801 nullos
595 2772 654 2801 ex
675 2760 752 2811 iis,
775 2760 918 2812 quiin
934 2759 1185 2802 Societatis
1202 2762 1427 2814 Collegiis
1444 2769 1770 2814 versarentur,

124 2830 248 2871 intra
269 2831 483 2873 eamdem
503 2830 789 2872 Societatem
809 2831 1014 2884 admitti,
1038 2844 1095 2873 ne
1116 2839 1214 2873 tam
1235 2833 1508 2875 ardentibus
1525 2833 1771 2875 desideriis

118 2912 152 2941 a
175 2903 425 2955 concupita
445 2914 495 2943 re
515 2902 798 2955 priuaretur,
821 2901 912 2943 huc
935 2914 984 2943 se
1006 2902 1355 2945 Conimbricam
1377 2904 1436 2946 ad
1455 2916 1654 2958 operam
1670 2906 1772 2948 lite-
