2028 3328
141 141 214 178 ⁴233
656 137 884 174 LITTERAE
911 145 1270 179 QUADRIMESTRES

138 238 294 277 dierat
332 235 587 287 'praeterea
626 233 972 284 philosophiam
1012 232 1402 284 quaestionesque
1451 228 1780 269 confessarias.

140 309 366 348 Laetatus
402 311 471 346 est
502 305 805 344 vehementer
834 304 883 343 P.
911 303 1117 356 Joannes
1152 302 1351 350 Nonius,
1377 306 1626 352 propterea
1659 299 1781 350 quod

139 380 188 419 in
216 390 269 418 ea
300 378 493 428 regione
526 388 642 428 opus
673 382 743 416 est
770 375 1036 415 hominibus
1070 374 1233 425 peritis
1265 371 1463 412 canendi
1493 370 1780 410 celebrandi-

142 461 231 501 que
259 449 417 489 diuina
446 448 611 488 officia.
636 447 838 487 Necesse
869 452 938 486 est
971 451 1213 497 praeterea
1237 443 1564 483 Patriarcham
1592 452 1780 481 sacrum

136 521 298 560 facere
329 519 524 559 solemni
560 518 892 570 pontificioque
921 522 1176 568 apparatu;
1208 526 1351 565 quare
1386 513 1501 553 nihil
1534 518 1719 563 poterat
1743 514 1785 553 ei

137 591 322 642 gratius
353 589 582 629 accidere.
620 588 850 629 Postridie
885 599 1026 639 quarn
1054 586 1188 626 electi
1224 591 1330 624 sunt
1358 584 1486 623 Venit
1520 582 1666 623 frater
1699 582 1783 622 Co-

142 661 393 710 nimbrica,
418 671 500 711 per
532 671 668 711 quem
699 659 955 710 scripserat
983 657 1042 697 ad
1062 656 1112 696 P.
1136 656 1367 696 Mironem
1388 661 1438 694 Vt
1467 654 1554 693 sibi
1581 659 1782 705 potesta-

139 740 233 772 tem
265 731 442 771 faceret
477 730 805 782 proficiscendi
833 730 892 769 ad
921 728 1185 769 Pretiosum
1214 725 1457 778 Joannem.
1494 725 1660 765 Frater
1696 723 1779 763 Pa-

140 803 315 844 scualis
346 808 446 842 erat
476 802 684 842 Eborae:
717 802 756 841 is
786 801 864 840 diu
899 799 1101 851 praefuit
1130 798 1288 849 pueris
1323 796 1570 848 orphanis:
1595 795 1781 835 videtur

144 874 349 914 maxime
388 872 774 913 accommodatus
805 872 893 912 illis
914 870 1153 922 gentibus,
1179 868 1302 920 apud
1335 879 1450 919 quas
1486 868 1627 907 etiam
1654 866 1789 917 pueri

141 951 250 985 sunt
271 943 560 984 instituendi.
586 943 882 994 Quamquam
904 943 987 982 hos
1010 940 1251 991 eligendos
1273 939 1514 979 statuisset
1536 937 1780 987 Dominus,

142 1016 301 1057 multis
336 1022 492 1055 tamen
529 1014 730 1065 largitus
762 1020 830 1053 est
867 1012 1099 1053 desideria
1134 1009 1486 1062 proficiscendi,
1519 1009 1563 1049 id
1602 1008 1725 1060 quod
1762 1020 1789 1048 a

143 1087 193 1127 P.
216 1087 397 1127 Mirone
418 1085 781 1135 contenderunt,
801 1084 968 1136 quibus
986 1083 1113 1123 Deus
1135 1093 1219 1133 pro
1241 1081 1410 1121 talibus
1430 1080 1554 1120 Votis
1574 1079 1780 1130 gratiam

144 1158 450 1198 nihilominus
490 1157 677 1196 referet.
716 1155 994 1207 Propediem
1040 1164 1284 1205 speramus
1333 1162 1495 1192 omnes
1533 1150 1774 1190 affuturos.

144 1228 397 1269 Domicilia
419 1239 567 1279 nuper
589 1226 836 1267 aedificata
867 1225 1082 1265 omnibus
1114 1223 1368 1263 sufficiunt:
1394 1223 1505 1262 item
1532 1222 1783 1273 eleemosy-

144 1312 258 1351 nae,
283 1300 347 1339 ita
372 1304 419 1338 ut
448 1310 541 1338 non
568 1298 627 1338 sit
656 1309 773 1349 opus
808 1297 952 1347 regiis
980 1295 1217 1347 impensis.
1242 1293 1549 1345 Nauigationi
1574 1304 1787 1333 necessa-

143 1372 215 1411 ria
243 1376 592 1422 comparantur:
616 1369 843 1420 praefecti
869 1368 1062 1408 nauium
1093 1365 1359 1406 Indicarum
1381 1365 1684 1405 vehementer
1705 1375 1779 1404 cu-

151 1443 282 1494 piunt
311 1453 391 1482 eos
422 1453 581 1481 secum
607 1440 802 1490 vehere,
830 1439 1192 1489 venientesques
1223 1437 1282 1477 ad
1309 1448 1395 1476 nos
1430 1447 1532 1476 sese
1571 1435 1788 1485 offerunt,

151 1524 301 1565 neque
337 1513 529 1563 iniuria;
559 1512 732 1552 habent
766 1511 889 1551 enim
923 1521 1104 1559 secum,
1131 1509 1288 1561 quiet
1322 1508 1410 1547 sibi
1445 1513 1489 1547 et
1522 1507 1790 1547 vectoribus

150 1584 424 1625 inseruiant.
448 1583 551 1623 Hoc
572 1583 759 1623 interim
781 1582 933 1634 spatio
955 1580 1182 1620 docentur
1204 1591 1230 1619 a
1252 1579 1499 1619 sacerdote
1521 1578 1669 1618 nostri
1687 1577 1789 1618 Col-

152 1655 281 1707 legii,
306 1655 384 1707 qui
406 1667 488 1706 per
510 1654 598 1694 hos
619 1653 717 1694 dies
739 1653 798 1693 ad
828 1664 915 1692 nos
945 1664 994 1692 se
1016 1651 1235 1702 contulit,
1265 1649 1475 1701 linguam
1501 1649 1788 1698 hebraicam,

152 1727 278 1779 quod
320 1727 410 1766 illis
454 1726 664 1778 partibus
698 1724 916 1764 videatur
956 1722 1246 1772 necessaria,
1289 1728 1482 1773 propter
1522 1720 1794 1760 affinitatem

152 1810 292 1850 quam
314 1798 453 1837 habet
476 1809 581 1837 cum
604 1796 864 1836 chaldaica.

230 1869 405 1918 Locus,
436 1869 484 1908 in
511 1879 601 1920 quo
632 1867 920 1917 habitamus,
945 1871 1015 1905 est
1043 1864 1297 1904 admodum
1332 1863 1720 1904 accommodatus
1750 1869 1795 1902 et

152 1940 366 1981 salubris:
388 1946 503 1989 erat,
524 1944 778 1990 antequam
794 1938 884 1977 huc
902 1936 1339 1987 commigraremus,
1360 1934 1588 1975 desertus:
1613 1933 1799 1974 adiace-

151 2012 263 2052 bant
298 2011 440 2060 horti,
481 2010 654 2050 oliueta
688 2015 734 2049 et
769 2007 1085 2059 sterquilinia:
1122 2018 1247 2046 nunc
1282 2011 1620 2046 construuntur
1656 2005 1798 2044 aedes

153 2083 343 2123 multae:
367 2082 542 2121 oliueta
563 2081 683 2121 vicis
706 2079 892 2120 cedunt:
917 2078 1121 2119 curritur
1143 2077 1343 2128 denique
1361 2077 1407 2117 in
1430 2075 1624 2116 odorem
1646 2075 1797 2115 suaui-

152 2154 278 2194 tatis.
317 2153 598 2193 Benedictus
631 2150 776 2191 Deus.
814 2149 1099 2190 Referebant
1135 2149 1325 2200 quidam
1361 2147 1562 2197 aedituo,
1601 2152 1797 2196 agentes

154 2225 335 2276 gratias
356 2224 471 2274 Deo,
497 2235 545 2263 se
566 2229 665 2263 tum
692 2222 878 2262 demum
898 2220 1042 2261 fuisse
1065 2219 1368 2269 christianos,
1392 2218 1472 2258 vbi
1493 2217 1657 2257 Patres
1688 2217 1797 2257 huic

153 2296 355 2336 viciniae
378 2295 766 2345 commigrarunt.
790 2292 936 2332 Multo
957 2292 1116 2342 plures
1140 2290 1449 2339 confluerent,
1475 2288 1513 2328 si
1543 2294 1665 2328 esset
1687 2293 1798 2328 tem-

156 2368 283 2418 plum
305 2366 526 2418 amplius,
550 2366 659 2405 licet
686 2376 780 2404 non
810 2362 1004 2415 perinde
1032 2367 1286 2413 angustum
1314 2361 1388 2401 sit.
1412 2360 1570 2409 Nunc,
1596 2359 1697 2399 Deo
1721 2371 1799 2398 vo-

156 2439 301 2488 lente,
333 2437 563 2477 iacientur
597 2435 903 2476 fundamenta
938 2433 1132 2473 alterius
1167 2432 1385 2483 maioris,
1416 2431 1548 2471 cuius
1584 2429 1798 2470 aedifica-

158 2508 272 2549 tioni
292 2508 520 2548 missurus
543 2513 612 2547 est
634 2518 692 2546 ex
721 2506 853 2546 India
883 2506 1092 2556 Legatus
1113 2504 1258 2555 Regis
1287 2503 1519 2543 maximas
1546 2502 1798 2551 eleemosy-

160 2591 266 2630 nas,
300 2584 487 2630 praeter
522 2590 623 2628 eas,
661 2589 779 2629 quae
809 2576 899 2617 Dei
937 2575 1226 2626 benignitate
1267 2574 1342 2614 hic
1382 2572 1797 2624 comparabuntur.

159 2650 447 2691 Habitabant
465 2649 539 2689 hic
562 2655 698 2688 antea
716 2647 949 2688 foeminae
970 2658 1137 2698 parum
1154 2646 1395 2695 honestae,
1415 2655 1532 2695 quas
1549 2643 1683 2682 iussit
1702 2642 1803 2683 Rex

162 2733 245 2773 per
272 2720 578 2772 magistratus
604 2719 711 2759 hinc
747 2718 1028 2769 semigrare,
1052 2721 1371 2768 repugnantes
1399 2725 1591 2754 carcere
1618 2721 1661 2753 et
1689 2715 1803 2753 mul-

161 2792 250 2832 ctis
278 2792 327 2832 in
356 2790 566 2831 ordinem
596 2789 832 2840 redigere,
856 2788 981 2840 quod
1011 2787 1190 2828 factum
1221 2792 1312 2836 est3
1335 2785 1383 2825 in
1414 2796 1612 2836 quarum
1647 2785 1803 2824 locum

162 2863 421 2904 succedunt
449 2862 676 2902 honestae
696 2860 917 2900 familiae.

241 2934 294 2975 In
314 2934 478 2975 Africa
500 2932 594 2984 (vbi
615 2931 663 2972 P.
687 2933 893 2985 Joannes
913 2929 1093 2971 Nonius
1117 2926 1321 2980 [fuerat],
1346 2927 1423 2979 qui
1444 2926 1722 2967 Patriarcha
1745 2926 1805 2966 ad
