2028 3328
227 185 299 223 558
741 183 967 220 LITTERAE
994 192 1352 226 QUADmMEsrREs

231 294 289 323 ex
311 282 466 322 multis
487 291 818 332 proponamus,
839 285 939 320 erat
955 280 1028 319 vir
1046 279 1234 330 quidam
1247 277 1498 317 admodum
1513 275 1756 325 factiosuS,
1781 276 1858 326 qui

231 365 404 405 graues
421 352 689 392 inimicitias
711 351 975 400 exercebat,
996 352 1340 399 multorumque
1359 348 1637 399 sanguinem
1655 346 1861 398 quotidie

231 425 432 475 sitiebat,
457 435 691 476 quumque
712 423 750 462 is
773 423 829 462 ab
857 435 950 462 vno
978 434 1035 461 ex
1065 421 1238 460 nostris
1267 420 1484 460 Patribus
1509 425 1560 458 vt
1580 424 1760 458 tantam
1781 418 1861 457 im·

231 497 453 548 pietatem
475 495 729 545 deponeret
751 494 1079 544 impelleretur,
1107 502 1360 542 numquam
1380 490 1470 541 piis
1503 489 1693 529 monitis
1715 489 1862 529 voluit

234 569 549 620 acquiescere,
574 571 681 606 tunc
704 564 842 604 Pater
865 566 939 604 1116
961 563 1154 603 addidit:
1181 562 1294 601 “nisi
1321 562 1411 601 hoc
1440 560 1622 610 feceris,
1646 560 1778 600 breui
1800 560 1862 599 di-

232 641 391 680 uinam
411 641 636 679 Vltionem
658 637 956 689 experieriS,‚:
977 646 1117 686 quarn
1139 632 1551 673 comminationem
1568 632 1642 671 ille
1661 636 1861 670 contem-

234 712 325 763 psit
354 719 398 751 et
427 710 721 751 obstinatiori
749 709 902 748 animo
936 707 981 746 in
1011 711 1206 757 peccato
1239 703 1573 755 perseuerauit.
1606 702 1697 743 Sed
1727 702 1865 742 Pater

235 783 664 824 misericordiarum
696 788 739 820 et
767 780 895 819 Deus
923 777 1064 817 totius
1086 775 1441 824 consolationis,
1467 774 1546 826 qui
1575 776 1674 813 vult
1705 785 1867 813 omnes

237 855 448 894 homines
479 854 635 892 saluos
666 852 779 899 fieri,
812 857 861 889 vt
893 849 1020 888 illum
1052 848 1271 887 educeret
1301 846 1356 886 de
1388 846 1593 885 tenebris
1627 851 1669 885 et
1700 845 1865 885 vmbra

234 926 412 973 mortis,
438 924 765 964 ardentissima
787 922 903 962 febri.
925 920 1160 960 hominem
1178 918 1403 966 visitauit,
1427 917 1489 957 ita
1503 926 1553 957 Vt
1575 917 1696 957 inter
1713 917 1867 957 incen-

236 997 313 1037 dia
333 1002 528 1036 mortem
551 995 691 1034 etiarn
712 993 1053 1033 extimesceret.
1076 990 1152 1030 Ad
1172 990 1407 1029 saniorem
1422 989 1564 1039 igitur
1582 994 1781 1028 mentem
1800 999 1866 1028 re-

237 1079 417 1115 uersus,
448 1078 637 1106 manum
665 1064 855 1104 Domini
883 1062 1092 1113 agnouit,
1123 1066 1181 1110 et,
1209 1060 1462 1100 verborum
1492 1058 1646 1099 Patris
1673 1070 1866 1106 memor,

239 1140 366 1179 illum
383 1149 556 1188 magna
580 1136 825 1176 deuotione
847 1133 1032 1183 acciuit,
1056 1138 1100 1172 et
1122 1143 1228 1172 cum
1250 1131 1506 1171 abundanti
1528 1130 1663 1181 copia
1684 1130 1870 1180 lachry-

239 1222 421 1250 marum
450 1200 644 1260 p‘eccata
668 1218 750 1246 sua
775 1212 844 1245 est
872 1204 1128 1251 confessus,
1165 1214 1442 1253 omnemque
1473 1201 1686 1241 odiorum
1715 1212 1869 1240 cumu-

240 1283 334 1322 lum
357 1280 539 1320 abiecit:
565 1291 683 1330 quae
712 1289 787 1317 res
808 1283 851 1316 et
882 1276 946 1316 illi
967 1276 1056 1326 ipsi
1077 1281 1120 1314 et
1143 1274 1245 1314 aliis
1274 1274 1432 1313 multis
1460 1273 1717 1323 perfectam
1745 1272 1871 1312 laeti-

239 1355 354 1394 tiam
378 1350 684 1402 comparauit.

321 1423 478 1464 Solent
506 1423 669 1462 Patres
692 1432 746 1460 ac
766 1420 936 1459 fratres
958 1416 1222 1458 huiusmodi
1244 1416 1649 1456 exhortationibus
1677 1421 1721 1454 et
1751 1413 1870 1454 infir-

242 1507 425 1536 morum
446 1493 793 1535 visitationibus
820 1491 921 1530 Deo
952 1496 996 1530 et
1024 1489 1253 1541 proximis
1279 1487 1474 1528 fideliter
1506 1476 1765 1536 desei-uire,
1796 1486 1873 1526 tri·

241 1567 542 1616 buissentque
565 1564 785 1603 continuo
805 1562 927 1601 hanc
948 1572 1139 1612 operam
1166 1559 1443 1610 degentibus
1464 1558 1509 1597 in
1530 1557 1765 1608 hospitali,
1786 1557 1876 1597 nisi

244 1638 459 1690 publicae
480 1648 535 1675 ac
557 1635 770 1687 priuatae
792 1632 1124 1684 occupationes
1146 1630 1450 1671 obstitissent.
1485 1629 1553 1669 Ea
1575 1635 1732 1668 tamen
1762 1640 1875 1668 cura

245 1708 527 1749 demandata
550 1714 618 1746 est
652 1711 851 1757 quatuor
879 1702 1203 1744 sacerdotibus
1229 1701 1502 1750 lauretanis,
1535 1700 1628 1750 qui,
1660 1700 1877 1751 quamuis

243 1779 546 1820 concionibus
569 1784 612 1817 et
640 1775 1044 1817 adhortationibus
1075 1785 1168 1813 non
1199 1784 1254 1812 ea
1277 1772 1432 1812 omnia
1465 1778 1718 1823 praestent,
1754 1783 1873 1822 quae

244 1851 393 1891 nostri
428 1856 669 1901 praestare
705 1848 930 1895 solebant,
964 1846 1029 1886 ita
1057 1851 1214 1885 tamen
1243 1856 1292 1883 se
1327 1850 1511 1893 gerunt,
1545 1850 1595 1882 vt
1626 1843 1878 1882 commisso

245 1921 425 1962 muneri
447 1920 720 1960 satisfacere
741 1919 1007 1958 videantur.

323 1993 373 2032 In
394 1993 566 2042 templo
588 1990 895 2031 Beatissimae
911 1987 1123 2038 Virginis
1140 1987 1328 2026 habitae
1346 1991 1453 2025 sunt
1475 1985 1726 2024 conciones
1749 1990 1877 2035 quot-

244 2070 355 2115 quot
377 2063 540 2103 haberi
562 2062 735 2112 placuit
757 2060 958 2101 Domino
983 2058 1300 2099 Gubernatori
1325 2056 1349 2097 ¹:
1373 2057 1420 2096 in
1442 2056 1592 2096 media
1624 2056 1764 2095 etiam
1787 2056 1881 2106 pla-

246 2141 322 2175 tea
344 2135 452 2174 etin
483 2134 667 2185 porticu
694 2131 857 2184 palatii
885 2129 1153 2170 concionati
1174 2134 1280 2168 sunt
1308 2127 1481 2167 fratres
1503 2132 1669 2166 contra
1699 2126 1882 2166 histrio-

245 2218 329 2246 nes
350 2212 394 2245 et
420 2205 721 2256 impostores,
752 2214 934 2242 necnon
963 2206 1127 2241 contra
1155 2199 1427 2239 saltantium
1457 2197 1705 2238 mulierum
1735 2204 1881 2237 cater-

247 2288 346 2316 uas.
372 2275 498 2316 Solet
520 2275 643 2314 enim
665 2274 863 2314 daemon
880 2273 926 2312 in
943 2271 1127 2323 magnis
1144 2270 1423 2322 populorum
1440 2268 1745 2308 concursibus
1763 2269 1883 2319 psal-

246 2348 439 2388 tatrices
473 2347 690 2386 mulieres
717 2345 775 2385 ad
805 2345 1002 2384 choreas
1037 2343 1101 2382 ita
1137 2341 1450 2387 inflammare,
1489 2339 1614 2380 Vtin
1648 2339 1880 2390 tripudiis,

249 2419 464 2459 cantibus
485 2424 529 2458 et
551 2416 759 2469 cytharis
786 2421 947 2455 noctes
973 2415 1212 2454 insomnes
1241 2411 1511 2457 traducant3
1535 2411 1746 2462 soletque
1776 2410 1884 2450 talis

252 2490 426 2530 abusus
455 2490 708 2529 multorum
738 2486 1070 2527 scandalorum
1102 2483 1349 2524 materiam
1378 2482 1756 2531 subministrare,
1789 2481 1885 2532 qui-

252 2561 352 2611 bus,
377 2566 602 2611 quantum
623 2560 668 2599 in
689 2559 822 2598 nobis
844 2564 926 2606 est,
951 2556 1144 2596 obviare
1166 2565 1421 2605 numquam
1442 2552 1712 2592 desinimus.

332 2631 596 2671 Literarum
619 2629 788 2679 studia,
812 2635 909 2669 tum
930 2628 1155 2668 librorum
1177 2624 1387 2677 penuria,
1411 2630 1510 2663 tum
1531 2623 1806 2663 tumultibus
1827 2634 1886 2662 ex

254 2707 404 2741 morte
426 2702 621 2741 duorum
642 2699 918 2740 Pontificum
945 2698 959 2717 ²
989 2697 1252 2746 concitatis,
1281 2701 1379 2736 tum
1406 2695 1605 2746 denique
1626 2693 1883 2733 mutatione

252 2772 394 2812 totius
415 2772 511 2812 fere
533 2771 729 2822 Collegii
750 2770 1042 2810 Recanatum
1060 2768 1074 2786 ³
1095 2773 1288 2820 propter
1320 2766 1443 2806 aeris
1468 2764 1791 2816 intemperiem
1821 2762 1889 2803 fa-

309 2907 317 2927 ¹
360 2906 496 2941 Gaspar
511 2907 551 2934 de
566 2906 697 2934 Doctis.
712 2906 799 2933 Vide
815 2905 963 2932 POLANCI
980 2904 1114 2938 Chron„
1128 2908 1156 2932 t.
1174 2910 1219 2938 1v,
1234 2910 1313 2938 pag.
1328 2902 1373 2937 46,
1393 2904 1508 2930 annot.
1524 2901 1549 2927 1.

310 2955 324 2974 Ξ
360 2954 439 2987 Julii
457 2954 502 2980 111
518 2958 551 2981 et
567 2953 718 2981 Marcelli
736 2953 781 2980 ΙΙ.

311 3002 325 3020 ⁵
363 3001 539 3031 Recanati,
555 3009 659 3035 prope
677 3000 892 3027 Adriaticum
908 3006 1010 3026 mare.
