2028 3328
223 209 292 246 590
737 209 963 245 LITTERAE
982 216 1339 250 QUADRnnEs'rREs

303 305 439 345 Pater
462 318 574 345 vero
602 305 837 344 Antonius
869 304 876 322 ¹
907 303 1067 344 sedulo
1099 302 1252 354 pergit
1282 307 1325 340 et
1355 301 1450 340 sere
1481 300 1698 339 assiduus
1720 305 1790 339 est
1814 300 1861 339 in

223 376 596 416 confessionibus
623 375 888 425 audiendis,
919 375 964 413 in
994 372 1400 421 communicando,
1430 371 1477 410 in
1507 370 1793 410 consolando
1817 376 1860 410 et

225 447 456 487 monendo
479 459 601 486 nunc
623 447 708 486 hos
729 458 852 485 nunc
881 445 999 493 illos,
1034 444 1078 483 in
1103 443 1337 482 visitando
1365 442 1686 482 incarceratos
1709 448 1754 481 et
1784 441 1859 481 de-

222 519 494 559 cumbentes
516 519 562 558 in
584 517 909 568 hospitalibus.
936 514 1161 555 Visitauit
1189 519 1233 553 et
1260 513 1358 564 ipse
1381 514 1523 553 semel
1547 520 1591 552 et
1608 513 1775 552 iterum
1792 514 1858 552 la-

222 591 445 630 borantes
480 595 609 640 peste
647 589 704 628 ab
743 587 956 627 omnibus
992 585 1087 624 fere
1124 584 1387 624 destitutos.
1424 584 1636 623 Misimus
1672 594 1860 634 quoque

225 663 352 702 illum
375 661 434 701 ad
456 661 636 711 aliquos
658 670 808 710 pagos
830 658 1012 697 vicinos
1033 656 1265 705 Tornaeo,
1290 655 1369 695 vbi
1391 656 1560 695 multos
1592 655 1730 694 Valde
1753 666 1858 694 con-

224 735 402 773 solatus
423 738 491 772 est
514 732 558 771 in
578 731 794 779 Domino,
820 736 861 768 et
884 735 1134 779 propterea
1157 727 1213 766 ab
1236 727 1325 766 illis
1347 726 1542 766 subinde
1566 726 1861 765 desideratur

225 811 268 844 et
290 809 555 843 reuocatur.

305 874 450 914 Porro
472 874 519 914 P.
547 873 795 924 Quintinus
818 871 830 889 ²
853 881 1037 921 semper
1068 869 1368 920 prosequitur
1390 875 1434 908 et
1465 869 1619 920 pergit
1650 869 1697 908 in
1718 867 1861 919 expli-
1885 875 1887 877 ’

225 946 376 987 canda
399 944 612 985 doctrina
632 942 889 983 christiana
908 941 1070 980 diebus
1087 939 1231 990 festis,
1253 940 1312 979 ad
1330 952 1470 991 quarn
1487 952 1581 979 non
1598 939 1736 991 pauci
1754 950 1860 978 con-

225 1017 386 1067 fluunt,
421 1014 698 1066 praesertim
721 1013 882 1053 diebus
901 1011 1162 1059 dominicis,
1192 1018 1235 1051 et
1259 1024 1283 1050 a
1308 1011 1535 1050 concione
1556 1010 1653 1050 fere
1677 1021 1863 1061 semper

224 1087 509 1128 conueniunt
531 1084 740 1125 nonnulli
762 1084 913 1135 ipsum
936 1094 1020 1134 pro
1043 1082 1238 1122 consilio
1260 1082 1490 1131 habendo,
1518 1082 1590 1121 vel
1608 1080 1861 1121 confessio·

224 1171 280 1199 ne
303 1157 531 1198 facienda.
556 1156 606 1196 In
629 1157 802 1207 templo
825 1154 991 1194 maiori
1014 1153 1336 1193 confessiones
1357 1153 1485 1192 audit
1515 1152 1724 1204 quotidie
1744 1152 1858 1202 fere,

224 1230 348 1270 vnde
372 1231 513 1268 multa
536 1228 660 1267 bona
694 1226 942 1278 prouenire
973 1225 1211 1277 perspicit,
1235 1225 1344 1264 dum
1375 1225 1543 1264 multos
1576 1224 1768 1274 ignaros
1798 1223 1862 1263 in-

226 1301 377 1349 struit,
401 1300 638 1339 desolatos
661 1299 946 1343 consolatur,
970 1296 1234 1336 haereticos
1257 1296 1315 1335 ad
1338 1295 1620 1334 catholicam
1642 1295 1861 1334 fidemre-

230 1373 370 1421 ducit,
392 1372 670 1411 vacillantes
693 1369 955 1409 confirmat.

305 1442 464 1483 Obiter
487 1443 598 1482 illud
621 1452 868 1481 recensere
890 1440 937 1479 in
960 1439 1115 1479 animo
1138 1445 1222 1488 est,
1247 1438 1372 1490 quod
1393 1438 1607 1490 proxime
1625 1444 1732 1478 ante
1752 1437 1865 1477 Pen-

225 1522 449 1555 tecostem
473 1513 683 1564 contigit.
720 1511 954 1552 Audiebat
986 1511 1085 1561 ipse
1118 1510 1363 1550 cuiusdam
1395 1509 1486 1549 viri
1508 1509 1694 1549 honesti
1722 1514 1767 1548 et
1790 1521 1865 1548 ca*

223 1586 383 1626 tholici
405 1586 470 1636 (vt
492 1583 766 1636 apparebat)
800 1582 1162 1623 confessionem:
1187 1581 1315 1621 venit
1336 1592 1521 1632 quoque
1542 1586 1587 1620 et
1614 1592 1734 1620 vxor
1757 1591 1864 1620 cum

224 1657 381 1697 multis
411 1656 583 1705 liberis,
617 1666 815 1707 quorum
845 1654 1052 1694 omnium
1084 1651 1457 1692 confessionibus
1480 1651 1666 1702 auditis,
1690 1651 1865 1702 reperit

225 1735 370 1769 totam
393 1728 488 1767 fere
510 1727 735 1767 familiam
758 1726 998 1765 erroribus
1028 1723 1137 1764 fidei
1158 1724 1482 1774 deprauatam3
1517 1723 1651 1762 cuius
1672 1721 1789 1762 duae
1819 1722 1864 1762 fi-

224 1800 313 1839 liae
336 1799 579 1850 imprimis,
606 1809 753 1837 annos
776 1804 915 1836 natae
933 1796 1121 1836 circiter
1138 1794 1322 1845 viginti,
1343 1800 1475 1834 erant
1494 1805 1687 1845 prorsus
1708 1805 1863 1833 sacra—

225 1871 483 1911 mentariae
505 1869 534 1909 ⁷¹:
558 1870 723 1919 maior,
750 1881 775 1908 a
798 1868 1003 1920 quodam
1024 1866 1396 1907 sacramentario
1415 1876 1654 1917 peruersa,
1677 1876 1865 1916 peruer-

224 1948 345 1982 terat
376 1941 620 1991 minorem,
654 1940 735 1980 sed
758 1952 852 1979 non
882 1938 1178 1979 abstinebant
1206 1949 1231 1978 a
1263 1936 1556 1977 confessione
1579 1942 1623 1976 et
1654 1947 1860 1976 commu-

224 2013 362 2052 nione
384 2024 497 2063 prae
519 2011 715 2063 pudore,
740 2011 959 2050 simulate
981 2015 1025 2049 et
1052 2008 1207 2048 minus
1235 2008 1417 2058 integre
1447 2006 1736 2057 confitentes
1770 2018 1866 2046 non

225 2083 469 2124 credentes
491 2094 541 2123 se
563 2082 693 2122 aliud
717 2081 957 2132 accepisse
979 2080 1026 2120 in
1047 2079 1374 2120 communione
1405 2089 1545 2130 quam
1566 2076 1768 2117 frustum
1789 2088 1867 2128 pa-

225 2154 311 2194 nis:
336 2154 442 2202 iam,
467 2154 569 2193 laus
594 2153 710 2203 Deo,
735 2159 780 2192 et
810 2151 1089 2192 confitentur
1120 2156 1164 2190 et
1191 2149 1539 2190 communicant
1560 2148 1791 2188 sincerius
1823 2154 1869 2188 et

225 2224 530 2276 frequentius,
567 2230 760 2275 totaque
790 2222 968 2263 familia
997 2221 1056 2262 ad
1086 2220 1223 2260 fidem
1256 2219 1537 2260 catholicam
1571 2224 1868 2270 mentemque

227 2308 391 2336 sanam
412 2296 563 2336 rediit.

309 2367 482 2408 Visitat
505 2372 748 2418 praeterea
784 2366 833 2406 in
863 2363 1084 2416 hospitali
1115 2363 1445 2403 decumbentes
1475 2368 1520 2401 et
1540 2361 1869 2402 incarceratos

227 2439 493 2489 frequenter
515 2450 607 2478 non
628 2443 842 2487 vocatUS‚
868 2442 913 2476 et
934 2434 1187 2486 aliquando
1209 2434 1350 2474 etiam
1371 2445 1398 2472 a
1427 2432 1680 2484 praefectis
1710 2444 1867 2472 carce-

226 2520 330 2548 rum
350 2515 563 2559 Vocatus‚
588 2520 698 2548 nam
720 2507 883 2559 paucis
905 2506 1078 2546 abhinc
1099 2505 1261 2545 diebus
1283 2505 1343 2544 ad
1363 2504 1614 2556 quemdam
1634 2516 1692 2543 ex
1713 2503 1863 2544 incar-

225 2580 397 2619 ceratis
419 2579 512 2631 (qui
535 2580 683 2619 vitam
706 2580 840 2630 plane
859 2578 1135 2618 dissolutam
1156 2582 1200 2616 et
1227 2576 1430 2615 alienam
1457 2587 1484 2615 a
1508 2575 1860 2615 christianismo

225 2650 426 2700 vixerat)
456 2650 740 2690 audiendum
768 2650 814 2689 in
847 2648 1141 2689 confessione
1172 2653 1369 2687 vocatus
1399 2640 1499 2697 fuit,
1538 2646 1646 2698 quia
1676 2646 1869 2686 nolebat

228 2720 455 2772 confiteri,
488 2728 567 2761 aut
594 2722 749 2773 potius
779 2732 873 2760 non
904 2720 1093 2760 valebat
1130 2719 1187 2759 ob
1224 2719 1469 2759 cerebrum
1504 2729 1788 2757 concussum
1824 2722 1872 2757 et

229 2792 441 2841 grauiter
463 2793 776 2840 vulneratum,
800 2791 879 2843 qui
900 2790 1103 2841 tandem,
1123 2789 1262 2830 Patre
1283 2789 1538 2839 instigante
1557 2794 1601 2828 et
1617 2789 1868 2838 clamante,

288 2926 296 2944 ¹
337 2926 374 2953 P.
391 2927 560 2954 Antonius
576 2927 731 2955 Bouclet.

286 2974 299 2992 2
336 2973 413 3007 Ipse
427 2975 623 3001 litterarum
639 2979 771 3001 auctor.

285 3019 302 3038 ⁵
338 3019 424 3046 Vide
440 3027 555 3055 supra,
570 3028 650 3055 pag.
664 3020 727 3048 253.
