2028 3328
875 75 957 111 AN.
982 74 1077 118 ,1554
1720 74 1791 111 21¹2·

155 174 408 224 adducam,
443 173 565 225 quod
585 172 694 213 Dux
715 170 981 221 caeterique
1002 169 1160 221 populi
1190 169 1401 221 primarii
1430 169 1557 209 ciues
1585 172 1786 220 postula-

155 250 264 285 runt
298 250 348 284 ut
378 244 465 284 sibi
497 244 587 284 hac
617 242 828 295 proxime
863 247 1062 280 ventura
1093 239 1456 291 quadragesima
1487 240 1786 280 concionare-

155 322 245 356 tur:
271 326 469 367 cumque
501 315 546 355 id
576 314 744 354 iterum
778 318 916 363 atque
948 311 1118 351 iterum
1148 322 1174 350 a
1195 310 1243 351 P.
1269 316 1433 350 nostro
1454 310 1709 350 Francisco
1731 311 1788 350 de

161 387 331 438 ssorgia
360 386 623 438 petiissent,
646 383 835 425 tandem
863 383 965 423 uoti
994 388 1233 434 compotes
1258 381 1371 422 facti
1392 387 1511 421 sunt.
1536 381 1654 421 Nam
1683 394 1785 422 con*

157 457 421 498 cionabitur
442 457 530 509 eis3
552 468 637 497 nec
660 456 759 496 sine
780 455 956 505 fructu,
981 460 1031 494 ut
1061 454 1107 493 in
1135 452 1338 493 Domino
1359 452 1657 502 confidimus,
1683 465 1787 493 con-

157 528 435 568 cionabitur:
461 529 501 568 is
522 528 643 568 enim
664 533 734 567 est
763 537 910 576 amor,
934 536 1024 576 quo
1046 524 1173 564 illum
1201 529 1563 576 prosequuntur,
1587 530 1635 563 ut
1656 524 1790 563 nobis

157 610 378 650 magnam
399 599 559 649 magni
574 598 753 639 fructus
772 597 1028 649 praebeant
1048 607 1196 647 spem.

239 670 328 721 Qui
362 670 422 710 ad
456 676 668 710 nostrum
702 668 960 719 Collegium
995 666 1246 717 accedunt,
1279 667 1530 706 confitendi
1562 667 1637 706 vel
1667 677 1787 706 com-

160 741 429 781 municandi
462 741 637 792 gratia,
663 745 730 780 tot
765 746 892 790 sunt,
915 745 965 779 ut
996 749 1145 790 neque
1175 739 1357 790 possint
1387 744 1545 788 patres
1577 737 1793 778 omnibus

158 811 454 863 satisfacere,
474 824 623 864 neque
644 816 834 863 possent
854 810 895 851 si
913 821 1007 850 non
1024 815 1180 850 essent
1202 810 1346 849 multo
1367 810 1540 860 plures.
1559 808 1647 849 Tot
1668 809 1792 848 enim

159 884 249 924 huc
273 884 503 924 accedunt
524 890 574 923 ut
597 896 623 923 a
643 882 816 923 nostris
836 881 1053 922 Patribus
1081 881 1346 931 audiantur,
1370 886 1419 920 ut
1447 880 1562 920 satis
1588 880 1795 920 indicent

158 966 342 995 summo
370 967 455 994 nos
488 966 648 994 amore
669 953 1009 1004 deuotioneque
1036 952 1271 1004 prosequi.
1307 951 1636 1003 Magnificetur
1664 951 1793 992 Chri-

159 1033 283 1077 stus,
313 1027 392 1078 qui
423 1027 549 1066 solus
579 1037 662 1077 per
691 1037 740 1065 se
771 1024 953 1065 cunctis
983 1023 1133 1064 amari
1163 1024 1332 1074 dignus
1362 1029 1446 1063 est.
1474 1022 1598 1063 Dum
1628 1022 1795 1062 Patres

164 1104 336 1138 uacant
372 1109 398 1137 a
434 1096 826 1148 confessionibus,
866 1095 1123 1136 inuisendis
1158 1107 1214 1135 ac
1251 1094 1550 1135 consolandis
1585 1094 1796 1145 aegrotis

161 1169 360 1220 aliisque
381 1169 470 1220 piis
492 1168 710 1220 operibus
731 1173 977 1208 conterunt
998 1173 1196 1219 tempus.
1220 1166 1384 1206 Patres
1405 1166 1669 1217 fratresque
1686 1177 1795 1205 cun-

105 1267 108 1271 «
163 1241 224 1281 cti
245 1240 450 1280 maximo
471 1240 657 1280 feruore
686 1239 731 1279 in
752 1238 1167 1279 exercitationibus
1194 1244 1291 1278 tam
1313 1237 1634 1289 spiritualibus
1655 1248 1797 1289 quam

162 1312 402 1352 litterariis
430 1316 757 1363 perseuerant:
793 1310 840 1350 in
869 1310 1034 1362 quibus
1064 1309 1396 1350 ardentissima
1422 1308 1798 1349 mortificationis

163 1383 446 1434 maiorisque
481 1382 737 1434 spiritualis
769 1381 1008 1433 profectus
1041 1380 1290 1433 desyderia
1325 1380 1676 1432 deprehendere
1702 1391 1797 1419 non

161 1462 231 1494 est
252 1454 449 1494 difficile.
474 1453 526 1494 In
547 1453 646 1493 dies
665 1453 836 1504 itaque,
861 1464 966 1493 cum
988 1453 1181 1492 ulterius
1198 1452 1578 1504 progrediantur,
1599 1461 1799 1502 magnos

161 1534 204 1565 et
227 1526 273 1565 in
294 1525 461 1565 litteris
484 1530 527 1565 et
548 1524 595 1564 in
616 1523 887 1575 uirtutibus,
913 1523 961 1564 in
981 1529 1142 1564 mutua
1170 1523 1419 1564 dilectione
1440 1521 1719 1575 praesertim
1741 1533 1798 1561 ac

161 1597 334 1638 eximia
355 1602 399 1637 et
422 1597 606 1647 integra
629 1595 906 1646 obedientia,
940 1595 1119 1636 faciunt
1144 1606 1443 1647 progressus.
1471 1594 1612 1635 Faxit
1639 1593 1796 1634 Domi-

160 1681 263 1719 nus,
287 1668 504 1720 precibus
521 1667 650 1707 Tuae
671 1666 772 1706 R.ae
792 1666 893 1707 Pstis
913 1666 1347 1718 interuenientibus,
1369 1672 1420 1706 ut
1439 1677 1525 1706 nos
1546 1666 1595 1706 in
1616 1665 1715 1706 dies
1737 1665 1798 1705 ad

161 1740 345 1781 maiora
366 1745 503 1780 uocet
524 1745 569 1778 et
589 1744 814 1790 prouocet
833 1738 1187 1790 prouehereque
1208 1738 1441 1790 dignetur.

242 1811 476 1861 Gandiae,
500 1810 651 1861 pridie
673 1808 893 1850 calendas
912 1809 1126 1863 Januarii
1146 1809 1258 1849 anni
1281 1809 1397 1849 1555.

242 1884 370 1924 Tuae
390 1881 515 1923 Rdae
537 1880 636 1921 Pstis
657 1880 877 1932 indignus
897 1880 945 1921 in
965 1880 1154 1922 Christo
1176 1891 1358 1931 seruus,

1073 2023 1312 2064 ANTONIUS
1346 2023 1627 2064 CORDESSES.

244 2240 598 2294 Superscrzptzo
619 2239 669 2279 z'n
688 2240 898 2279 secunda
913 2238 1123 2291 pagina:
1138 2201 1289 2290 Jesiis.
1308 2236 1370 2278 Al
1390 2248 1502 2288 muy
1522 2235 1625 2277 R.d0
1644 2236 1801 2277 Padre

164 2327 221 2354 cn
251 2313 439 2354 Christo
461 2313 503 2352 el
523 2311 574 2352 P.
592 2311 800 2351 Maestro
820 2310 1005 2362 Ignatio
1028 2309 1084 2350 de
1105 2309 1302 2361 Loyola,
1323 2308 1567 2360 Preposito
1590 2307 1799 2348 General

165 2387 221 2426 de
242 2387 286 2425 la
309 2384 568 2436 Compania
589 2382 645 2422 de
664 2381 816 2434 Jesus.
840 2381 1004 2422 Roma.

243 2455 357 2497 Alia
392 2466 552 2495 manu.
590 2453 691 2493 1555
725 2452 848 2503 (sic).
882 2451 1084 2493 Gandia.
1108 2452 1180 2492 De
1213 2451 1274 2492 M.
1297 2451 1509 2492 Antonio
1544 2450 1794 2500 Cordesse,

164 2528 307 2569 scrita
328 2528 492 2568 vltimo
513 2526 560 2566 di
581 2525 760 2565 Genaio
785 2524 794 2542 ¹
817 2523 916 2564 R.ta
936 2524 1016 2564 alli
1035 2524 1088 2563 25
1109 2523 1155 2564 di
1176 2523 1385 2574 Maggio.

244 2599 308 2639 Et
328 2598 441 2638 alia.
466 2597 641 2648 Quadr.

220 2761 227 2779 ¹
269 2759 335 2794 Sic;
351 2763 403 2787 est
419 2763 543 2792 tamen,
560 2761 596 2784 ut
610 2760 717 2791 patet,
739 2756 938 2784 Decembre.
