2028 3328
817 72 899 109 AN.
933 73 1022 119 1555
1673 70 1742 107 273

109 179 414 224 peccatorum
437 173 496 213 ad
515 170 849 224 poenitentiam
875 167 1138 216 conuersiO,
1159 173 1388 206 testantur
1411 166 1455 205 id
1480 166 1616 216 plane
1645 178 1738 206 non

111 243 329 284 minimae
360 244 614 284 lachrimae
644 249 688 282 et
713 240 937 292 gemitus,
976 238 1053 289 qui
1088 238 1133 277 in
1168 244 1329 277 nostro
1366 238 1536 287 templo
1565 237 1611 276 in
1642 237 1741 277 dies

112 315 441 355 exaudiuntur.
473 314 562 365 Qui
590 319 727 353 antea
758 311 842 351 sub
872 309 1033 350 mundi
1067 314 1199 348 erant
1231 307 1448 359 irnperio,
1491 319 1613 347 nunc
1655 309 1740 347 sub

113 385 285 426 Christi
309 386 509 425 militant
530 384 714 424 uexillo:
746 382 823 434 qui
852 380 1062 431 turpibus
1093 386 1231 419 antea
1263 386 1306 418 et
1335 378 1549 418 obscenis
1574 379 1742 418 irretiti

113 463 246 497 erant
268 457 408 506 uitiis,
432 456 504 496 his
533 467 655 496 nunc
686 453 902 505 expediti,
935 451 1171 503 perfectae
1202 443 1461 489 honestatis
1485 456 1527 489 et
1556 449 1743 500 pietatis

114 534 221 568 sunt
243 528 457 568 omnibus
492 526 718 578 exemplo,
756 523 846 565 Sed
868 523 983 563 haec
1019 521 1220 573 longiori
1255 533 1484 571 sermone,
1513 532 1618 560 cum
1651 532 1743 560 non

112 611 257 639 vnum
278 605 357 639 aut
376 599 574 638 alterurn
596 602 721 638 extet
741 596 877 636 huius
893 595 960 634 rei
977 594 1257 643 exemplum,
1278 592 1359 632 sed
1376 604 1521 643 prope
1538 592 1742 632 innume-

112 681 180 719 ra,
199 670 420 721 prosequi
440 681 534 709 non
556 676 625 708 est
647 668 844 708 animus.

193 740 269 780 Ad
304 740 421 780 haec
453 740 620 780 nefarii
647 738 835 790 quidam
867 749 952 777 nec
979 735 1213 776 inferioris
1243 734 1527 775 conditionis
1563 741 1745 774 tantum

111 811 214 861 uiri,
239 811 321 851 sed
342 818 385 851 et
408 812 545 851 huius
567 810 773 851 ciuitatis
794 808 1020 861 primarii,
1058 818 1257 859 quorum
1284 806 1470 846 infamis
1502 806 1598 846 uita
1630 807 1742 846 nulli

111 894 206 922 non
229 888 329 922 erat
352 888 477 933 nota,
509 882 633 931 quod
660 881 735 921 siti
763 878 1106 931 inextinguibili
1134 878 1429 918 inimicorum
1465 877 1742 928 sanguinem

113 959 387 1005 expeterent
415 965 470 994 ac
499 953 643 993 armis
671 951 825 992 onusti
846 961 1031 1002 semper
1059 949 1460 1001 conspicerentur,
1484 960 1623 999 nunc,
1655 948 1746 988 illis

113 1024 362 1075 depositis,
405 1024 460 1064 iis
496 1024 704 1064 animum
738 1022 945 1063 muniere
980 1021 1147 1071 armiS,
1192 1021 1358 1072 quibus
1400 1020 1578 1060 diutino
1625 1020 1745 1059 bello

115 1095 341 1136 mundum
372 1106 668 1147 expugnare,
703 1104 892 1134 carnem
931 1092 1164 1143 subigere,
1203 1092 1480 1132 daemonem
1513 1091 1746 1131 debellare

114 1173 301 1219 queant.
325 1166 415 1207 Sed
432 1178 503 1216 ne,
528 1166 637 1206 dum
660 1166 855 1206 nimium
875 1175 1093 1215 propero,
1122 1163 1252 1214 leges
1274 1163 1592 1214 praescriptas
1614 1173 1746 1202 exce-

113 1239 222 1279 dere
244 1238 421 1288 uidear,
451 1249 596 1277 vnum
623 1238 711 1276 hoc
733 1237 851 1276 inter
873 1242 969 1275 tam
998 1235 1142 1275 multa
1173 1234 1336 1274 audire
1366 1235 1632 1285 exemplum
1654 1245 1746 1273 non

112 1309 186 1360 sit,
211 1321 401 1361 quaeso,
425 1320 588 1360 graue.
612 1307 701 1349 Vir
721 1313 822 1348 erat
842 1307 931 1347 hac
958 1307 1004 1346 in
1025 1305 1140 1346 urbe
1171 1305 1361 1357 quidam
1391 1317 1486 1345 non
1517 1305 1747 1345 obscurae

110 1380 383 1431 nobilitatis,
406 1380 498 1431 qui,
522 1380 661 1431 graui
682 1379 739 1419 ab
761 1378 949 1419 inimico
972 1382 1166 1429 accepto
1184 1378 1392 1426 uulnere,
1418 1377 1463 1416 in
1482 1377 1607 1416 uitae
1629 1388 1747 1427 pene

110 1452 389 1492 uersabatur
412 1450 694 1491 discrimine:
719 1449 961 1490 confessus
985 1456 1142 1489 tamen
1164 1447 1349 1488 cuidam
1368 1461 1425 1488 ex
1443 1448 1630 1497 nostris,
1652 1449 1745 1487 alta

111 1525 383 1564 exclamans
404 1534 535 1572 uoce,
561 1522 607 1561 in
623 1522 874 1561 multorum
893 1520 1175 1572 praesentia.
1197 1520 1356 1571 pansis
1373 1531 1421 1559 se
1439 1519 1646 1559 brachiis
1663 1519 1746 1558 ini-

112 1595 286 1635 micum
307 1595 633 1645 amplexurum
654 1592 887 1644 pollicitus
909 1598 993 1632 est:
1016 1598 1198 1631 tantum
1221 1591 1351 1630 abest
1373 1596 1422 1630 ut
1438 1591 1512 1630 uel
1536 1591 1582 1630 in
1604 1590 1674 1630 ius
1697 1590 1745 1630 il—

113 1667 208 1706 lum
235 1677 406 1706 uocare
437 1666 507 1704 uel
542 1664 761 1704 iniuriam
789 1663 964 1703 illatam
994 1663 1157 1703 ulcisci
1182 1663 1333 1702 uellet.
1353 1662 1466 1702 Erat
1491 1669 1534 1702 et
1559 1662 1678 1702 alius
1699 1661 1745 1701 in

115 1738 204 1777 hac
226 1737 389 1777 eadem
411 1736 524 1776 urbe
556 1747 647 1775 non
669 1735 873 1785 ignotus,
897 1734 975 1785 qui
997 1745 1045 1774 se
1067 1733 1255 1773 inimico
1278 1733 1495 1773 iniuriam
1514 1733 1745 1773 condona-

114 1816 271 1849 turum
293 1807 572 1859 promiserat
589 1805 790 1858 quidem,
811 1817 865 1845 ea
886 1811 1043 1846 tamen
1064 1805 1344 1855 conditione,
1369 1811 1418 1844 ut
1439 1804 1486 1844 in
1508 1804 1747 1844 ciuitatem

118 1891 211 1919 non
233 1880 307 1919 ille
330 1878 509 1918 ueniret
531 1878 648 1927 (erat
669 1877 792 1916 enim
808 1876 976 1916 absens
998 1876 1244 1926 inimicus),
1269 1888 1340 1926 ne,
1361 1887 1415 1915 eo
1434 1876 1480 1915 in
1496 1876 1609 1915 urbe
1627 1875 1743 1925 uiso,

120 1950 339 2002 antiquae
360 1949 558 1989 iniuriae
579 1947 844 1988 recordatio
865 1947 1242 1987 recrudesceret:
1270 1958 1380 1987 mox
1407 1958 1534 1996 uero,
1563 1946 1748 1986 cuidam

117 2033 177 2061 ex
207 2021 382 2061 nostris
418 2019 675 2068 confessus,
708 2030 802 2058 non
838 2017 1112 2069 efflagitauit
1141 2018 1278 2057 modo
1315 2017 1632 2067 obnixissime,
1666 2017 1747 2057 sed

118 2093 243 2133 misit
268 2093 410 2132 etiam
432 2091 490 2131 ad
508 2091 648 2139 illum,
673 2089 752 2140 qui
776 2089 962 2139 diceret,
986 2096 1034 2129 ut
1056 2089 1101 2129 in
1123 2089 1284 2129 urbem
1307 2095 1635 2139 reuerteretur,
1655 2100 1748 2140 quo

118 2164 240 2203 illius
263 2163 405 2214 pedes
434 2162 740 2202 oscularetur.

197 2233 423 2274 Virorum
450 2239 701 2284 utcumque
728 2232 1092 2283 praelibauimus
1120 2231 1453 2279 constantiam;
1492 2231 1751 2282 fragilioris

118 2317 258 2355 nunc,
283 2316 415 2356 rogo,
441 2315 582 2344 sexus
604 2303 713 2343 audi
734 2302 987 2343 infractum
1009 2302 1231 2352 animum,
1257 2314 1312 2342 ac
1334 2302 1380 2341 in
1407 2302 1620 2342 muliebri
1651 2314 1750 2342 cor-

119 2388 231 2428 pore
244 2376 426 2416 uirilem
443 2374 761 2425 contemplare
778 2373 1230 2425 magnanimitatem.
1253 2372 1478 2413 Foemina
1496 2381 1597 2414 erat
1615 2385 1750 2425 quae-

121 2448 243 2497 dam,
270 2458 388 2498 quae
410 2446 566 2486 mariti
587 2451 787 2485 mortem
808 2445 872 2484 ita
892 2445 1063 2485 tulerat
1083 2443 1378 2495 impatienter
1401 2456 1456 2484 ac
1477 2444 1751 2485 immodera-

120 2527 181 2570 te,
205 2527 254 2559 ut
276 2518 465 2558 modum
486 2516 783 2566 excogitarit,
806 2527 897 2568 quo
917 2522 962 2556 et
982 2515 1083 2567 ipsa
1101 2515 1188 2555 sibi
1205 2521 1403 2555 mortem
1420 2516 1748 2557 conscisceret.

120 2590 274 2641 Quare
299 2600 393 2629 non
415 2587 731 2628 manducabat
751 2598 972 2638 unquam,
1005 2597 1098 2626 non
1120 2585 1394 2636 dormiebat,
1420 2586 1546 2626 humi
1568 2586 1753 2627 iacebat

119 2671 320 2711 semper,
344 2666 393 2700 ut
415 2660 505 2699 hac
526 2658 707 2699 ratione
729 2657 876 2698 uitam
897 2668 1004 2697 cum
1024 2663 1175 2697 morte
1196 2663 1521 2698 commutaret.
1554 2657 1754 2698 Dicebat

121 2732 247 2772 enim
267 2730 394 2771 haud
415 2730 514 2770 fieri
535 2740 674 2781 posse
695 2734 758 2779 ut,
783 2740 837 2768 eo
855 2728 1041 2780 priuata
1062 2728 1248 2778 marim,
1280 2739 1419 2779 quem
1439 2728 1576 2769 unice
1596 2728 1755 2780 dilige-

121 2802 214 2851 bat,
237 2807 475 2854 superstes
497 2801 598 2852 ipsa
620 2800 815 2840 uiueret.
838 2799 925 2839 Dei
948 2798 1174 2839 iustitiam
1194 2805 1416 2850 proterua
1438 2800 1603 2840 mulier
1629 2800 1753 2840 incu-

120 2870 270 2913 sabat:
290 2873 335 2912 in
353 2871 527 2913 doloris
545 2870 916 2911 consolationem
935 2869 1104 2910 misera
1125 2869 1293 2910 inferni
1307 2870 1545 2911 cruciatus
1564 2871 1651 2911 sibi
1670 2871 1757 2911 ele—

279 2949 327 2985 Τ.
352 2960 392 2984 11'
1535 2946 1574 2985 18
