2028 3328
831 124 909 158 AN.
942 121 1033 158 1555
1673 121 1744 159 503

324 574 607 601 Praecedentium
625 573 738 600 Patris
751 572 845 599 Petri
863 571 1022 598 Navarro
1039 571 1232 598 litterarum
1249 570 1357 597 latina
1375 569 1490 596 versio
1509 570 1528 595 ¹.

871 749 969 791 IHS

191 931 463 972 Reuerende
485 931 738 971 admodum
759 931 805 970 in
828 930 1016 971 Christo
1038 929 1193 970 Pater.

190 1002 381 1043 Summa
402 1004 557 1054 gratia
580 1010 622 1043 et
644 1015 738 1054 pax
757 1003 867 1055 Jesu
890 1001 1064 1042 Christi
1085 1001 1275 1041 Domini
1296 999 1457 1041 Nostri
1479 1001 1536 1040 sit
1559 1012 1743 1051 semper

107 1076 153 1114 in
176 1075 368 1126 diesque
391 1080 574 1114 crescat
595 1074 641 1114 in
663 1074 880 1114 cordibus
901 1073 1090 1112 nostris.
1115 1071 1282 1113 Amen.

188 1145 484 1197 Quamquam
504 1145 713 1197 pluribus
735 1156 875 1196 quam
896 1144 1090 1195 triginta
1111 1153 1180 1183 est
1203 1155 1320 1195 opus
1343 1143 1402 1183 ad
1424 1155 1478 1183 ea
1500 1150 1742 1194 praestan-

106 1217 179 1266 da,
204 1228 322 1267 quae
344 1217 390 1256 in
412 1217 502 1256 hac
524 1217 636 1256 urbe
657 1216 704 1256 in
732 1216 1004 1267 obsequium
1032 1214 1221 1255 Domini
1252 1226 1354 1255 sese
1377 1214 1600 1264 offerunt,
1627 1226 1742 1254 sem-

107 1299 188 1338 per
209 1293 367 1327 tamen
389 1299 548 1327 sumus
569 1287 665 1327 fere
686 1287 787 1336 soli;
813 1298 972 1326 sumus
995 1287 1118 1326 enim
1139 1287 1219 1338 qui
1236 1285 1452 1337 degimus
1469 1286 1543 1325 hic
1563 1286 1740 1325 dumta-

107 1366 190 1398 xat
213 1365 428 1410 quatuor3
451 1359 529 1410 qui
550 1358 734 1410 quidem
756 1364 854 1398 toto
877 1370 967 1410 quo
990 1358 1064 1397 hic
1097 1358 1270 1398 fuimus
1297 1364 1530 1409 tempore,
1555 1357 1741 1397 debere-

104 1440 206 1469 mus
228 1429 382 1480 potius
404 1430 731 1481 exploratores
752 1436 906 1469 terrae
936 1440 1076 1480 quam
1102 1428 1305 1480 operarii
1334 1436 1414 1469 aut
1441 1439 1740 1480 possessores

105 1501 302 1541 censeri.
333 1500 486 1551 Quum
514 1506 668 1540 autem
704 1500 793 1540 hoc
821 1508 1034 1540 nostrum
1061 1512 1231 1540 munus
1263 1500 1493 1540 hactenus
1529 1500 1740 1540 extitisse

102 1572 302 1621 videtur,
326 1577 575 1623 propterea
598 1577 641 1611 te
661 1583 845 1623 semper
867 1573 1116 1612 certiorem
1137 1571 1332 1611 fecimus
1353 1570 1409 1610 de
1431 1571 1567 1611 huius
1586 1577 1742 1611 terrae

104 1643 328 1691 bonitate,
354 1643 409 1682 de
432 1643 530 1682 eius
551 1643 811 1693 fertilitate,
836 1643 892 1682 de
919 1642 1155 1683 fructuum
1182 1643 1496 1693 abundantia,
1529 1642 1585 1682 de
1617 1643 1741 1682 colli-

103 1714 244 1765 gendi
270 1714 450 1754 fructus
480 1714 703 1754 facilitate
732 1720 776 1754 et
810 1715 1142 1765 praecocitate.
1173 1713 1299 1754 Gens
1331 1714 1455 1754 enim
1477 1714 1593 1754 haec
1618 1725 1738 1754 sese·

104 1786 255 1836 ipsam
276 1785 447 1825 dedere
469 1786 662 1824 multum
684 1785 933 1834 desiderat,
959 1797 1185 1837 opemque
1207 1785 1329 1825 ferre
1352 1785 1492 1837 cupit,
1519 1797 1607 1836 quo
1630 1785 1741 1825 ciui-

104 1861 176 1896 tas
196 1855 351 1908 Jerico
386 1855 592 1896 funditus
619 1862 872 1896 euertatur.
896 1856 1067 1896 Verbis
1095 1857 1357 1908 exprimere
1386 1868 1566 1907 nequeo
1598 1868 1740 1907 quan-

104 1933 266 1978 topere
295 1927 422 1967 ciues
452 1927 705 1966 multorum
732 1926 923 1967 Patrum
946 1926 1200 1967 aduentum
1221 1926 1502 1967 desiderent.
1541 1926 1739 1978 Quoquo

102 2010 175 2038 me
197 1997 402 2048 confero,
427 1997 483 2037 de
505 1997 595 2037 diei
617 1997 820 2037 aduentu
841 1998 999 2037 statim
1020 2004 1371 2049 percontantur,
1396 1998 1519 2049 quod
1541 2009 1653 2037 sane
1674 1999 1739 2037 in-

103 2069 225 2109 dicio
248 2069 362 2108 satis
384 2074 467 2118 est,
492 2080 633 2119 quam
653 2069 769 2108 bene
791 2069 882 2108 sint
900 2080 1015 2120 erga
1031 2068 1315 2109 Societatem
1332 2068 1500 2109 affecti.
1521 2068 1737 2109 Praeser-

105 2141 188 2180 tim
211 2151 316 2180 cum
337 2139 452 2180 nihil
474 2139 627 2179 adhuc
647 2139 722 2179 hic
741 2146 896 2180 actum
913 2141 972 2180 sit
989 2151 1167 2190 eorum,
1188 2151 1307 2191 quae
1327 2140 1431 2180 aliis
1449 2140 1733 2191 ciuitatibus,

105 2211 151 2251 in
175 2211 340 2262 quibus
361 2210 526 2250 Patres
546 2217 811 2261 versantur,
834 2210 973 2251 fidem
998 2216 1042 2251 et
1063 2211 1330 2262 opinionem
1353 2211 1408 2251 de
1435 2211 1548 2262 ipsis
1571 2223 1738 2251 conce-

101 2287 231 2333 ptam
252 2292 491 2333 peperere.
516 2280 686 2321 Sumus
707 2282 878 2333 quippe
905 2282 981 2322 hic
1003 2288 1204 2334 quatuor
1224 2282 1603 2333 pauimentorum
1632 2294 1736 2322 ver-

102 2364 248 2392 sores:
273 2364 473 2403 quorum
494 2352 680 2404 quidem
704 2353 1125 2393 communicatione
1143 2353 1330 2404 quando
1346 2352 1670 2404 aedificantur,
1691 2360 1735 2393 et

100 2435 196 2463 non
217 2423 355 2474 pauci
376 2423 637 2474 proficiunt,
662 2423 854 2463 credere
876 2424 1086 2475 profecto
1108 2424 1230 2473 licet,
1251 2423 1360 2464 dum
1384 2424 1633 2475 adfuerint,
1658 2425 1737 2476 qui

100 2505 262 2535 eorum
283 2494 466 2534 animos
488 2495 707 2545 excitent,
729 2495 806 2546 qui
823 2506 989 2535 manus
1007 2494 1066 2534 ad
1083 2495 1371 2546 surgendum
1387 2496 1648 2547 porrigant,
1669 2496 1736 2535 fu—

99 2572 254 2605 turam
275 2576 378 2605 esse
402 2566 546 2605 multo
570 2565 834 2606 uberiorem
858 2565 1232 2606 aedificationem
1250 2566 1386 2606 simul
1410 2572 1454 2607 et
1471 2567 1735 2618 profectum

98 2635 145 2675 in
168 2635 391 2687 obsequio
414 2635 619 2676 Domini.

153 2843 162 2862 ¹
202 2842 336 2877 Duplex
351 2849 403 2871 est
418 2844 518 2879 hujus
541 2845 709 2872 versionis
727 2845 931 2879 exemplum,
944 2849 1125 2879 utrumque
1142 2846 1406 2880 autographum,
1431 2852 1612 2881 utrumque
1630 2848 1661 2875 in
1678 2848 1737 2875 du-

98 2889 178 2924 plici
193 2889 283 2917 folio.
300 2890 412 2918 Primo
425 2892 581 2926 exemplo
598 2897 648 2919 est
664 2900 822 2919 numerus
838 2892 900 2925 201,
917 2893 1017 2920 alteri
1040 2893 1102 2920 205.
1126 2892 1316 2921 Secundum
1337 2894 1598 2930 uniuscujusque
1622 2903 1733 2923 exem-

97 2937 143 2971 pli
159 2937 274 2964 folium
295 2938 385 2964 nullo
400 2938 598 2966 distinctum
615 2945 666 2967 est
681 2947 832 2967 numero.
