2028 3328
869 77 951 113 AN.
983 77 1074 116 1555
1712 73 1776 110 ‘251

144 157 307 205 multu,
332 156 409 208 qui
430 168 572 197 vnum
594 156 874 196 catholicum
897 155 1283 195 concionatorem
1305 165 1328 193 e
1350 153 1523 203 templo
1554 152 1780 202 fugarunt

144 227 394 279 lapidibus3
417 228 500 268 sed
522 228 672 268 omnis
689 232 944 278 tempestas
966 226 1104 266 modo
1128 226 1292 265 sedata
1314 230 1384 264 est
1402 230 1446 263 et
1467 223 1661 262 meliora
1680 235 1777 273 spc-

144 309 303 338 ramus
322 299 370 338 in
386 299 499 339 dies.

225 369 364 410 Ciues
384 371 786 422 Nouiomagenses
807 380 988 409 summa
1006 380 1111 408 cum
1132 368 1361 408 charitate
1379 378 1464 406 nos
1480 372 1777 416 receperunt,

135 452 344 491 quorum
364 442 682 482 confessiones
704 453 786 493 per
807 441 906 481 dies
928 442 1098 480 multos
1116 440 1397 488 audiuimus,
1419 439 1483 478 ita
1500 444 1550 477 vt
1568 437 1777 478 dicerent

144 524 171 551 a
194 520 380 553 centum
402 515 536 554 annis
562 515 654 554 tale
682 513 854 564 aliquid
883 510 1166 562 Nouiomagi
1188 523 1281 551 non
1315 511 1459 551 fuisse
1485 510 1654 549 visum.
1687 508 1779 549 Sed

145 583 445 624 aduersarius
467 585 680 625 veritatis
700 596 795 624 non
816 584 1019 624 cessauit
1047 584 1256 623 excitare
1283 581 1554 632 tragoedias
1582 592 1663 632 per
1697 580 1778 620 ho-

144 655 308 702 mines,
332 667 452 695 noua
476 656 564 696 hac
586 663 713 697 secta
735 656 981 696 lutherana
1002 654 1215 704 infectos,
1240 660 1284 694 et
1301 665 1385 705 per
1406 653 1668 703 religiOSOS,
1696 652 1776 703 qui

144 737 329 766 omnem
350 735 596 768 mouerunt
618 728 833 779 lapidem,
858 728 979 767 male
1001 725 1299 766 informando
1322 725 1589 776 superiores
1612 723 1776 763 civita-

143 797 217 847 tis,
240 798 535 844 mentientes,
555 803 599 839 et
620 799 779 839 nescio
801 810 919 850 quae
937 797 1220 847 adferentes,
1245 797 1312 837 ita
1333 802 1382 836 ut
1404 802 1568 836 contra
1592 805 1777 835 omnem

141 867 368 908 iustitiam
396 871 663 921 superiores
691 871 834 922 aliqui
863 869 1067 910 ciuitatis
1087 869 1315 919 fecerunt
1341 880 1411 907 me
1442 867 1600 918 exire,
1628 878 1777 918 qnare

138 939 403 990 gaudebam
427 940 436 959 ¹
460 942 645 993 quidem
662 942 769 993 quia
790 942 837 981 in
857 941 956 981 vita
976 952 1081 981 mea
1102 952 1195 980 non
1212 940 1489 991 contigisset
1509 939 1623 980 mihi
1644 945 1775 978 tanta

139 1012 310 1062 gratia,
334 1013 416 1053 sed
443 1012 750 1053 condolebam
771 1013 934 1053 amicis
956 1013 1185 1063 omnibus,
1212 1012 1379 1064 quibus
1411 1012 1687 1062 lachrymae
1710 1011 1773 1049 al-

140 1091 279 1134 taque
301 1084 502 1136 suspiria
524 1085 583 1124 ad
604 1084 857 1125 Dominum
873 1096 966 1124 non
989 1084 1196 1124 deerant.
1224 1083 1452 1124 Condolui
1475 1082 1696 1122 miseriae
1717 1093 1774 1120 ac

141 1155 361 1195 caecitati
379 1156 774 1196 aduersariorum.
799 1156 998 1207 Quidam
1020 1154 1487 1206 Noviomagensium‚
1508 1159 1559 1193 vt
1580 1153 1674 1193 iam
1696 1164 1772 1192 ex-

138 1227 368 1277 perientia
391 1227 546 1277 didici,
572 1234 680 1268 sunt
715 1228 928 1267 homines
956 1227 1231 1267 mirabiliter
1261 1225 1273 1243 ²
1301 1226 1481 1276 furiosi,
1513 1231 1678 1277 postea
1706 1231 1774 1264 ta-

138 1309 245 1338 men
266 1298 524 1339 redduntur
544 1300 904 1339 tractabiliores.
928 1299 1083 1350 Quare
1102 1310 1240 1351 spero
1263 1310 1344 1338 eos
1365 1298 1574 1338 mitiores
1592 1296 1775 1337 futuros

130 1369 324 1421 quando
347 1370 406 1410 ad
426 1382 508 1410 eos
535 1377 763 1411 reuertar.

218 1441 473 1482 Matertera
513 1442 574 1483 M.
610 1443 892 1483 Theodorici
937 1442 1113 1483 Canisii
1148 1441 1161 1460 ⁵
1197 1442 1323 1482 dedit
1357 1441 1582 1483 Societati
1618 1442 1774 1481 locum

139 1513 481 1564 amplissimum
498 1526 605 1554 cum
622 1513 834 1554 domibus
852 1520 896 1554 et
914 1514 980 1554 eis
998 1526 1117 1566 quae
1134 1514 1180 1554 in
1201 1513 1339 1554 domo
1361 1513 1631 1553 necessaria
1647 1517 1771 1562 sunt,

130 1594 243 1624 cnm
275 1585 491 1624 omnibns
513 1585 795 1625 necessariis
817 1586 875 1626 ad
897 1585 1098 1626 officium
1119 1585 1291 1625 missae
1314 1590 1358 1624 et
1379 1583 1438 1624 ad
1470 1589 1689 1624 ornatum
1711 1584 1775 1623 al-

137 1656 253 1695 taris
273 1656 615 1707 pertinentibus
630 1654 659 1694 ⁴.
677 1657 735 1697 Et
752 1657 867 1697 haec
885 1657 1021 1708 virgo
1039 1663 1141 1697 erat
1157 1656 1488 1707 sexagenaria,
1509 1667 1643 1707 quae,
1665 1666 1772 1695 cum

135 1726 254 1767 haec
276 1728 432 1767 omnia
455 1726 679 1768 Societati
699 1727 888 1768 fecisset
909 1731 936 1779 ⁵,
961 1727 1189 1768 infirmari
1222 1728 1391 1779 coepit,
1425 1734 1470 1767 et
1505 1726 1531 1767 8
1557 1726 1772 1780 Januarii

136 1798 361 1850 migrauit
382 1799 442 1839 ad
463 1799 731 1849 Dominum,
756 1800 888 1839 cuius
910 1800 1067 1840 anima
1090 1800 1356 1851 requiescat
1383 1800 1431 1839 in
1460 1811 1592 1851 pace.
1624 1798 1771 1838 Pluri-

135 1881 242 1910 mae
277 1871 503 1922 virgines,
543 1882 742 1923 quarum
772 1871 1090 1912 confessiones
1117 1871 1300 1922 audiui,
1334 1872 1382 1911 in
1410 1871 1565 1911 animo
1598 1870 1773 1910 habent

134 1941 361 1982 mundum
377 1943 638 1994 relinquere
659 1954 715 1983 ac
736 1943 783 1982 in
803 1943 1075 1994 virginitate
1095 1942 1197 1983 Deo
1216 1943 1408 1983 seruire.
1428 1942 1622 1983 Plurimi
1645 1942 1774 1982 ciues

136 2025 231 2053 non
251 2013 503 2054 mediocris
530 2014 810 2054 conditionis
831 2015 1024 2066 cupiunt
1044 2026 1154 2055 suos
1177 2014 1297 2054 filios
1318 2013 1542 2054 Societati
1559 2014 1687 2053 dare.

214 2085 528 2125 Reuerendns
549 2085 702 2125 Pater
722 2085 874 2125 Prior
900 2086 1181 2126 Cartlznsz'ae
1213 2084 1228 2104 ‘³'
1256 2085 1388 2125 misit
1408 2086 1470 2125 ad
1492 2086 1552 2125 P.
1590 2085 1636 2124 V.
1661 2085 1772 2126 500

137 2168 310 2197 aureos
332 2156 362 2207 ⁷,
383 2161 427 2197 et
448 2157 602 2197 adlmc
621 2156 766 2208 plura
787 2157 972 2198 mittere
998 2157 1219 2208 intendit,
1250 2169 1384 2208 quenz
1417 2168 1521 2196 cnnz
1550 2157 1768 2196 omnibns

137 2228 302 2268 amicis
329 2239 382 2268 ac
411 2241 482 2268 nze
512 2239 616 2268 cnm
644 2228 973 2279 confratribus
1003 2229 1119 2269 meis
1140 2230 1199 2269 P.
1236 2229 1281 2268 V.
1312 2239 1366 2268 ac
1392 2228 1645 2268 Renstfflum
1676 2229 1770 2268 Pa·

135 2303 265 2339 trmn
280 2299 501 2351 precibus
521 2300 804 2339 commendo.

189 2520 198 2540 ¹
240 2519 291 2546 Ita
307 2519 339 2545 in
354 2513 582 2549 autograph0;
600 2515 635 2539 at
650 2514 769 2541 melius
784 2513 869 2539 haec
886 2511 1105 2539 concinnavit
1126 2511 1294 2538 Polancus
1318 2511 1383 2538 hac
1399 2511 1542 2539 ratione:
1566 2511 1773 2539 commenti-

129 2568 198 2601 tia,
214 2567 331 2594 nescio
346 2573 447 2600 quae,
461 2564 681 2600 adferentes!
696 2569 732 2588 eo
748 2568 857 2595 nsque
873 2562 910 2587 ut
926 2562 1047 2587 contra
1072 2567 1212 2586 onmem
1221 2560 1409 2594 J'ustztiam
1426 2563 1633 2594 superzores
1658 2560 1773 2594 aliqui

124 2616 296 2642 civitatis
312 2616 357 2641 ad
374 2622 428 2642 me
444 2620 486 2640 ex
501 2613 586 2639 urbe
602 2609 862 2638 excludendum
879 2608 1102 2643 impulerint.
1117 2606 1216 2641 Quod
1232 2607 1278 2634 ad
1295 2615 1349 2634 me
1365 2608 1507 2641 attinet,
1531 2608 1771 2641 gaudebam...

188 2664 202 2684 2
236 2666 333 2693 miro
350 2665 462 2691 modo.
478 2662 527 2690 Id.

240 2716 407 2744 Theresia
423 2714 459 2748 [Ρ]
477 2720 545 2739 van
561 2711 624 2737 den
639 2708 770 2743 Bergh.

240 2767 274 2793 et
289 2766 348 2795 its,
362 2771 452 2798 quae
467 2761 509 2790 ad
526 2762 670 2789 officium
686 2760 809 2786 missae
825 2763 858 2784 et
874 2756 917 2784 ad
932 2758 1091 2782 ornatum
1106 2752 1229 2780 aitaris
1244 2753 1439 2787 pertinent.
1456 2752 1636 2783 Postumus,

240 2815 420 2842 donasset.
442 2812 492 2842 Id.

239 2862 414 2890 Gerardus
430 2863 691 2891 Kalckbrenner
708 2862 918 2901 (Hammont,
932 2864 1234 2902 Hammontanus).

238 2911 327 2939 Vide
343 2912 494 2939 POLANCI
511 2911 714 2945 chronicon,
729 2916 752 2939 t.
770 2919 816 2947 lv,
832 2920 911 2948 pag.
927 2914 989 2950 278,
1007 2922 1038 2942 n.
1055 2915 1117 2945 602.

183 2716 203 2930 dautem
