2028 3328
264 142 333 178 722
779 140 1003 177 LlTTERAE
1032 150 1389 183 QUADmMESTREs

264 238 415 288 docet,
441 238 691 288 aliquando
713 237 953 289 praedicat
975 237 1158 276 animae
1181 237 1397 276 salutem:
1432 241 1475 275 et
1496 236 1611 276 haec
1635 243 1724 285 est,
1763 238 1812 277 R.
1849 238 1897 277 P.

264 322 443 350 summa
468 320 630 349 earum
651 320 808 348 rerum
829 320 947 358 quae
968 308 1237 358 frequenter
1259 306 1360 346 fieri
1381 307 1545 347 solent.

344 382 441 422 Iam
463 380 521 420 ad
544 392 597 420 ea
621 379 975 429 descendamus,
1001 391 1120 429 quae
1142 378 1298 417 diuina
1320 378 1504 418 bonitas
1526 391 1609 430 per
1631 379 1795 419 Patres
1818 392 1898 420 no-

265 454 349 493 stri
370 453 567 502 Collegii
589 459 781 502 operata
804 458 887 501 est,
912 463 969 490 ex
991 450 1157 501 quibus
1178 461 1271 488 non
1294 450 1445 489 minor
1465 450 1551 489 Dei
1570 451 1671 490 laus
1689 452 1800 491 oriri
1820 463 1898 501 po-

265 531 367 564 test.
393 523 636 574 Quaedam
655 523 792 573 virgo
815 522 915 561 Deo
939 526 1230 569 consecrata,
1256 532 1375 571 quae
1396 520 1489 560 iam
1514 522 1637 560 Votis
1659 533 1707 561 se
1730 523 1895 562 astrin-

265 601 419 643 xerat,
446 607 549 635 cum
573 607 597 634 a
621 593 845 634 coenobio
867 593 1062 631 latenter
1091 591 1307 641 fugisset,
1332 592 1460 631 venit
1493 591 1539 631 in
1567 593 1688 631 hanc
1717 594 1895 643 urbem,

265 678 399 719 quae,
424 666 583 706 audita
606 665 829 705 concione
852 663 1094 702 cuiusdam
1117 663 1265 702 nostri
1286 662 1460 712 fratris,
1487 663 1603 703 adeo
1626 664 1736 703 facti
1770 664 1897 704 illam

265 738 505 790 poenituit,
531 744 579 777 ut
601 736 757 776 statim
780 736 824 774 in
847 735 1036 774 domum
1058 740 1266 773 nostram
1290 734 1500 784 profecta
1517 734 1655 774 fuerit
1672 742 1722 775 vt
1744 737 1893 776 nostri

265 810 428 850 Patres
451 810 589 860 (quos
612 809 687 847 illa
709 808 856 847 bonos
878 806 1072 857 putabat
1094 805 1326 855 medicos)
1359 806 1639 846 medicinam
1661 818 1744 847 suo
1774 809 1897 847 malo

265 881 499 930 affe1·1·ent;
520 880 649 919 cuius
667 879 828 918 morbo
848 877 1051 926 cognito,
1077 876 1283 916 adhibita
1303 875 1559 927 diligentia,
1581 877 1626 916 in
1650 878 1893 928 pristinum

263 958 438 993 statum
459 951 671 991 restituta
694 956 763 989 est
786 950 884 988 sine
907 948 998 987 ullo
1017 948 1169 987 famae
1191 958 1303 987 suae
1326 947 1619 988 detrimento.

305 1008 308 1009 ⁷
343 1023 449 1063 Alia
471 1023 622 1072 virgo,
649 1021 778 1061 cuius
801 1031 971 1070 corpus
989 1018 1185 1058 duorum
1203 1028 1433 1058 annorum
1450 1019 1602 1069 spatio
1622 1031 1647 1058 a
1666 1020 1895 1061 daemone

263 1094 414 1134 fuerat
435 1100 672 1138 vexatum,
704 1091 859 1131 anima
883 1102 907 1129 a
932 1090 1159 1129 daemone
1181 1089 1461 1139 grauissime
1489 1091 1744 1140 urgebatur
1764 1099 1815 1131 vt
1845 1104 1895 1131 se

262 1172 410 1205 totam
432 1165 472 1204 ei
494 1163 713 1213 traderet,
738 1162 815 1214 qui
837 1173 1006 1213 corpus
1029 1160 1286 1200 obsidebat:
1312 1172 1416 1200 cum
1440 1168 1595 1201 autem
1619 1173 1645 1201 a
1668 1162 1895 1203 daemone

262 1248 355 1275 non
376 1235 691 1285 fatigabatur,
717 1233 906 1274 tristitia
930 1235 1154 1288 dolorque
1176 1243 1288 1271 suae
1311 1231 1591 1273 conditionis
1612 1244 1715 1272 eam
1736 1245 1893 1285 perpe·

260 1314 340 1346 tuo
364 1307 566 1357 angebat
589 1318 734 1358 usque
757 1307 816 1347 ad
838 1307 1213 1359 desperationem
1235 1309 1290 1348 de
1312 1319 1397 1347 sua
1417 1307 1588 1347 salute:
1617 1305 1805 1345 tandem
1836 1304 1894 1343 ad

261 1379 474 1418 eumdem
504 1378 699 1418 fratrem
731 1381 935 1430 (propter
969 1381 1101 1420 cuius
1131 1380 1407 1420 concionem
1428 1379 1626 1430 primam
1658 1377 1762 1417 dico
1793 1387 1894 1415 esse

258 1450 552 1499 conuersam)
575 1449 774 1499 ducitur,
801 1463 826 1490 a
848 1462 940 1502 quo
963 1452 1238 1491 exorcismis
1271 1451 1329 1490 ad
1356 1458 1538 1501 tempus
1567 1449 1652 1488 fuit
1679 1448 1891 1488 liberata.

258 1521 439 1560 Interea
462 1521 720 1572 colloquiis,
745 1522 1245 1574 exhortationibusque
1268 1522 1417 1562 nostri
1439 1521 1600 1561 fratris
1623 1519 1738 1559 adeo
1763 1519 1891 1558 illam

257 1593 453 1643 repleuit
471 1592 643 1642 gaudio
662 1592 705 1631 in
725 1592 940 1639 Domino,
959 1601 1007 1633 ut
1026 1595 1177 1643 modo,
1198 1593 1384 1645 quando
1403 1605 1428 1633 a
1445 1593 1673 1632 daemone
1691 1590 1890 1630 liberata

256 1669 340 1713 est,
365 1664 486 1703 laeta
509 1663 567 1703 sit
589 1670 633 1703 et
655 1670 820 1714 parata
843 1670 891 1703 ut
912 1664 957 1703 in
981 1676 1034 1704 ca
1056 1664 1135 1704 fiat
1154 1664 1241 1704 Dei
1264 1666 1498 1704 voluntas.

334 1733 542 1774 Liberati
564 1741 670 1774 sunt
692 1734 783 1774 duo
806 1735 892 1774 uiri
915 1735 1140 1786 primates
1162 1748 1188 1775 a
1211 1736 1489 1788 quibusdam
1517 1733 1888 1774 dissensionibus

254 1805 562 1856 grauissimis,
587 1818 707 1857 quae
729 1806 1048 1847 imminebant:
1073 1818 1178 1847 curn
1201 1807 1323 1847 enim
1341 1808 1472 1857 alter,
1492 1807 1569 1857 qui
1592 1805 1649 1845 ab
1673 1804 1764 1844 alio
1787 1812 1890 1843 erat

253 1876 470 1927 offensus,
495 1877 685 1917 domum
699 1877 902 1917 misisset
918 1884 1140 1929 rogatum
1159 1885 1207 1918 vt
1227 1878 1394 1930 aliquis
1411 1884 1679 1918 nostrorum
1697 1884 1887 1927 patrum

252 1959 391 1988 servo
413 1959 497 1987 suo
522 1949 749 1988 morituro
772 1960 907 2000 opem
927 1949 1085 1999 ferret,
1110 1950 1198 1989 hac
1221 1949 1468 1990 occasione
1490 1948 1639 1988 nostri
1661 1947 1891 1987 arnicissin

253 2031 355 2059 mus
376 2019 529 2059 sactus
551 2026 643 2070 est,
674 2020 752 2070 qui
779 2019 978 2064 forsitan
1006 2032 1092 2060 nos
1124 2027 1305 2061 tanturn
1337 2021 1525 2061 nomine
1553 2019 1890 2070 cognoscebat:

252 2101 342 2140 qua
360 2090 678 2131 familiaritate
700 2090 862 2131 sedata
885 2098 955 2131 est
977 2092 1111 2131 huius
1134 2092 1335 2131 hominis
1357 2092 1461 2131 bilis
1483 2091 1664 2140 insana,
1685 2101 1775 2141 qua
1798 2088 1884 2128 fre-

252 2168 447 2212 quenter
486 2163 872 2202 commonebatur
910 2167 1100 2214 propter
1142 2169 1387 2213 acceptam
1427 2161 1646 2201 iniuriam
1667 2172 1675 2201 :
1711 2159 1890 2210 placuit

251 2232 436 2271 Christo
458 2244 511 2272 ea
534 2233 714 2273 ratione
735 2234 838 2273 lites
856 2233 1073 2285 componi
1089 2245 1169 2285 per
1187 2240 1398 2273 nostrum
1415 2233 1618 2282 Patrem,
1638 2243 1730 2283 qua
1748 2241 1884 2270 nemo

250 2303 517 2342 faciendum
538 2315 640 2343 esse
663 2304 896 2355 sperabat.

330 2373 435 2426 Jam
459 2386 563 2414 curn
585 2375 814 2426 quaedam
845 2375 1011 2415 mulier
1041 2375 1098 2415 ab
1124 2374 1321 2415 infantia
1352 2385 1524 2426 corpus
1555 2385 1692 2414 suum
1721 2373 1890 2424 prosti-

251 2444 429 2494 tuisset,
455 2457 547 2484 non
569 2446 719 2485 solum
742 2446 789 2486 in
811 2446 900 2486 hac
932 2446 1045 2486 urbe
1066 2458 1232 2486 verum
1253 2446 1396 2486 etiam
1417 2446 1464 2485 in
1495 2444 1597 2484 aliis
1620 2444 1889 2484 ciuitatibus

251 2513 472 2565 finitimis,
498 2516 614 2555 adeo
638 2523 686 2556 ut
708 2517 802 2556 iam
824 2523 971 2557 totam
993 2528 1127 2557 suam
1157 2517 1428 2557 felicitatem
1456 2516 1502 2555 in
1531 2515 1687 2555 carnis
1717 2525 1887 2554 concu-

251 2585 478 2636 piscentia
502 2587 805 2638 collocasset,
829 2594 986 2628 tamen
1009 2599 1115 2628 curn
1137 2589 1280 2628 semel
1311 2587 1371 2627 ad
1392 2587 1640 2627 ecclesiam
1661 2587 1886 2635 venisset,

253 2661 297 2695 et
318 2655 379 2695 ibi
401 2656 587 2696 cuidam
607 2663 874 2698 nostrorum
897 2658 1088 2698 Patrum
1116 2659 1247 2698 multi
1273 2670 1357 2698 sua
1381 2658 1578 2698 crimina
1609 2656 1884 2697 confiteren-

251 2731 340 2774 tur,
376 2728 588 2778 exemplo
625 2735 873 2778 commota,
911 2729 969 2769 ad
1005 2730 1353 2769 sanctissimum
1385 2727 1694 2769 confessionis
1731 2738 1889 2767 sacra-

249 2802 456 2836 mentum
479 2799 678 2838 accessit
697 2831 704 2849 ‚
729 2811 834 2839 cum
857 2801 1063 2840 maximo
1086 2800 1364 2841 delictorum
1385 2810 1578 2839 suorum
1601 2799 1774 2846 dolore;
1800 2809 1886 2838 nec

248 2872 406 2906 tamen
428 2868 504 2907 diu
526 2868 572 2908 in
594 2876 689 2908 tam
710 2870 907 2909 honesto
925 2871 1151 2911 exercitio
1169 2870 1506 2922 perseverauit‚
1527 2870 1724 2909 duorum
1744 2880 1885 2909 anno-

248 2948 352 2976 rum
374 2944 582 2989 tempore
605 2951 631 2979 a
653 2939 948 2980 confessione
969 2941 1167 2992 fugiens,
1187 2947 1292 2993 post
1309 2941 1431 2992 quod
1448 2947 1649 2992 tempUS,
1675 2940 1883 2980 adhibita
