2028 3328
820 126 904 163 AN.
934 125 1026 163 1555
1665 125 1735 164 483

800 531 1041 586 ΟΟΟΧΟ

178 744 442 781 Franciscus
463 743 727 791 Stephanus,

224 807 293 845 Ex
311 808 633 846 commissione
655 808 797 845 Patris
817 807 1050 844 Annibalis
1072 818 1096 843 a
1116 805 1358 849 Coudreto‚

275 874 393 912 Patri
412 874 583 921 Ignatio
603 873 655 911 de
676 874 861 921 Loyola.

321 939 540 985 Messana,
565 939 609 977 18
629 939 730 987 Maji
752 938 843 976 1555
863 938 889 973 ¹.

190 1219 289 1259 Pax
311 1219 498 1270 Christi,
523 1226 611 1259 etc.

189 1290 257 1330 Ne
279 1291 502 1341 epistolae
524 1291 714 1331 modurn
736 1296 779 1330 et
800 1290 1099 1331 Paternitatis
1116 1290 1244 1331 Tuae
1262 1292 1415 1342 legem
1434 1290 1742 1339 (obseruande

110 1363 157 1401 in
177 1361 363 1402 Christo
381 1361 533 1412 Pater)
548 1362 940 1413 praetergrediar,
962 1361 1146 1402 omissis
1162 1362 1219 1402 iis
1237 1362 1467 1412 omnibus,
1483 1373 1602 1413 quae
1619 1374 1677 1401 ex
1694 1361 1742 1400 li-

109 1433 222 1472 teris
243 1433 415 1472 nostris
436 1433 483 1472 P.
509 1433 559 1473 T.
585 1433 677 1472 iam
699 1433 939 1483 intellexit,
964 1445 1019 1472 ea
1041 1433 1288 1473 dumtaxat
1315 1432 1390 1473 hic
1419 1433 1624 1473 breuiter
1653 1433 1742 1472 col·

111 1504 270 1555 figam,
295 1516 414 1555 quae
437 1511 480 1544 et
501 1516 623 1544 noua
646 1510 753 1544 sunt
774 1510 818 1544 et
838 1504 1040 1556 potiora.

192 1574 338 1614 Porro
361 1575 545 1625 collegii
567 1575 714 1614 nostri
736 1575 799 1625 (ut
821 1575 929 1615 hinc
957 1575 1192 1625 exordiar)
1221 1581 1351 1615 tanta
1379 1580 1447 1615 est
1469 1586 1591 1615 nunc
1619 1575 1743 1626 apud

114 1645 232 1685 alios
254 1645 378 1685 fama
394 1652 531 1698 atque
549 1645 820 1695 auctoritaS,
841 1653 1013 1697 quanta
1031 1646 1115 1686 fuit
1131 1658 1351 1698 unquam.
1371 1646 1604 1687 Mirantur
1621 1647 1745 1686 enim

114 1728 276 1756 omnes
310 1717 501 1756 Patrum
537 1729 592 1756 ac
620 1716 839 1757 Fratrum
870 1718 1269 1769 copulatissimam
1292 1717 1570 1757 charitatem
1598 1723 1642 1757 et
1673 1729 1744 1757 ar-

113 1788 370 1828 ctissimam
392 1788 781 1838 coniunctionem3
807 1789 1128 1828 confessorum
1148 1789 1421 1840 patientiam
1442 1794 1486 1828 et
1504 1788 1745 1828 ardentem

113 1861 160 1900 in
181 1860 472 1911 poenitentes
493 1860 736 1900 charitatis
757 1861 905 1900 zelum
935 1860 1142 1910 laudant;
1174 1860 1492 1911 professorum
1520 1861 1567 1900 in
1593 1860 1744 1900 adole-

114 1937 323 1971 scentum
349 1931 531 1979 animis,
557 1938 654 1970 tum
674 1931 835 1981 literis,
860 1938 957 1971 tum
979 1931 1119 1971 etiam
1140 1931 1300 1983 probis
1329 1931 1630 1983 honestisque
1651 1943 1743 1972 mo-

112 2003 241 2042 ribus
262 2001 586 2051 informandis,
611 2002 885 2052 peruigilem
908 2014 1071 2042 curam
1090 2002 1381 2053 praedicant.
1400 2001 1579 2052 Quibus
1596 2013 1654 2042 ex
1676 2015 1744 2043 re-

114 2074 199 2113 bus
220 2074 394 2113 sactum
416 2079 498 2121 est,
525 2080 570 2112 ut
592 2080 722 2112 tanta
745 2073 802 2112 sit
824 2072 879 2113 de
900 2074 1089 2123 nostris,
1114 2085 1207 2113 non
1229 2073 1353 2124 apud
1383 2073 1617 2113 inferioris
1639 2085 1742 2114 con-

114 2145 303 2185 ditionis
325 2144 534 2184 homines
556 2144 708 2194 modo,
733 2144 814 2184 sed
842 2144 965 2195 apud
996 2145 1176 2184 nobiles
1205 2144 1346 2184 etiam
1376 2156 1431 2184 ac
1458 2145 1596 2185 huius
1616 2145 1745 2185 urbis

112 2216 348 2268 principes
372 2215 514 2265 viros,
538 2215 836 2265 existimatio,
860 2223 910 2255 vt
931 2215 1064 2256 quus
1086 2215 1143 2255 D.
1167 2216 1428 2267 Episcopus
1449 2214 1691 2256 Pactensis
1714 2215 1744 2267 ²,

114 2288 162 2327 in
183 2288 271 2327 hoc
294 2298 440 2337 regno
470 2286 733 2325 haereticae
765 2287 1012 2337 prauitatis
1047 2287 1294 2338 inquisitor
1318 2286 1382 2337 (ut
1413 2287 1530 2326 alios
1561 2286 1747 2327 interim

116 2357 519 2410 praetermittam),
544 2363 810 2397 nostrorum
828 2357 1022 2397 libenter
1038 2366 1196 2397 utatur
1213 2369 1371 2409 opera.
1391 2355 1441 2398 Si
1458 2358 1581 2398 enim
1604 2359 1748 2410 aliqui

117 2431 208 2470 sint
229 2427 494 2479 castigandi
515 2428 637 2476 libri,
661 2429 701 2469 si
722 2440 840 2480 quae
861 2428 1195 2480 expendendae
1223 2428 1549 2469 conclusiones
1580 2429 1644 2479 (ut
1670 2440 1748 2470 uo-

175 2565 181 2584 Ι
222 2563 355 2597 Duplex
376 2567 428 2589 est
449 2563 651 2597 exemplum,
672 2567 854 2597 utrumque
874 2563 1140 2597 autographum
1163 2563 1308 2597 primurn
1332 2563 1365 2591 in
1380 2564 1469 2591 foliis
1492 2572 1546 2591 nn.
1567 2564 1619 2592 215
1641 2568 1674 2592 et
1686 2565 1749 2599 218,

115 2613 263 2640 alterum
279 2611 311 2638 in
332 2610 422 2637 foliis
436 2617 490 2637 nn.
507 2610 560 2637 216
574 2615 607 2637 et
623 2610 685 2644 217;
708 2610 798 2637 inter
818 2618 903 2645 quae
926 2610 988 2638 hoc
1011 2611 1193 2645 praecipue
1218 2611 1400 2638 intercedit
1424 2611 1640 2647 discriminiS,
1662 2613 1750 2647 quod

115 2661 261 2695 primum
280 2662 391 2686 totum
411 2662 464 2685 est
486 2665 589 2686 manu
613 2657 791 2693 Stephani,
811 2658 849 2686 in
869 2659 979 2687 altero
1004 2665 1085 2685 vero
1108 2659 1181 2686 sola
1203 2659 1410 2694 subscriptio
1425 2667 1445 2687 a
1468 2660 1585 2688 verbis
1600 2667 1644 2688 ex
1657 2667 1750 2688 com-

117 2707 304 2735 missione.

169 2757 182 2775 ”2
220 2754 506 2781 Bartholomaeus
518 2753 699 2780 Sebastian
712 2753 751 2780 de
767 2753 916 2787 Aragon,
930 2752 1116 2788 Episcopus
1128 2754 1284 2781 civitatis
1297 2754 1403 2788 Patti,
1417 2754 1547 2782 Factae
1558 2755 1750 2791 (15491568),

117 2801 376 2831 Garis—“Pani
392 2800 560 2836 (Pacten.)
578 2800 670 2828 Citta
685 2808 746 2827 con
761 2801 937 2828 residenza
963 2801 1134 2829 vescovile
1150 2801 1183 2828 in
1202 2801 1319 2829 Sicilia
1341 2802 1433 2830 nella
1460 2802 1638 2837 provinzia
1661 2804 1752 2840 della

118 2850 220 2877 Valle
236 2849 364 2876 minore
380 2849 411 2875 di
429 2848 608 2876 Messina...
625 2849 679 2875 nel
693 2848 761 2875 15⁴9
772 2848 989 2876 Bartolomeo
1001 2848 1032 2875 11
1048 2848 1245 2876 Sebastiam·
1258 2856 1459 2883 aragonese,
1473 2850 1534 2877 che
1551 2851 1751 2879 intervenne

119 2899 151 2925 al
164 2896 306 2924 concilio
318 2896 349 2924 di
361 2896 499 2926 Trento.
510 2895 739 2932 personaggio
751 2897 883 2924 illustre
895 2896 957 2923 che
969 2898 1128 2924 restauro
1141 2896 1160 2923 l'
1172 2897 1371 2931 episcopio„.
1385 2897 1529 2932 Moamu,
1544 2898 1754 2927 Dz'aionario

120 2946 159 2972 di
172 2944 379 2972 erudiztone
395 2942 525 2970 eclesia
533 2944 632 2971 stica.
