2028 3328
852 153 936 190 AN.
969 153 1059 199 1555
1698 157 1770 195 679

131 249 259 289 niam
294 250 568 301 religionem
596 251 799 302 priorem
835 262 1023 290 rursum
1058 251 1241 301 ingredi
1276 251 1363 290 sibi
1399 263 1491 291 non
1527 253 1671 302 licuit,
1709 253 1768 293 ad

135 321 290 369 aliam,
316 321 468 361 Patris
489 322 717 362 Euerardi
737 333 849 362 usus
872 321 1084 372 consilio,
1104 333 1153 361 se
1168 322 1488 362 lubentissime
1510 325 1764 364 transtulit.

134 392 208 432 Ad
230 393 345 432 haec
366 405 459 432 non
479 393 696 444 ignobilis
717 393 905 444 quidam
927 392 1001 432 uir
1022 404 1172 443 neque
1201 393 1524 433 doctrinarum
1552 394 1764 446 ignarus,

134 463 210 514 qui
232 463 278 502 in
301 464 388 503 hac
409 464 522 504 urbe
545 464 739 515 aliisque
761 464 807 504 in
828 464 943 503 locis
967 475 1059 503 non
1081 463 1330 504 mediocris
1352 463 1655 505 authoritatis
1678 473 1764 515 est,

133 534 210 584 qui
231 534 380 574 uicem
402 535 624 586 Episcopi
646 536 815 575 multos
836 546 985 574 annos
1006 534 1167 585 gessit,
1192 533 1290 575 dies
1313 534 1490 586 aliquot
1511 535 1765 587 spirituali-

132 604 217 644 bus
246 606 481 645 exercitiis
512 606 717 657 deditus,
749 606 937 646 tandem
965 604 1187 646 Societati
1216 611 1407 646 nostrae
1435 618 1484 646 se
1513 606 1765 647 dedicauit:

132 687 268 726 quem
290 676 396 716 hinc
419 677 510 717 cito
533 678 590 717 ob
612 678 733 718 hanc
756 678 906 729 ipsam
928 688 1121 717 causam
1146 677 1205 717 ad
1226 688 1310 717 uos
1328 676 1647 718 discessurum
1668 690 1765 718 cre—

132 746 299 786 dimus.
322 747 373 787 In
394 748 634 799 capiendis
656 760 769 789 uero
791 748 1000 788 consiliis
1021 748 1239 799 permulti
1260 747 1320 788 ad
1340 753 1528 788 nostros
1555 749 1762 799 ueniunt,

130 818 297 867 quibus
317 819 520 859 maxime
542 819 702 860 fidunt.

209 888 347 939 Quid?
369 890 493 940 quod
513 891 723 930 nonnulli
744 897 787 931 et
808 902 872 941 se,
897 897 942 931 et
965 890 1169 940 domum,
1189 897 1234 930 et
1250 902 1349 930 rem
1367 902 1552 931 omnem
1569 890 1766 931 familia-

127 970 226 999 rem
247 961 420 1000 nostris
441 961 794 1001 commiserunt?
818 961 936 1001 Turn
965 962 1068 1001 lites
1091 973 1388 1013 componere,
1414 961 1676 1002 discordias
1698 973 1766 1002 se·

128 1030 256 1081 dare,
275 1042 440 1082 pacem
458 1033 711 1073 conciliare
729 1033 849 1073 inter
866 1033 998 1083 alios,
1018 1033 1166 1073 nostri
1185 1032 1374 1073 student
1391 1033 1762 1084 diligentissime.

131 1100 202 1141 Ac
224 1113 373 1153 nuper
394 1102 442 1142 P.
468 1103 737 1144 Euerardus
759 1104 1002 1155 quosdam,
1026 1104 1215 1144 inimico
1239 1104 1395 1144 animo
1416 1105 1536 1144 inter
1557 1116 1607 1144 se
1629 1105 1761 1145 dissi-

132 1172 309 1223 dentes,
334 1174 379 1213 in
401 1174 704 1215 concordiam
725 1175 981 1215 reuocauit.
1007 1174 1096 1226 Qui
1115 1175 1230 1215 fassi
1246 1181 1355 1215 sunt
1372 1176 1418 1215 in
1437 1175 1696 1215 amicitiam
1713 1187 1763 1216 se

123 1256 364 1296 nunquam
385 1245 475 1285 nisi
495 1257 579 1297 per
603 1245 651 1285 Ρ.
683 1246 974 1286 Euerardum
1001 1246 1153 1286 redire
1181 1247 1403 1298 potuisse.
1435 1246 1635 1298 Fuitque
1666 1258 1762 1298 pax

127 1315 243 1355 haec
271 1316 391 1356 inter
418 1316 521 1356 illos
549 1317 798 1357 conciliata
825 1317 1100 1368 utilissima,
1136 1318 1321 1369 quando
1350 1329 1409 1358 ex
1436 1329 1599 1358 eorum
1632 1317 1763 1358 dissi—

126 1386 214 1426 diis
247 1399 421 1439 magna
455 1389 663 1440 utrisque
697 1389 907 1440 pericula
942 1389 1287 1440 impendebant.
1320 1389 1426 1442 Jam
1459 1394 1762 1440 aegrotantes

124 1459 373 1509 consolari,
398 1459 594 1499 afflictos
615 1460 862 1500 subleuare
883 1460 1106 1511 oratione,
1132 1466 1175 1500 et
1193 1460 1240 1500 in
1260 1471 1451 1501 carcere
1469 1460 1680 1501 detentos
1697 1460 1761 1500 ui-

125 1529 284 1579 sitare,
308 1542 479 1581 eosque
501 1537 545 1571 et
569 1531 628 1571 ad
649 1521 965 1571 tollerantiam
989 1532 1218 1571 malorum
1242 1531 1497 1583 cohortari,
1520 1537 1565 1572 et
1587 1531 1646 1571 ad
1667 1531 1760 1583 pie-

124 1606 267 1641 tatem
288 1601 523 1652 inducere,
548 1608 818 1642 nostrorum
840 1602 1031 1654 propria
1053 1609 1161 1642 sunt
1183 1601 1348 1642 officia.

202 1672 272 1712 De
294 1671 495 1713 Sanctae
516 1673 840 1713 Eucharistiae
862 1673 1190 1713 communione
1212 1674 1349 1713 simul
1371 1685 1425 1713 ac
1457 1673 1759 1713 confessioni-

118 1742 209 1783 bus
229 1744 359 1795 prius
380 1750 481 1784 erat
507 1744 774 1793 dicendum;
806 1756 971 1784 uerum
1002 1745 1152 1784 solum
1179 1744 1225 1784 id
1253 1753 1353 1785 erat
1385 1744 1509 1796 quod
1536 1744 1755 1796 dicerem,

116 1813 442 1855 rconfitentium
462 1821 506 1855 et
527 1815 975 1856 communicantium
996 1827 1243 1856 numerum
1264 1815 1311 1855 in
1333 1815 1430 1856 dies
1452 1816 1632 1866 augeri.

201 1884 250 1924 P.
274 1885 541 1926 Euerardus
563 1886 724 1926 diebus
742 1886 989 1927 dominicis
1011 1887 1342 1927 concionatur:
1374 1892 1418 1926 et
1446 1887 1632 1926 ueneris
1663 1887 1755 1927 die-

125 1955 211 1995 bus
233 1962 276 1996 et
296 1957 425 1996 festis
446 1956 495 1997 P.
520 1956 752 2008 Andreas,
776 1958 908 1998 cuius
933 1969 1075 2009 opera
1096 1958 1318 2009 Episcopi
1342 1957 1560 1998 Vicarius
1582 1957 1642 1998 ad
1658 1958 1755 2009 plu-

116 2027 263 2066 rimas
283 2039 358 2067 res
379 2028 539 2077 utitur,
564 2028 840 2079 praesertim
861 2029 920 2069 ad
948 2028 1220 2069 monialium
1248 2029 1394 2069 uitam
1423 2029 1595 2080 optime
1622 2028 1754 2069 insti-

116 2098 351 2138 tuendam.
375 2098 513 2139 Fiunt
533 2099 580 2138 in
602 2099 691 2139 hac
711 2099 826 2140 urbe
847 2111 1126 2152 unoquoque
1159 2100 1232 2140 die
1255 2099 1486 2151 quaedam
1514 2099 1755 2140 hominum

117 2170 460 2220 conuenticula,
486 2170 545 2210 ad
567 2182 685 2222 quae
706 2171 978 2222 saepissime
1012 2176 1212 2211 uocatus
1245 2170 1294 2210 P.
1324 2170 1542 2211 Andreas
1571 2171 1755 2211 concio-

116 2246 270 2280 natur.
295 2240 354 2280 Et
382 2252 530 2292 nuper
558 2241 606 2281 in
632 2240 800 2282 maiori
830 2242 946 2282 aede
974 2242 1164 2294 quidam
1192 2242 1499 2282 concionatus
1520 2242 1665 2281 multa
1695 2241 1753 2282 de

115 2317 278 2351 nostra
299 2310 535 2352 Societate
556 2312 864 2364 praedicauit.

197 2380 287 2423 Sed
307 2395 365 2423 ne
385 2383 554 2423 nimius
575 2384 623 2424 in
642 2383 731 2424 hoc
750 2395 925 2435 genere
946 2383 1124 2433 uidear,
1149 2384 1206 2424 de
1227 2384 1548 2424 doctrinarum
1576 2383 1751 2424 nostris

114 2453 281 2493 studiis
302 2455 526 2494 nonnulla
548 2454 744 2495 dicenda
765 2461 890 2495 sunt.
915 2455 1092 2507 Atque,
1117 2461 1166 2495 ut
1188 2454 1300 2495 illud
1328 2454 1591 2506 omittatur,
1615 2454 1749 2495 disci·

114 2524 330 2575 pulorum
350 2536 595 2565 numerum
617 2525 823 2577 quotidie
851 2527 1079 2566 maiorem
1108 2525 1232 2576 fieri,
1264 2526 1354 2566 hoc
1381 2537 1752 2566 commemoran-

114 2595 238 2636 dum:
262 2594 491 2647 quosdam
513 2596 763 2646 optimates
785 2602 830 2636 et
851 2597 1075 2648 Episcopi
1098 2597 1346 2637 Vicarium
1373 2608 1399 2637 a
1429 2596 1634 2637 ciuitatis
1656 2595 1748 2638 Gu—

113 2665 363 2706 bernatore
402 2667 658 2707 obtinuisse
678 2699 686 2718 ,
727 2673 777 2708 ut
797 2700 805 2718 ,
848 2668 1069 2719 quoniam
1111 2669 1157 2708 in
1191 2668 1281 2708 hac
1317 2667 1576 2708 Academia
1611 2680 1748 2709 nemo

111 2747 287 2787 graeca
308 2737 596 2788 profiteatur,
620 2744 833 2778 nostrum
854 2739 1024 2790 aliquis
1044 2750 1220 2790 graeca
1248 2745 1292 2779 et
1322 2745 1470 2779 artem
1493 2739 1749 2779 oratoriam

112 2819 207 2847 una
222 2807 532 2860 profiteretur.
552 2808 600 2849 Id
618 2808 741 2860 quod
757 2815 802 2849 et
818 2809 998 2850 ciuitati
1015 2810 1182 2850 honori
1198 2815 1242 2850 et
1258 2809 1513 2861 discipulis,
1530 2811 1608 2862 qui
1624 2810 1750 2851 istud

109 2889 254 2930 saepe
275 2880 585 2931 postularant,
607 2886 884 2931 pergratum
905 2881 1006 2921 fore
1028 2881 1364 2932 intelligebant.
1388 2881 1639 2921 Praeterea
1669 2893 1748 2922 uo-

116 2949 200 2989 luit
221 2949 518 2990 Gubernator
535 2957 585 2991 ut
602 2951 769 3001 oratiO,
789 2963 908 3003 quae
926 2951 1064 2992 huius
1082 2951 1370 2993 Academiae
1387 2951 1644 2993 studiorum
1664 2953 1748 2993 ini-
