2028 3328
838 121 922 154 AN.
954 116 1045 153 1555
1683 116 1755 154 485

116 214 314 266 Jamque
330 215 440 256 illud
463 215 749 267 acceptabile
769 200 1031 266 tempusab
1053 213 1194 253 Esaia
1217 212 1524 263 praedictum,
1545 224 1636 264 quo
1656 214 1750 265 lupi

104 277 167 325 'in
199 297 348 337 agnos
379 292 672 327 mutarentur
704 285 713 305 ¹
745 293 850 336 etc.‚
884 284 1132 325 aduenisse
1154 290 1400 331 testantur;
1433 284 1556 335 quod
1583 296 1746 325 uerum

118 368 221 396 esse
242 356 380 397 facile
402 369 508 398 cum
529 358 618 398 illis
640 364 683 398 et
705 368 792 408 ego
814 356 1069 396 crederem.
1094 354 1307 395 Vidisses
1330 355 1573 406 siquidem,
1599 355 1651 395 R.
1676 355 1742 405 P„

120 428 333 477 proximo
363 429 752 480 quadragesimae
783 434 992 479 tempore
1022 438 1115 467 non
1144 437 1321 478 paucos
1352 438 1411 466 ex
1441 426 1527 476 his,
1560 426 1638 477 qui
1671 438 1746 466 no-

118 503 266 538 strum
288 499 445 539 adiere
475 501 712 551 templum,
740 500 787 540 in
808 511 898 551 quo
928 498 1125 549 singulis
1153 497 1313 538 diebus
1342 497 1748 549 frequentissimae

117 568 410 610 habebantur
428 572 692 621 conciones,
717 571 848 621 alios,
872 569 1016 610 armis
1038 581 1065 609 a
1087 569 1238 620 capite
1268 569 1409 619 (quod
1436 568 1581 618 aiunt)
1603 579 1747 619 usque

117 639 175 678 ad
196 641 373 681 calcem
396 642 597 691 indutos,
621 643 668 682 in
689 643 904 694 luporum
920 652 1099 682 morem
1116 641 1377 681 fraternum
1391 639 1671 689 sanguinem
1692 639 1747 679 si-

114 710 296 763 tientes,
322 724 431 752 mox
461 713 524 753 ita
546 713 682 754 mites
712 712 915 763 effectos,
939 723 1170 763 agnorum
1200 710 1406 751 induisse
1434 709 1746 750 mansuetudi-

113 792 233 832 nem,
259 790 420 823 utnon
444 784 579 824 modo
600 785 833 825 neminem
864 784 953 835 ipsi
981 782 1234 833 laederent,
1260 781 1342 822 sed
1370 782 1525 821 illatas
1552 781 1610 821 ab
1642 782 1746 821 aliis

113 855 420 895 contumelias
455 856 738 907 aequissimo
780 855 936 895 animo
976 853 1175 905 serrent3
1219 853 1337 893 alios
1375 853 1744 905 superbientium

111 924 297 965 leonum
331 925 503 966 fastum
539 927 824 978 deponentes
859 926 1067 978 quietum
1099 931 1343 977 tutumque
1378 923 1568 964 uiuendi
1595 935 1745 975 genus

113 1007 218 1036 cum
250 997 414 1038 ouibus
445 999 656 1050 elegisse.
691 998 812 1050 Quid
842 997 996 1050 plura?
1026 996 1239 1037 audisses
1265 1007 1361 1036 non
1388 995 1495 1036 ficta
1524 996 1741 1047 suspiria,

112 1078 319 1108 summos
340 1069 581 1121 utriusque
603 1081 743 1110 sexus
763 1069 978 1121 gemitus:
1002 1079 1340 1120 nonnunquam
1360 1068 1501 1108 etiam
1532 1068 1744 1107 homines

113 1137 310 1179 uidisses
328 1151 440 1191 prae
459 1141 601 1181 nimio
621 1140 776 1180 cordis
791 1141 960 1181 ardore
976 1140 1058 1180 vix
1075 1140 1331 1180 clamorem
1350 1139 1568 1179 cohibere
1589 1140 1744 1178 valen-

111 1215 194 1249 tes.
221 1209 356 1250 Vnde
374 1211 549 1252 factum
576 1220 661 1260 est,
686 1219 734 1252 ut
756 1224 849 1252 non
875 1213 1027 1252 minor
1046 1216 1152 1262 post
1169 1210 1604 1262 quadragesimales
1626 1209 1738 1260 dies,

110 1291 248 1331 quam
271 1287 393 1333 ante,
418 1282 671 1323 conflueret
693 1283 969 1334 frequentia,
987 1282 1119 1323 verbi
1139 1281 1228 1322 Dei
1250 1281 1469 1322 audiendi
1491 1281 1738 1322 desiderio.

189 1351 295 1402 Sed,
320 1354 540 1404 quoniam
562 1366 656 1394 non
678 1354 834 1394 omnia
855 1354 997 1395 scribi
1026 1359 1238 1405 possunt,
1268 1353 1381 1393 illud
1402 1353 1569 1393 saltem
1596 1364 1740 1392 unum

106 1422 289 1463 silentio
309 1436 401 1464 non
418 1431 487 1465 est
503 1425 911 1476 praetereundum,
931 1423 1049 1466 Cum
1061 1423 1184 1465 R.‘¹11S
1208 1424 1258 1465 Ρ.
1277 1424 1595 1476 Hieronymus
1617 1423 1738 1464 Otel-

106 1495 176 1534 lus
197 1494 270 1535 die
291 1496 495 1546 quadam
527 1496 582 1536 de
612 1496 772 1537 diuina
798 1497 868 1536 ira
899 1498 946 1537 in
975 1503 1250 1548 peccatores
1277 1496 1637 1535 concionaretur
1667 1497 1737 1543 (eo

105 1565 229 1605 enim
256 1572 465 1618 tempore
492 1573 702 1608 extrema
739 1579 883 1619 prope
917 1567 1066 1608 fames
1100 1567 1221 1607 hanc
1249 1572 1548 1619 oppresserat
1576 1567 1736 1607 ciuita-

105 1636 230 1687 tem),
254 1648 310 1676 eo
332 1637 667 1679 lachrimarum
687 1650 961 1690 processum
983 1644 1067 1690 est,
1091 1644 1140 1679 ut
1168 1638 1308 1678 etiam
1337 1638 1615 1678 nobilissimi
1642 1638 1734 1689 qui-

105 1718 193 1758 que
214 1708 319 1759 uiri‚
342 1709 540 1759 genibus
561 1709 608 1749 in
629 1716 802 1750 terram
818 1709 1066 1762 prouoluti‚
1087 1715 1130 1749 et
1147 1715 1339 1762 pectora
1355 1709 1617 1760 tundentes,
1637 1716 1735 1749 tan-

104 1784 179 1818 tae
211 1779 357 1819 cladis
386 1791 435 1820 se
462 1792 669 1832 causam,
694 1781 732 1821 si
752 1793 845 1821 non
875 1782 1132 1821 clamantes
1151 1781 1430 1832 proferrent,
1454 1780 1546 1820 imo
1568 1781 1736 1821 saltem

104 1855 292 1900 pectore
320 1857 364 1891 et
394 1857 705 1902 agnoscerent
734 1859 778 1892 et
813 1851 1159 1892 confiterentur.
1197 1851 1426 1892 Absoluta
1457 1851 1551 1891 iam
1581 1851 1735 1892 fuerat

103 1921 282 1971 concio,
302 1921 488 1973 iamque
502 1922 690 1963 domum
702 1934 751 1963 se
767 1929 1010 1975 receperat
1026 1923 1345 1973 concionator,
1364 1928 1504 1974 atque
1518 1923 1583 1962 illi
1599 1922 1733 1963 flexis

103 1992 317 2043 genibus,
342 1994 472 2033 multi
494 2005 677 2046 quoque
700 1994 905 2034 extensis
926 1994 1156 2044 manibus,
1180 1994 1398 2044 precibus
1426 2000 1471 2034 et
1491 1993 1732 2034 lachrimis

101 2062 253 2103 adhuc
274 2064 463 2104 modum
483 2077 577 2104 non
598 2066 932 2117 imposuerant.
954 2066 1131 2107 Eodem
1148 2066 1221 2106 die
1238 2065 1294 2106 de
1310 2077 1360 2105 re
1376 2077 1470 2105 non
1486 2066 1624 2116 longe
1642 2066 1731 2106 dis-

99 2134 253 2185 simili,
267 2136 595 2176 nonnullorum
611 2136 835 2188 impulsus
851 2137 1164 2188 petitionibus,
1178 2137 1225 2177 in
1238 2138 1410 2187 templo
1423 2137 1626 2188 quodam
1638 2137 1729 2177 alio

99 2217 363 2246 sermonem
380 2206 555 2258 habuit,
575 2219 666 2259 quo
680 2219 825 2260 usque
843 2208 959 2249 adeo
977 2208 1264 2249 audientium
1282 2208 1462 2248 animos
1479 2208 1726 2259 permouit,

99 2281 148 2317 ut
169 2277 244 2317 uel
265 2278 533 2318 exclamare
555 2286 850 2329 cogerentur.
874 2279 967 2319 Res
988 2292 1041 2320 ea
1064 2285 1148 2330 est,
1172 2291 1292 2331 quae
1312 2279 1393 2319 uix
1414 2279 1542 2319 credi
1563 2279 1725 2331 possit,

99 2347 181 2387 sed
201 2359 315 2387 sane
337 2359 465 2389 uera,
489 2348 614 2389 Inter
630 2361 748 2401 quos
766 2362 926 2390 omnes
944 2356 1160 2391 matrona
1177 2350 1407 2401 quaedam
1422 2350 1726 2400 nobilissima,

99 2425 381 2471 nostraeque
409 2418 634 2461 Societati
664 2421 999 2472 addictissima,
1032 2422 1114 2462 uix
1135 2422 1280 2462 diuini
1309 2422 1500 2473 spiritus
1527 2422 1726 2473 patiens,

96 2488 250 2529 effecit
272 2490 394 2541 apud
416 2491 584 2542 uirum,
608 2498 657 2532 ut
678 2493 950 2544 impetraret
981 2505 1008 2533 a
1034 2493 1194 2544 templi
1221 2493 1413 2533 maioris
1434 2492 1650 2544 praeside
1671 2505 1727 2533 ac

96 2558 312 2600 Patribus
336 2561 642 2614 Conscriptis,
667 2569 715 2603 ut
732 2563 919 2603 Patrem
936 2563 1291 2616 Hieronymum,
1312 2575 1402 2616 quo
1420 2563 1478 2604 ad
1496 2575 1728 2604 summum

94 2632 318 2682 templum
353 2633 714 2674 concionaturus
749 2635 951 2685 ueniret,
987 2641 1253 2685 exorarent3
1284 2646 1483 2686 quorum
1511 2635 1728 2686 precibus

93 2702 315 2753 quoniam
350 2702 402 2743 R.
434 2702 482 2744 P.
520 2705 737 2745 resistere
767 2717 860 2745 non
888 2706 1049 2757 potuit,
1081 2706 1385 2746 concionatus
1413 2712 1496 2757 est,
1525 2706 1588 2746 ita
1612 2718 1726 2747 sane

90 2773 343 2825 feruentes,
369 2781 417 2815 ut
437 2787 568 2827 spem
585 2777 792 2817 omnium
812 2777 990 2817 uicerit.
1014 2776 1149 2828 Quod
1172 2779 1245 2818 uel
1269 2790 1327 2818 ex
1353 2789 1408 2818 eo
1437 2789 1726 2829 cognoscere

146 2886 153 2905 ¹
196 2886 385 2914 Habitabz't
404 2887 511 2922 lupus
538 2895 617 2915 cum
643 2895 742 2922 agno.
762 2888 872 2916 Isaiae
890 2888 962 2923 x1,6
990 2888 1171 2924 -“Lupus
1186 2892 1219 2917 et
1234 2897 1348 2924 agnus
1367 2892 1566 2925 pascentur
1586 2891 1727 2925 simam„

90 2933 140 2962 Id.
156 2941 232 2966 va,
249 2934 294 2961 25.
