2028 3328
147 114 217 151 360
661 113 885 149 LITTERAE
905 123 1262 156 QUADRIMESTRES

148 210 468 260 prompsisset,
488 220 580 248 non
602 215 772 258 tamen,
797 207 983 248 Christo
1005 219 1163 248 secum
1185 207 1506 258 belligerante,
1537 218 1776 258 expugna-

150 281 190 320 ri
221 280 393 331 potuit,
428 292 514 320 nec
549 280 828 331 quibuslibet
863 279 1255 320 assentationibus
1292 278 1430 318 flecti.
1469 276 1636 329 Sperat
1661 278 1780 319 haec

151 358 301 392 mater
317 358 380 402 ut,
401 351 793 403 quemadmodum
810 363 922 390 suae
940 350 1059 390 filiae
1077 351 1258 400 lapsum
1277 349 1546 397 concitauit,
1564 355 1608 388 et
1625 349 1781 399 singu-

150 425 301 463 lorum
322 422 636 463 membrorum
659 433 714 461 ac
741 422 882 462 totius
913 420 1123 471 corporis
1151 420 1420 469 congeriem
1450 420 1591 460 diruit
1620 427 1664 460 et
1686 421 1780 460 ani-

152 505 272 544 mae,
295 494 429 534 cuius
457 492 883 544 splendidissimum
905 492 1191 532 domicilium
1219 491 1501 542 deturpauit,
1535 498 1784 542 postquam

152 565 379 606 lubricum
402 565 489 604 iter
511 564 731 604 strauerit
753 571 796 603 et
819 563 877 603 ad
907 563 1018 603 illud
1040 561 1241 602 medium
1269 562 1640 602 conculcandum
1662 562 1785 602 filiae

155 637 320 686 suasit,
359 648 464 676 cum
498 636 578 675 uix
607 635 808 686 uestigia
843 634 945 685 quis
980 633 1151 673 ibidem
1187 644 1399 683 premere
1436 634 1679 684 potuisset,
1716 634 1785 674 sic

155 708 253 748 eius
288 707 600 758 reparationis
635 705 733 746 fore
769 705 1044 745 adiutricem
1082 703 1284 743 confidit.
1323 703 1440 744 Filia
1483 716 1684 756 namque
1720 705 1785 745 ita

156 780 355 819 materni
377 777 585 829 obsequii
607 776 832 816 hactenus
853 775 1148 816 obseruatrix
1177 774 1318 814 fuisse
1345 774 1551 826 uidetur,
1582 782 1631 815 ut
1653 787 1783 815 num-

157 861 297 902 quam
318 849 377 889 sit
399 849 536 888 matri
558 848 722 898 (matre
744 845 959 896 testante)
981 846 1147 885 merito
1170 845 1215 885 in
1237 846 1552 897 suspicionem
1573 847 1779 887 inciden-

158 921 281 970 dum,
305 920 415 972 quin
436 921 482 960 in
505 925 743 970 posterum
763 919 862 958 eius
884 929 1023 969 quam
1040 917 1242 968 primum
1264 918 1470 969 paruerit
1492 918 1642 958 dictis.
1668 918 1783 969 Quis

159 991 423 1043 aliquando,
448 990 546 1030 Rde
566 989 717 1038 Pater,
737 989 878 1029 tantis
895 988 1064 1028 diuinis
1081 988 1319 1028 beneficiis
1337 988 1503 1039 dignas
1518 990 1786 1039 persoluere

159 1063 338 1103 ualeret
358 1062 544 1112 grates?

239 1134 538 1174 Transferam
562 1144 633 1172 me
655 1132 714 1171 ad
735 1132 998 1181 conciones,
1021 1130 1081 1170 ad
1102 1131 1327 1171 lectiones
1354 1139 1450 1171 tum
1482 1132 1666 1171 diuinas
1688 1138 1788 1171 tum

161 1205 405 1245 humanas.
429 1203 550 1243 Rdus
577 1203 716 1243 Pater
736 1202 907 1243 Rector
929 1202 1090 1242 diebus
1107 1202 1237 1242 festis
1260 1203 1567 1243 concionatus
1590 1210 1673 1252 est,
1698 1211 1742 1243 et
1761 1215 1786 1242 a

161 1276 357 1327 prandio
380 1275 621 1315 Paulinam
648 1275 893 1314 lectionem
914 1285 1006 1313 non
1034 1274 1204 1323 omisit,
1229 1281 1272 1314 et
1301 1287 1355 1314 ea
1385 1274 1613 1324 doctrina,
1647 1285 1788 1325 quam

161 1347 421 1398 piissimum
441 1346 597 1399 Jesum
621 1346 661 1385 ei
683 1345 929 1395 elargitum
951 1356 1053 1385 esse
1070 1356 1162 1384 non
1183 1345 1389 1396 ignoras.
1412 1345 1460 1385 In
1478 1346 1654 1386 maiore
1676 1357 1786 1396 quo-

161 1430 248 1470 que
270 1418 468 1457 ecclesia
490 1417 626 1457 huius
648 1417 852 1456 ciuitatis
873 1416 1120 1456 Ferrariae
1149 1417 1363 1457 eumdem
1390 1417 1576 1457 Patrem
1605 1417 1790 1457 concio-

159 1501 242 1529 nes
259 1489 476 1528 habuisse
498 1500 589 1527 non
611 1494 653 1527 te
676 1488 807 1539 fugit,
833 1488 998 1539 quibus
1019 1499 1141 1527 nunc
1164 1488 1254 1528 duo
1274 1488 1430 1536 millia,
1456 1496 1499 1528 et
1516 1500 1638 1528 nunc
1663 1488 1790 1538 (non-

159 1560 390 1600 nullorum
414 1559 622 1609 arbitrio)
651 1559 739 1599 tria
774 1559 915 1599 millia
951 1558 1218 1599 auditorum
1250 1559 1516 1609 interfuere3
1555 1559 1699 1599 miror
1723 1565 1792 1599 tot

166 1630 404 1670 auditores
420 1641 474 1669 eo
495 1636 719 1681 tempore,
744 1642 834 1682 quo
857 1636 952 1670 tum
971 1642 1029 1670 ex
1051 1631 1221 1680 multis,
1246 1637 1343 1670 tum
1364 1643 1422 1670 ex
1451 1630 1630 1682 paucis,
1654 1630 1794 1681 pluri-

166 1713 267 1741 mos
284 1702 494 1752 corporis
512 1702 664 1752 potius
683 1702 1026 1742 satisfaciendis
1040 1701 1282 1742 desideriis
1300 1701 1635 1751 incumbentes,
1657 1713 1797 1752 quam

168 1772 366 1822 animae,
391 1773 511 1812 ultro
532 1773 741 1824 citroque
771 1773 1087 1813 discurrentes
1114 1772 1458 1825 quodammodo
1487 1772 1702 1824 decipere
1734 1773 1799 1812 ui-

169 1843 295 1893 deas,
318 1844 492 1883 nullum
528 1844 664 1883 huius
686 1844 834 1883 simile
864 1844 1039 1884 factum
1075 1844 1316 1895 accepisse
1351 1846 1555 1884 memini:
1588 1855 1664 1884 res
1684 1855 1800 1883 sane

170 1914 554 1954 consuetudinem
575 1915 783 1961 uincens.
820 1915 1130 1966 quorumdam
1164 1915 1407 1966 opiniones
1441 1926 1671 1966 superans
1695 1926 1799 1954 esse

167 1985 364 2034 uidetur,
382 1985 501 2025 unde
519 1984 741 2036 Spiritum
757 1985 981 2026 Sanctum
997 1987 1139 2026 fuisse
1156 1987 1400 2027 authorem
1418 1991 1578 2037 aperte
1596 1986 1799 2037 concipi-

168 2062 256 2096 tur.
280 2056 351 2096 De
372 2057 460 2107 his,
484 2058 704 2108 quoniam
726 2058 866 2097 latius
886 2057 938 2098 T.
962 2057 1016 2098 R.
1041 2057 1088 2097 P.
1114 2058 1362 2098 certiorem
1384 2057 1581 2108 reddidi,
1606 2057 1802 2097 ulterius

169 2127 391 2178 progredi
413 2128 450 2166 si
473 2128 703 2178 desiuerO,
723 2128 944 2180 expedire
967 2140 1086 2169 reor.

249 2198 586 2238 Verumtamen
607 2210 750 2238 unum
771 2199 883 2239 illud
905 2199 1199 2250 subiungam,
1225 2199 1348 2251 quod
1376 2199 1533 2239 multis
1563 2199 1803 2239 laboribus

171 2269 398 2320 susceptis
420 2269 464 2309 in
488 2269 657 2309 Ducali
676 2269 857 2310 Palatio
875 2277 1180 2311 consecutum
1198 2270 1432 2323 perspexi,
1464 2271 1503 2310 si
1532 2281 1631 2310 rem
1653 2270 1804 2322 ipsam

171 2339 313 2390 prius,
334 2347 470 2390 prout
488 2347 621 2390 gesta
636 2340 787 2392 fuerit,
807 2342 970 2392 paucis
986 2342 1269 2393 explicuero.
1290 2340 1402 2381 Post
1420 2341 1535 2382 duos
1553 2341 1666 2391 dies,
1687 2351 1805 2392 quos

172 2409 414 2450 audiendis
431 2411 802 2452 confessionibus
818 2412 991 2452 Illmae.
1011 2412 1156 2453 Ducis
1174 2412 1375 2453 filiarum
1397 2419 1440 2452 et
1459 2412 1687 2452 nobilium
1704 2423 1803 2451 mu-

173 2479 336 2519 lierum
370 2481 741 2534 famularumque
774 2488 913 2534 atque
944 2483 1204 2524 aulicorum
1235 2482 1289 2524 N.
1324 2484 1463 2524 Pater
1495 2482 1803 2534 consumpsit,

173 2549 351 2601 ingenti
371 2551 618 2592 devotione
639 2552 783 2593 Illma.
809 2552 919 2594 Dux
943 2553 951 2572 ¹
974 2565 1081 2594 cum
1102 2554 1344 2605 confessis,
1379 2554 1529 2594 tribus
1561 2553 1712 2593 sacris
1733 2564 1805 2592 ce-

176 2622 365 2662 lebratis
383 2622 498 2672 (erat
509 2623 630 2663 enim
643 2624 915 2664 solemnitas
926 2624 1196 2665 Natiuitatis
1211 2625 1430 2676 Domini),
1445 2624 1807 2666 Sanctissimum

176 2691 530 2733 Sacramentum
550 2695 771 2745 percepit.
797 2694 847 2735 Id
869 2702 1025 2736 autem
1048 2708 1142 2736 non
1163 2697 1340 2747 celabo,
1365 2696 1488 2748 quod
1508 2694 1809 2748 praetermis-

174 2774 276 2803 sum
297 2774 397 2802 esse
419 2764 606 2803 senties.
631 2763 951 2807 Consueuerat
975 2772 1133 2807 noster
1156 2766 1311 2819 Pater,
1336 2767 1597 2818 praemissa
1623 2765 1807 2806 concio-

232 2921 240 2940 ¹
283 2920 617 2951 Renata,Fcrrariae
634 2922 789 2951 Ducissa.
809 2924 892 2952 Vide
912 2925 1059 2953 POLANCI
1077 2926 1212 2958 Clzron„
1226 2932 1249 2954 t.
1265 2935 1309 2961 IV,
1325 2935 1356 2954 n.
1374 2927 1437 2954 142.
