2028 3328
272 157 342 193 436
788 158 1012 195 LITTERAE
1033 167 1390 201 QUADRIMESTRES

467 502 747 529 praecedentium
767 501 961 535 Hieronymi
977 502 1016 527 de
1036 500 1181 534 Ripalda
1202 500 1397 526 litterarum
1415 499 1523 526 latina
1549 500 1660 526 versio
1684 502 1704 524 ¹.

1019 747 1151 812 lesus

346 961 446 1001 I{.de
479 959 731 1000 in.(]hristo
756 958 907 998 I³ater.

347 1031 512 1072 Gratia
534 1038 578 1071 et
600 1042 692 1082 pax
712 1029 903 1069 Domini
920 1028 1068 1068 nostri
1088 1028 1198 1081 Jesu
1220 1027 1395 1069 Christi
1414 1029 1473 1069 sit
1495 1040 1682 1081 semper
1704 1030 1750 1070 in
1772 1030 1906 1070 nobis

268 1103 497 1143 omnibus.
522 1102 689 1142 Amen.

344 1173 513 1214 Noster
535 1173 583 1213 P.
611 1172 788 1212 Doctor
812 1171 1025 1223 Baptista
1054 1171 1293 1223 profectus
1325 1178 1394 1212 est
1428 1171 1742 1223 Complutum.
1774 1177 1823 1212 ut
1844 1172 1907 1212 ibi

265 1245 495 1296 quaedam
529 1249 691 1294 ageret
726 1243 923 1294 negocia
956 1243 1104 1282 nostri
1134 1242 1330 1294 Collegii
1366 1243 1728 1294 Complutensis;
1765 1254 1903 1295 quem

264 1323 394 1356 tanta
432 1316 696 1355 animorum
716 1314 893 1354 laetitia
924 1313 1094 1353 fratres
1129 1314 1252 1353 illius
1283 1313 1480 1365 Collegii
1515 1320 1822 1366 exceperunt,
1855 1322 1904 1355 ut

263 1393 423 1438 aperte
447 1387 741 1427 declararent
764 1386 1064 1437 desyderium
1086 1396 1324 1436 magnum,
1350 1397 1440 1437 quo
1463 1386 1556 1426 iam
1574 1397 1600 1425 a
1622 1387 1767 1426 multo
1791 1392 1903 1426 tem-

264 1470 378 1510 pore
401 1458 459 1498 ad
480 1470 585 1498 eum
607 1469 753 1509 usque
776 1457 898 1497 diem
919 1456 1253 1507 flagrauerant,
1291 1455 1520 1496 aduentus
1557 1457 1670 1497 eius.
1704 1456 1796 1497 Sed
1824 1457 1905 1497 uix

264 1535 557 1581 peruenerat,
592 1540 698 1568 cum
721 1528 779 1568 ad
800 1539 905 1587 eum
928 1528 1012 1577 sui,
1038 1539 1178 1579 quam
1199 1527 1298 1579 ipse
1326 1528 1565 1579 uoluisset,
1596 1528 1903 1568 studiosiores

268 1606 584 1650 accesserunt,
623 1601 700 1651 qui
729 1611 911 1640 summo
947 1599 1100 1639 studio
1137 1598 1455 1650 efflagitarunt
1490 1606 1538 1639 ut
1574 1599 1738 1639 diebus
1773 1599 1902 1639 festis

265 1673 493 1723 proximis
526 1671 797 1711 Natiuitatis
829 1670 1018 1710 Domini
1056 1671 1193 1710 uellet
1232 1669 1355 1721 apud
1386 1682 1436 1710 se
1470 1670 1644 1710 habere
1675 1671 1903 1722 quasdam

266 1744 531 1783 conciones:
557 1754 637 1782 eas
658 1742 836 1791 habuit,
861 1748 920 1792 et,
951 1748 998 1781 ut
1025 1742 1159 1781 nobis
1181 1742 1259 1793 qui
1287 1741 1595 1781 interfuerant
1622 1742 1715 1781 illic
1737 1753 1905 1782 renun-

265 1814 455 1863 tiarunt,
480 1825 654 1864 magno
683 1813 950 1853 auditorum
978 1813 1206 1864 applausu
1236 1813 1423 1852 fuerunt
1457 1818 1698 1864 exceptae,
1725 1813 1800 1853 cui
1832 1813 1903 1852 rei

264 1886 348 1925 fuit
372 1890 649 1936 argumento
672 1895 873 1935 magnus
894 1895 1115 1924 numerus
1137 1895 1313 1934 eorum,
1338 1885 1416 1935 qui
1438 1895 1545 1924 eum
1567 1883 1771 1924 audituri
1793 1895 1902 1924 con-

264 1956 531 1996 currebant.
555 1955 611 1995 Et
633 1967 740 1996 cum
759 1966 847 1995 nec
869 1961 1052 1995 rectore
1074 1954 1179 1995 illus
1201 1954 1486 2004 academiae,
1512 1966 1598 1994 nec
1626 1954 1901 1995 doctoribus

265 2027 382 2078 aliis,
403 2038 577 2078 magna
597 2026 834 2077 grauitate
856 2025 983 2076 uiris,
1018 2025 1273 2077 quidquam
1304 2024 1539 2076 denegare
1562 2025 1702 2066 Pater
1723 2032 1898 2077 posset,

264 2105 459 2138 coactus
481 2104 549 2138 est
579 2098 745 2137 horum
780 2097 997 2149 precibus
1032 2103 1076 2136 et
1111 2108 1253 2137 suasu
1287 2107 1428 2148 saepe
1464 2097 1715 2148 perpaucis
1737 2096 1899 2137 diebus

263 2170 550 2210 concionari.
577 2169 827 2209 Caeterum
848 2169 936 2208 hac
959 2167 1014 2208 de
1036 2180 1086 2208 re
1108 2168 1344 2219 copiosius
1365 2168 1537 2208 certior
1553 2167 1631 2208 fiet
1648 2167 1701 2208 T.
1720 2167 1826 2209 R.da
1849 2167 1899 2208 Ρ.

263 2252 346 2292 per
368 2240 589 2292 epistolas
615 2239 817 2280 fratrum
839 2239 1256 2290 Complutensium,
1281 2238 1359 2290 qui
1379 2237 1435 2278 de
1462 2250 1527 2290 re,
1558 2250 1699 2291 quam
1726 2239 1815 2291 ipsi
1837 2239 1901 2279 ui-

265 2311 431 2360 derint,
457 2312 629 2351 certius
650 2311 855 2351 scribent
877 2322 1017 2362 quam
1038 2321 1138 2360 nos,
1163 2310 1242 2362 qui
1264 2310 1407 2359 (uelut
1427 2309 1540 2360 dixi)
1562 2316 1749 2362 praeter
1772 2311 1898 2351 audi-

263 2388 362 2422 tum
383 2382 610 2422 habemus
629 2382 757 2422 nihil.
783 2381 926 2422 Venit
948 2381 1113 2422 deinde
1136 2380 1380 2432 Compluto
1403 2380 1626 2432 Concam,
1651 2381 1819 2434 ibique,
1847 2388 1896 2422 ut

263 2452 488 2493 Doctoris
509 2452 755 2504 Vei-garae
778 2453 1069 2504 aliorumque
1097 2452 1173 2504 pio
1202 2452 1449 2503 desyderio
1477 2452 1787 2503 satisfaceret,
1821 2454 1900 2493 ali-

265 2524 448 2574 quoties
470 2523 776 2563 concionatus
799 2529 882 2574 est,
908 2522 1098 2574 ejusque
1119 2523 1218 2563 vita
1241 2528 1284 2563 et
1298 2522 1511 2563 doctrina
1534 2522 1598 2573 (ut
1624 2523 1788 2563 eadem
1804 2535 1896 2574 qua

265 2595 400 2645 coepi
418 2594 648 2634 breuitate
670 2606 770 2634 rem
790 2593 1065 2646 prosequar)
1088 2606 1180 2634 non
1203 2594 1357 2634 minus
1390 2599 1555 2644 gratae
1589 2593 1735 2645 fuere,
1756 2606 1898 2646 quam

265 2665 448 2704 fuerant
470 2665 572 2705 aliis
593 2665 640 2704 in
662 2665 792 2716 locis,
816 2667 863 2705 in
890 2665 1057 2717 quibus
1079 2676 1248 2705 munus
1282 2664 1405 2705 idem
1434 2664 1749 2716 praestiterat.
1778 2665 1896 2706 Tan-

267 2735 385 2785 dem,
409 2747 589 2775 summo
612 2741 656 2775 et
676 2736 855 2776 itineris
885 2742 928 2776 et
952 2736 1199 2788 asperrimi
1226 2735 1451 2787 temporis
1483 2736 1671 2787 labore,
1704 2736 1898 2777 Caesar-

267 2811 517 2856 augustam
542 2807 769 2857 peruenst,
794 2807 871 2847 ubi
891 2808 1049 2847 statim
1070 2807 1110 2847 ei
1138 2807 1358 2858 templum
1390 2806 1597 2847 oblatum
1618 2813 1702 2858 est,
1732 2807 1778 2848 in
1806 2819 1897 2860 quo

308 2964 314 2982 ¹
357 2963 602 2998 Autographae
619 2964 742 2998 duplici
761 2965 852 2997 folio,
869 2972 926 2991 nn.
944 2965 997 2992 2162
1012 2969 1043 2992 et
1059 2965 1121 2992 463.
