2028 3328
231 188 302 225 662
742 186 969 224 LITTERAE
996 192 1355 230 QUADRIMESTRES

232 285 300 325 les
316 285 633 325 confessiones
651 284 837 324 auditae
854 283 1060 332 fuerunt,
1080 293 1172 322 non
1195 280 1294 320 sine
1311 278 1535 319 mediocri
1547 277 1865 318 confitentium

234 356 408 405 dolore,
433 368 489 397 ac
510 355 849 396 emendationis
868 353 1121 406 proposito.
1147 351 1284 391 Haud
1304 355 1514 401 repetam
1535 349 1771 400 (quoniam
1794 359 1869 388 ar-

235 428 382 468 bitror
403 434 446 468 te
470 428 586 467 alias
608 427 855 467 certiorem
876 427 1050 466 factum
1072 422 1231 472 fuisse)
1259 422 1428 461 multos
1455 421 1668 460 homines
1695 425 1865 459 matro-

236 510 413 550 nasque
437 498 778 539 confessionem
808 503 945 548 atque
982 492 1266 535 sanctissimi
1301 491 1476 532 Christi
1511 490 1723 542 corporis
1744 501 1866 530 sum-

237 571 445 621 ptionem
463 569 777 621 frequentare,
801 580 894 608 non
916 568 1079 616 solum,
1104 566 1309 616 inquam,
1331 564 1474 615 aliqui
1491 563 1654 603 diebus
1671 561 1865 602 domini-

240 642 321 693 015,
344 653 508 682 verum
531 641 671 681 etiam
694 640 763 680 bis
784 646 913 680 terue
935 639 981 678 in
1003 636 1311 684 hebdomada,
1331 646 1503 686 magna
1521 634 1709 686 quidem
1725 633 1870 673 homi—

240 724 352 753 num
387 712 722 753 aedificatione.
765 710 1073 751 Subticebonc
1115 707 1295 758 aliquos
1329 706 1447 746 adeo
1479 717 1527 745 se
1560 705 1645 745 sub
1676 703 1869 744 Patrurn

242 784 553 836 spiritualium
586 782 849 823 obedientia
891 779 1145 820 subiecisse
1181 778 1395 818 omnibus
1416 777 1463 816 in
1493 776 1646 826 rebus,
1684 776 1800 815 nihil
1821 781 1871 815 vt

243 856 427 907 penitus
449 855 621 905 absque
643 854 850 905 ipsorum
872 851 1065 891 consilio
1089 856 1133 890 et
1155 848 1386 889 sententia
1408 847 1572 899 agant?
1592 847 1657 887 ita
1685 852 1736 891 vt
1757 846 1873 886 mul-

244 933 317 967 tos
338 925 584 976 religiosos
600 929 833 976 superent.
851 923 922 962 De
939 920 1221 973 quotidianis
1238 931 1352 960 vero
1366 919 1521 969 rebus
1540 918 1684 958 veluti
1701 917 1876 957 discor—

245 998 326 1038 des
361 996 688 1046 reconciliare,
721 1000 932 1035 errantes
967 993 1013 1033 in
1048 992 1175 1032 viam
1205 991 1453 1041 reducere,
1490 990 1703 1030 homines
1725 1000 1751 1029 a
1786 987 1876 1028 Dei

247 1068 434 1109 offensis
454 1078 670 1117 auocare,
694 1071 739 1106 et
759 1064 1026 1105 huiusmodi
1047 1063 1231 1113 similia,
1256 1074 1350 1103 non
1369 1061 1516 1102 verba
1537 1061 1732 1110 faciam,
1754 1059 1876 1100 forte

246 1153 304 1180 ne
324 1140 406 1180 tibi
427 1138 666 1179 molestior
688 1137 789 1188 sim,
814 1136 866 1176 R.
892 1135 943 1176 P.

326 1210 459 1251 Nunc
481 1221 600 1262 quae
621 1209 680 1249 ad
700 1208 965 1258 collegium.
995 1206 1217 1256 Primum,
1241 1210 1542 1246 externorum
1577 1202 1877 1243 scholastico-

248 1294 351 1323 rum
371 1292 593 1322 numerus
612 1280 660 1320 in
681 1280 779 1320 dies
800 1284 1015 1330 augetur,
1040 1290 1098 1318 ex
1119 1288 1317 1328 quorum
1334 1275 1569 1316 nonnullis
1585 1285 1785 1325 magnus
1802 1285 1877 1313 ex-

248 1359 464 1406 pectatur
489 1352 685 1393 fructus.
715 1350 895 1391 Deinde
930 1350 1047 1390 scito
1078 1349 1327 1401 quemdam
1359 1347 1562 1399 optimae
1597 1346 1697 1398 spei
1726 1344 1880 1384 adole-

249 1431 457 1465 scentem
473 1436 533 1464 ex
553 1424 640 1474 his,
664 1422 742 1475 qui
774 1422 1072 1474 frequentant
1108 1426 1320 1461 nostrum
1354 1419 1530 1469 ludum,
1562 1416 1885 1469 superioribus

251 1496 411 1537 diebus
432 1497 698 1547 ingressum
720 1505 823 1534 esse
844 1493 1035 1533 domum
1063 1498 1114 1532 vt
1149 1492 1270 1532 inter
1299 1489 1548 1532 Societatis
1580 1489 1754 1529 fratres
1777 1499 1883 1527 con-

249 1573 534 1617 numeretur,
573 1565 665 1618 qui,
690 1570 876 1617 praeter
899 1569 1112 1604 caeteras
1133 1568 1307 1615 partes,
1331 1568 1583 1612 Vtcumque
1600 1560 1647 1600 in
1668 1570 1883 1600 sermone

251 1640 488 1690 literisque
509 1637 697 1689 graecis
717 1641 933 1677 versatus
956 1641 1041 1676 est:
1065 1634 1144 1687 qui
1169 1632 1370 1674 necdum
1396 1632 1565 1685 prioris
1592 1630 1883 1683 probationis

254 1711 351 1751 dies
373 1709 644 1760 compleuit;
667 1707 879 1749 nonnulli
900 1706 1087 1759 quidem
1112 1706 1191 1746 alii
1220 1710 1327 1745 sunt
1355 1705 1434 1756 qui
1454 1704 1639 1744 tradere
1661 1714 1710 1742 se
1731 1700 1888 1742 Socie-

254 1782 337 1822 tati
360 1786 597 1832 exoptant.

333 1852 473 1893 Domi
503 1863 662 1892 sumus
695 1851 787 1891 iam
822 1849 1061 1890 tredecim:
1101 1848 1182 1889 sed
1217 1852 1324 1888 sunt
1354 1846 1556 1899 quinque
1578 1858 1636 1886 ex
1658 1844 1888 1885 Patauino

255 1925 479 1976 Collegio,
504 1923 581 1975 qui
599 1934 681 1974 per
703 1923 877 1974 aliquot
898 1921 996 1961 dies
1023 1920 1098 1960 hic
1120 1919 1533 1960 commorabuntur
1552 1918 1628 1957 vel
1649 1927 1890 1968 quousque

254 1995 483 2047 placuerit
505 1993 810 2043 obedientiae,
845 2005 904 2033 ex
932 1992 1100 2044 quibus
1137 1990 1215 2030 alii
1245 1990 1293 2030 in
1316 1988 1606 2030 humanitate
1628 1994 1767 2039 atque
1787 1986 1892 2027 rhe—

258 2067 407 2107 torica
424 2078 473 2106 se
490 2072 726 2116 exercent,
745 2064 824 2104 alii
841 2064 888 2104 in
903 2063 1230 2115 grammatica,
1244 2061 1322 2102 alii
1338 2073 1413 2102 res
1429 2060 1713 2101 domesticas
1729 2064 1893 2110 agunt;

259 2150 420 2179 omnes
442 2143 598 2177 autem
616 2137 662 2177 in
676 2135 841 2188 spiritu
857 2135 1060 2175 Domino
1082 2133 1306 2184 seruiunt3
1330 2132 1386 2172 de
1404 2143 1600 2184 quorum
1621 2131 1719 2170 Vita
1736 2136 1780 2170 et
1800 2140 1895 2170 mo-

260 2210 389 2250 ribus
424 2220 517 2249 non
537 2219 731 2260 possum
752 2218 845 2247 non
865 2207 982 2247 bene
1003 2205 1172 2245 dicere.
1193 2204 1309 2245 Sunt
1329 2203 1452 2243 enim
1473 2203 1630 2243 diuina
1651 2201 1820 2252 gratia,
1843 2207 1897 2240 Vt

262 2280 375 2321 mihi
396 2280 582 2331 quidem
601 2278 802 2329 videtur,
825 2276 1008 2329 pacifici
1030 2275 1264 2328 quietique
1285 2281 1329 2314 et
1349 2274 1395 2314 in
1416 2273 1572 2313 verbis
1594 2278 1732 2324 atque
1753 2271 1896 2312 actio-

262 2352 397 2392 nibus
425 2350 719 2391 aedificatiui.
743 2348 873 2390 Deus
894 2348 1188 2399 omnipotens
1208 2352 1252 2386 et
1273 2345 1541 2385 misericors
1556 2355 1644 2384 nos
1665 2342 1899 2383 custodiat

264 2434 320 2462 ac
342 2427 610 2473 conseruet,
643 2427 781 2472 atque
802 2425 854 2460 Vt
873 2420 921 2459 in
941 2418 1194 2459 virtutibus
1217 2417 1432 2457 omnibus
1462 2414 1762 2468 proficiamus
1792 2424 1897 2465 gra-

266 2494 380 2533 tiam
396 2505 530 2533 suam
546 2493 750 2543 benigne
769 2491 906 2532 nobis
929 2490 1204 2541 elargiatur.

346 2564 474 2614 Tuis,
510 2563 785 2604 Reverende
822 2561 977 2612 Pater,
1014 2573 1101 2601 nos
1140 2571 1301 2600 omnes
1340 2558 1630 2599 orationibus
1667 2555 1904 2596 humiliter

270 2635 668 2676 commendamus.

357 2706 582 2757 Venetiis,
597 2705 786 2758 ,decimo
809 2704 947 2745 tertio
970 2703 1192 2744 calendas
1215 2701 1431 2743 Octobris
1451 2701 1566 2741 1555.

354 2776 426 2816 Ex
442 2776 492 2816 P.
516 2776 732 2817 Rectoris
753 2782 1019 2828 praecepto.

352 2847 482 2887 Tuae
504 2847 604 2887 R.de
631 2847 739 2897 (sic)
761 2846 1116 2897 indignissimus
1138 2856 1192 2885 ac
1214 2844 1432 2885 minimus
1452 2843 1500 2883 in
1519 2842 1641 2894 Xpo.
1666 2841 1800 2881 filius.

1244 2986 1497 3027 ALUUISIUS
1531 2984 1689 3026 NAPIS.
