2028 3328
245 204 316 240 698
761 204 988 242 LITTERAE
1005 216 1365 249 QUADRIMESTRES

242 302 366 352 gelio
388 301 476 341 Dei
498 302 792 353 explicando,
816 309 953 354 prout
975 302 1205 343 Dominus
1228 303 1350 342 uires
1378 302 1667 353 suppeditat3
1702 303 1879 343 soleba-

245 384 349 413 mus
372 374 529 413 statim
552 385 578 413 a
599 374 840 425 concione,
860 375 1099 425 paululum
1128 374 1258 425 prius
1292 373 1459 425 spiritu
1495 373 1772 423 refocillato,
1811 385 1878 413 se—

244 444 355 484 dere
376 444 436 484 ad
470 444 787 485 confessiones
822 445 1081 485 audiendas
1102 456 1247 495 usque
1278 444 1325 483 in
1352 455 1616 496 uesperum;
1652 444 1733 484 sed
1755 456 1878 484 nunc

244 515 368 555 istud
407 526 523 555 onus
557 514 684 556 Patri
721 515 926 556 Antonio
965 515 973 533 ¹
1009 515 1344 566 commisimus,
1381 527 1439 555 ne
1473 515 1583 567 quid
1614 515 1752 555 nimis
1787 521 1874 555 etc.

243 584 390 626 Porro
411 586 459 626 in
479 588 651 638 templo
674 587 842 627 maiori
863 586 1068 638 quotidie
1090 585 1306 626 sedemus
1328 586 1387 626 ad
1416 585 1673 626 audiendas
1696 585 1876 626 confes-

243 657 417 708 siones,
458 669 603 709 prope
638 669 862 709 magnum
891 658 1053 707 altare,
1084 663 1217 697 extra
1253 657 1466 708 chorum,
1505 670 1531 697 a
1568 669 1658 709 quo
1690 657 1876 709 quidem

242 729 346 768 loco
368 740 454 769 nos
476 729 726 769 exturbare
748 735 792 769 et
814 729 1002 769 modum
1024 728 1153 768 illum
1189 728 1408 768 audiendi
1436 728 1772 778 confessiones,
1803 739 1876 767 ca-

242 800 426 840 nonicis
447 800 699 850 insolitum,
726 801 1065 850 interrumpere
1104 799 1313 839 nonnulli
1352 811 1410 840 ex
1450 799 1693 840 canonicis
1733 805 1880 839 tenta-

242 878 352 911 runt
373 883 466 911 non
486 872 551 911 ita
573 871 759 919 dudum,
800 871 1042 911 trahentes
1064 871 1109 910 in
1132 869 1324 911 dubium
1353 876 1563 911 nostram
1585 870 1875 922 facultatem,

242 942 327 982 sed
348 954 472 992 ecce,
497 943 604 982 dum
622 942 739 982 haec
769 942 883 982 fiunt
913 942 960 981 in
990 941 1203 982 absentia
1231 947 1410 992 nostra,
1441 941 1672 982 Dominus
1697 946 1877 993 pugnat

242 1024 328 1064 pro
348 1013 496 1064 nobis;
520 1025 629 1053 nam
652 1026 709 1053 ex
731 1013 1000 1064 pluralitate
1020 1024 1191 1053 uocum
1208 1013 1272 1053 nil
1294 1018 1459 1053 contra
1481 1023 1567 1052 nos
1596 1012 1875 1053 concludere

240 1090 506 1135 potuerunt.
525 1083 593 1125 Sit
614 1083 844 1124 Dominus
864 1084 1153 1125 benedictus.
1178 1083 1394 1132 Proinde,
1419 1090 1468 1124 ut
1497 1083 1752 1135 coepimus,
1776 1094 1873 1135 per-

240 1155 397 1206 gimus
417 1155 735 1195 confessiones
769 1154 931 1195 audire
966 1155 1013 1195 in
1046 1154 1212 1196 eodem
1246 1156 1350 1196 loco
1386 1155 1617 1207 tantisper
1648 1155 1757 1195 dum
1790 1153 1876 1194 Re-

241 1227 474 1267 uerendae
496 1226 773 1267 Paternitati
794 1226 998 1267 Vestrae
1025 1227 1270 1278 placuerit.

320 1297 571 1338 Praeterea
588 1304 656 1337 est
674 1303 719 1337 et
735 1298 875 1349 aliud,
891 1297 1014 1350 quod
1031 1309 1124 1338 non
1140 1309 1309 1350 parum
1326 1309 1400 1338 me
1416 1303 1461 1338 et
1473 1297 1723 1349 quemdam
1734 1297 1875 1337 alium

241 1369 520 1409 canonicum
539 1374 741 1420 exercet,
761 1380 928 1420 nempe
945 1380 1058 1409 cura
1075 1381 1134 1409 ex
1148 1369 1372 1409 mandato
1390 1369 1582 1420 capituli
1598 1369 1733 1409 nobis
1751 1380 1875 1409 com-

240 1440 383 1480 missa
404 1440 601 1480 duorum
621 1440 955 1480 coenobiorum
989 1440 1249 1490 mulierum,
1282 1451 1389 1480 cum
1421 1439 1709 1491 beghinagio
1743 1451 1770 1479 a
1795 1439 1875 1480 Vi-

239 1512 370 1550 cario
388 1511 608 1563 Episcopi
630 1513 880 1552 commisso
903 1512 1016 1552 mihi
1036 1512 1137 1563 soli,
1161 1512 1239 1552 ubi
1260 1511 1458 1563 singulis
1479 1511 1724 1552 dominicis
1742 1523 1875 1563 prae-

238 1581 451 1623 dicamus
472 1588 515 1623 et
533 1582 582 1622 Ρ.
606 1583 841 1624 Antonius
863 1583 1181 1624 confessiones
1204 1583 1348 1624 audit:
1373 1582 1695 1623 desideramus
1717 1589 1761 1623 et
1779 1588 1875 1622 ten-

237 1661 392 1694 tamus
413 1655 459 1694 in
486 1655 623 1695 dictis
645 1655 882 1696 coenobiis
904 1655 1179 1707 disciplinae
1196 1654 1486 1695 monasticae
1509 1655 1715 1705 rigorem
1742 1665 1874 1694 reuo-

236 1737 360 1777 care;
380 1726 461 1766 sed
478 1727 631 1767 adhuc
648 1738 815 1777 parum
828 1727 1163 1778 promouimus;
1182 1738 1291 1767 nam
1308 1737 1525 1766 caremus
1541 1726 1615 1766 hic
1635 1725 1871 1766 coenobiis

238 1797 449 1837 uirorum
478 1797 766 1848 reformatis,
802 1798 879 1850 qui
912 1798 1046 1838 nobis
1076 1804 1268 1850 possent
1298 1809 1402 1837 esse
1437 1797 1727 1848 adiument03
1765 1801 1872 1836 sunt

237 1874 393 1908 autem
413 1869 568 1920 potius
602 1875 883 1909 nocumento
917 1869 974 1910 ob
997 1869 1273 1910 dissolutam
1302 1869 1512 1921 ipsorum
1547 1868 1707 1909 uitam.
1731 1867 1871 1908 Dicta

237 1939 463 1979 coenobia
485 1940 659 1980 habent
694 1951 803 1980 suos
832 1939 1147 1981 confessarios
1178 1940 1458 1991 ordinarios,
1497 1951 1582 1980 nos
1612 1945 1767 1979 autem
1798 1951 1874 1979 ex-

236 2010 563 2062 traordinarie,
589 2012 698 2052 dum
718 2010 893 2064 aliquid
914 2011 1154 2052 insolitum
1177 2011 1424 2063 contingit,
1448 2011 1673 2051 adsumus
1694 2010 1799 2050 11115.

316 2081 573 2132 Postremo,
598 2090 824 2135 quantum
846 2083 905 2123 ad
925 2083 1201 2135 temporalia
1228 2089 1391 2124 nostra
1419 2083 1542 2123 bona
1573 2082 1753 2133 attinet,
1781 2081 1874 2121 illis

236 2159 572 2205 sustentamur,
610 2161 654 2194 et
685 2155 742 2194 ob
780 2155 1021 2195 caristiam
1055 2166 1270 2195 annonae
1305 2165 1536 2206 pauperes
1570 2151 1706 2193 ualde
1741 2151 1874 2193 multi

235 2236 321 2265 nos
338 2225 634 2277 interpellant
653 2226 778 2266 domi
793 2226 1015 2278 forisque,
1035 2237 1152 2278 quos
1169 2225 1312 2266 uerbo
1329 2231 1374 2266 et
1394 2225 1711 2276 eleemosyna,
1731 2234 1875 2276 quan-

237 2301 335 2335 tum
354 2307 618 2348 possumus,
641 2297 688 2336 in
708 2296 911 2337 Domino
933 2298 1203 2338 consolatos
1230 2296 1519 2337 dimittimus.
1553 2295 1665 2336 Inde
1694 2294 1873 2335 factum

237 2372 307 2406 est
343 2372 392 2406 ut
430 2367 580 2408 serius
619 2368 677 2408 ad
711 2367 1037 2408 Reuerendam
1057 2368 1280 2408 Vestram
1300 2367 1634 2407 Peternitatem
1662 2366 1872 2417 aliquam

237 2449 468 2478 summam
487 2439 715 2490 pecuniae
735 2439 1054 2479 remiserimus
1076 2439 1136 2479 ad
1162 2438 1533 2478 subleuationem
1555 2447 1871 2489 expensarum

239 2509 426 2559 collegii
445 2510 642 2550 romani.
666 2509 800 2550 Nunc
821 2509 1017 2562 proinde
1043 2521 1126 2562 per
1155 2509 1377 2550 Alexium
1410 2508 1448 2549 F
1452 2514 1675 2549 ontanam
1702 2509 1716 2528 ²
1747 2507 1873 2548 dedi-

236 2590 340 2619 mus
361 2578 410 2618 Ρ.
446 2579 687 2621 Bernardo
722 2580 735 2599 ³
769 2580 1179 2622 transmittendam
1207 2580 1267 2621 ad
1299 2579 1354 2620 R.
1391 2579 1451 2620 V.
1474 2579 1523 2620 Ρ.
1553 2589 1785 2619 summam
1819 2577 1872 2617 40

237 2650 531 2691 ducatorum.

318 2720 388 2760 De
428 2722 709 2763 canonicatu
747 2735 861 2763 uero
897 2729 1059 2763 nostro
1096 2721 1429 2763 commutando
1469 2722 1543 2761 uel
1582 2719 1867 2772 resignando

238 2791 364 2831 nulla
386 2803 434 2832 se
456 2793 620 2833 obtulit
640 2793 792 2834 adhuc
814 2794 1017 2846 occasio,
1042 2805 1183 2846 quam
1206 2793 1375 2834 obnixe
1399 2798 1704 2844 expectamus
1725 2802 1752 2830 a
1774 2790 1871 2831 Do-

292 2926 302 2945 ¹
342 2926 439 2954 Patri
456 2928 605 2955 Antonio
621 2928 774 2956 Bouclet.

292 2973 306 2992 Ξ
343 2974 430 3001 Vide
445 2982 561 3010 supra,
577 2983 656 3009 pag.
671 2976 733 3002 634.

291 3022 304 3041 3
346 3022 442 3050 Patri
458 3023 633 3051 Bernardo
649 3024 811 3052 Oliverio.
