2028 3328
249 188 319 224 046
765 185 992 223 LITTERAE
1008 192 1365 228 QUADRIMESTRES

254 284 485 324 docebant
507 295 587 323 eos
600 283 759 323 decem
778 289 1027 334 praecepta
1047 280 1273 330 decalogi,
1296 278 1461 330 quibus
1478 278 1570 316 visi
1586 284 1694 316 sunt
1712 276 1887 327 aliquid

253 355 498 406 profuisse,
523 354 800 406 praesertim
823 353 1007 393 cuidam
1031 352 1129 391 seni
1152 357 1305 398 acuto,
1331 360 1435 388 cum
1458 360 1548 399 quo
1579 354 1886 398 posteaquam

254 438 394 477 saepe
434 426 719 477 disputatum
754 425 855 473 fuit,
893 424 1008 463 dixit
1046 421 1234 462 tandem
1270 432 1318 460 se
1352 419 1606 459 decernere
1637 431 1694 458 ex
1731 419 1887 457 animo

256 498 503 549 complecti
524 497 661 537 fidem
690 496 878 536 Christi.
913 494 1014 534 Non
1049 493 1206 533 dubito
1241 493 1409 530 multos
1441 502 1498 529 ex
1532 490 1597 529 eis
1626 489 1890 528 vberrimos

256 568 434 608 fructus
457 579 558 607 esse
581 574 803 618 capturos
825 579 882 605 ex
902 566 1059 605 labore
1078 563 1282 611 assiduo,
1303 562 1361 600 ab
1380 561 1534 611 aliquo
1555 573 1612 600 ex
1630 566 1789 599 nostra
1808 557 1886 599 So-

258 640 425 679 cietate
447 646 679 690 suscepto,
704 639 750 678 in
772 638 860 677 illis
883 635 1168 676 instruendis
1190 633 1235 673 in
1259 633 1360 672 fide.

338 709 444 750 Duo
467 710 631 750 Patres
652 721 709 749 ex
737 708 871 748 nobis
904 707 1052 758 pridie
1084 705 1174 744 diei
1209 704 1334 744 sacri
1368 703 1556 754 Virgini
1584 702 1782 751 Mariae,
1814 701 1891 752 qui

258 793 416 821 mense
456 780 673 831 Augusto
714 780 976 819 celebratur
998 809 1004 827 ,
1053 776 1254 816 Deniam
1301 781 1622 824 accesserunt,
1673 774 1751 824 qui
1796 773 1893 812 suis

259 852 563 892 concionibus
584 850 918 902 frequentibus,
943 848 1182 888 auditione
1205 846 1524 886 confitentium
1547 852 1742 896 peccata
1761 850 1806 883 et
1829 844 1892 883 in-

259 924 515 964 structione
537 924 777 963 doctrinae
800 920 1086 961 christianae
1121 919 1373 970 plurimum
1405 918 1472 968 (vt
1499 929 1557 956 ex
1585 916 1741 956 multis
1771 914 1892 955 colli-

260 1006 370 1046 gere
401 994 542 1045 licuit)
574 994 673 1034 Deo
704 993 829 1044 grati
860 992 1061 1032 fuerunt.
1100 989 1219 1030 Sunt
1253 1000 1414 1030 omnes
1444 989 1509 1028 illi
1544 987 1747 1028 Deniani
1777 987 1894 1026 bene

261 1065 432 1116 affecti,
456 1072 763 1117 posteaquam
784 1075 870 1103 nos
891 1063 994 1102 illos
1028 1062 1234 1101 salutare
1266 1060 1519 1112 coepimus,
1554 1059 1613 1099 ad
1641 1058 1891 1109 suscipien-

260 1137 368 1177 dam
388 1149 551 1177 veram
571 1136 854 1176 doctrinam:
880 1145 1077 1185 quorum
1099 1133 1223 1173 dicta
1246 1138 1290 1172 et
1309 1131 1435 1172 facta
1458 1137 1619 1182 aperte
1649 1130 1892 1170 declarant

261 1220 398 1260 quam
420 1208 723 1247 vehementer
743 1206 875 1246 nobis
897 1205 1112 1245 omnibus
1134 1205 1226 1244 sint
1247 1203 1436 1244 addicti.

341 1279 475 1330 Quod
497 1279 555 1318 ad
578 1278 741 1318 Patres
763 1285 807 1317 et
827 1277 998 1316 fratres
1029 1276 1210 1326 attinet,
1240 1275 1363 1315 scias
1392 1285 1553 1314 omnes
1581 1272 1898 1324 peculiaribus

261 1350 645 1401 occupationibus
666 1349 877 1398 detineri,
902 1359 1011 1387 nam
1034 1347 1111 1399 qui
1134 1346 1282 1386 literis
1300 1345 1592 1394 incumbunt,
1615 1342 1723 1396 [qui]
1743 1344 1893 1383 lectio—

261 1422 397 1462 nibus
418 1421 710 1472 theologicis,
734 1420 962 1459 habentes
983 1425 1207 1470 perpetuo
1229 1417 1459 1458 rationem
1480 1416 1708 1456 virtutum
1729 1421 1772 1455 et
1793 1426 1896 1466 pro-

264 1494 394 1545 priae
416 1493 756 1543 abnegationis,
781 1492 828 1531 in
855 1490 1086 1540 omnibus,
1118 1489 1272 1541 quoad
1300 1488 1399 1528 eius
1432 1487 1532 1528 fieri
1564 1492 1730 1539 potest,
1765 1497 1815 1526 se
1837 1485 1896 1525 ad

262 1564 523 1604 institutum
537 1563 861 1603 sanctissimae
873 1561 1123 1602 Societatis
1138 1561 1499 1600 conformantes.
1516 1557 1728 1598 Sacrifici
1739 1563 1896 1597 autem

262 1637 308 1676 in
329 1635 475 1676 variis
497 1641 539 1674 et
562 1635 718 1674 multis
747 1633 1137 1682 confessionibuS,
1170 1632 1216 1671 in
1244 1629 1565 1671 subueniendo
1592 1629 1663 1680 iis,
1696 1629 1774 1680 qui
1803 1628 1899 1668 iam

262 1707 467 1747 animam
490 1712 650 1756 agunt,
679 1706 727 1745 in
747 1717 864 1756 pace
886 1704 1006 1744 inter
1028 1703 1246 1743 inimicos
1268 1701 1608 1753 componenda,
1634 1706 1772 1752 atque
1794 1700 1900 1740 aliis

262 1785 389 1818 recte
409 1777 561 1828 factis,
586 1777 630 1816 in
653 1776 820 1828 quibus
843 1786 1016 1826 magna
1039 1775 1217 1814 Vtilitas
1235 1773 1514 1823 continetur,
1535 1778 1683 1812 totum
1702 1783 1814 1811 suae
1830 1771 1897 1810 vi-

263 1855 338 1889 tae
358 1855 541 1900 tempus
563 1849 827 1888 absumunt.
847 1847 1057 1887 Docetur
1074 1857 1257 1886 summo
1275 1843 1428 1885 studio
1447 1850 1490 1883 et
1509 1843 1750 1894 diligentia
1767 1841 1897 1883 fami-

264 1921 442 1960 liariter
471 1932 497 1959 a
525 1920 658 1960 nobis
688 1919 850 1959 diebus
877 1918 1125 1959 dominicis
1153 1923 1197 1956 et
1227 1916 1331 1956 aliis
1366 1915 1497 1955 festis
1532 1915 1745 1955 doctrina
1781 1913 1901 1954 chri—

264 1991 416 2031 stiana
444 1991 678 2042 frequenti
706 1989 954 2039 auditorio,
987 2001 1079 2029 non
1109 1998 1363 2039 puerorum
1392 1987 1548 2036 modo,
1577 1985 1657 2025 sed
1688 1985 1900 2025 virorum

265 2063 406 2102 etiam
422 2068 561 2113 atque
581 2061 843 2111 mulierum,
869 2061 924 2100 de
946 2072 1037 2112 qua
1061 2060 1107 2099 in
1128 2059 1303 2099 nostris
1334 2057 1528 2098 aedibus
1559 2057 1708 2096 sacris
1736 2056 1901 2096 diebus

265 2133 511 2174 dominicis
532 2133 648 2173 hora
670 2132 767 2172 fere
789 2132 927 2171 tertia
950 2142 975 2170 a
998 2129 1191 2171 meridie
1213 2129 1428 2181 publicae
1459 2128 1688 2167 habentur
1716 2126 1900 2167 concio-

267 2215 365 2253 nes,
391 2203 447 2243 ad
471 2215 587 2255 quas
618 2203 752 2243 multi
778 2201 1036 2242 audiendas
1065 2201 1315 2247 accedunt;
1348 2211 1434 2239 nec
1462 2199 1629 2238 minori
1657 2197 1810 2238 studio
1841 2196 1900 2237 ad

268 2287 362 2326 eas,
388 2287 506 2326 quae
528 2286 664 2315 mane
687 2274 932 2314 habentur.
957 2271 1126 2312 Paucis
1157 2271 1325 2311 abhinc
1354 2270 1515 2310 diebus
1542 2269 1700 2309 vocati
1728 2269 1902 2308 fuimus

269 2358 295 2385 a
314 2346 464 2386 iudice
486 2346 624 2386 huius
645 2351 836 2385 nostrae
859 2343 1086 2394 Gandiae,
1112 2350 1161 2382 vt
1185 2341 1432 2394 quemdam
1453 2340 1592 2381 morti
1622 2340 1902 2380 condemna-

267 2424 381 2467 tum,
405 2422 600 2468 peccata
621 2428 707 2457 sua
728 2415 939 2456 confiteri
961 2415 1212 2464 volentem,
1237 2413 1505 2453 audiremus
1533 2419 1577 2451 et
1603 2411 1644 2451 ei
1672 2411 1901 2451 morituro

270 2489 442 2528 nostris
465 2487 860 2528 admonitionibus
881 2498 1015 2538 opem
1037 2486 1281 2534 ferremus,
1305 2495 1445 2536 quam
1475 2483 1766 2535 prouinciam
1796 2493 1903 2521 cum

271 2559 361 2599 duo
390 2571 448 2599 ex
475 2559 649 2599 nostris
677 2558 894 2598 Patribus
922 2558 1255 2608 suscepissent,
1292 2567 1373 2608 per
1409 2561 1557 2595 totam
1591 2560 1777 2594 noctem
1811 2565 1906 2593 vna

271 2641 375 2670 cum
397 2636 530 2681 parte
552 2630 792 2681 sequentis
812 2629 918 2679 diei,
941 2628 1090 2668 donec
1112 2628 1274 2667 vltimo
1297 2626 1525 2678 supplicio
1544 2625 1821 2675 afficeretur,
1840 2624 1908 2664 ita

273 2706 379 2740 sunt
401 2712 506 2740 cum
529 2700 605 2740 illo
629 2700 849 2740 collocuti
872 2700 927 2739 de
950 2699 1180 2748 omnibus,
1205 2710 1324 2750 quae
1346 2698 1405 2737 ad
1427 2698 1627 2737 salutem
1649 2695 1790 2735 animi
1807 2707 1907 2746 per—

272 2771 495 2821 tinebant,
520 2777 570 2810 vt
596 2782 819 2821 magnam
850 2770 1036 2820 copiam
1058 2769 1426 2820 lachrymarum,
1463 2767 1782 2818 cognitionem
1811 2777 1908 2806 sce-

273 2843 435 2892 lerum,
460 2853 681 2893 spemque
703 2842 958 2882 maximam
979 2840 1119 2880 suerit
1142 2844 1441 2880 consecutus.
1466 2837 1717 2878 Praeterea
1739 2847 1910 2888 cogno-

276 2911 340 2951 uit
361 2912 605 2952 manifeste
627 2913 813 2963 quantis
833 2911 1074 2951 beneficiis
1097 2923 1123 2950 a
1150 2910 1251 2950 Deo
1274 2909 1553 2960 afficeretur,
1573 2907 1696 2960 quod
1712 2919 1763 2948 se
1779 2907 1910 2948 cruci

276 2981 401 3032 affigi
422 2982 734 3033 permitteret:
758 2982 874 3022 adeo
894 2982 1059 3021 lubens
1081 2980 1140 3020 ad
1163 2980 1443 3032 supplicium
1474 2979 1741 3028 accedebat,
1771 2986 1821 3020 vt
1852 2979 1908 3020 de
