2028 3328
816 96 900 133 AN.
931 96 1022 133 1555
1673 76 1743 136 275

104 194 264 233 uitatis
286 206 494 234 errorem
518 205 541 234 e
563 193 796 244 corruptis
824 193 1056 232 mentibus
1084 193 1341 244 expellere:
1367 205 1528 233 earum
1552 195 1741 246 multae,

100 265 322 315 quamuis
347 265 469 305 idem
489 277 581 304 non
602 264 810 312 fecerint,
841 263 1113 314 parentibus
1137 274 1221 314 pro
1245 275 1373 303 more
1395 265 1739 315 recusantibus,

105 335 263 375 animo
291 342 447 376 tamen
474 336 520 376 in
548 336 669 375 hanc
691 345 851 374 omnes
880 340 1183 373 accesserunt
1212 335 1507 374 sententiam:
1538 334 1742 386 quinque

108 417 241 457 vero,
265 407 391 446 nulla
413 411 658 458 parentum
678 405 767 444 hac
788 404 835 444 in
864 409 998 455 parte
1020 404 1180 444 habita
1202 405 1400 455 ratione,
1425 405 1646 457 quicquid
1668 405 1743 445 bo-

102 489 273 517 norum
303 477 615 529 possiderent,
647 476 871 516 concione
898 475 1133 526 perfecta,
1165 475 1325 515 diuino
1356 475 1429 525 (ut
1457 476 1743 516 credendum

102 550 198 596 est)
231 548 417 588 afflatae
448 548 635 598 spiritu,
665 547 725 587 ad
751 546 1034 587 Abbatissae
1060 546 1203 598 pedes
1232 546 1400 587 humili
1423 547 1742 597 resignatione

106 620 399 670 prouolutae,
430 624 760 670 exposuerunt.

189 688 313 729 Ηώς
335 696 489 729 autem
512 689 558 729 P.
584 688 884 740 Praepositus
905 686 912 706 ¹
932 687 1250 728 subleuandae
1268 689 1521 730 multorum
1544 689 1747 741 inopiae,

108 765 297 811 praeter
314 760 450 800 solita
469 760 709 809 exercitia,
724 759 1017 811 potissimum
1032 758 1116 799 fuit
1132 759 1352 809 intentus,
1377 771 1467 811 qua
1482 772 1575 800 non
1597 761 1748 801 solum

107 832 240 881 haec,
272 831 353 871 sed
385 832 525 871 etiam
553 831 672 871 aliae
706 831 842 871 huius
870 830 1051 870 insulae
1082 831 1297 871 ciuitates
1327 837 1557 882 urgentur
1580 840 1624 872 et
1646 843 1746 883 pre-

110 907 300 942 muntur
321 913 466 954 usque
502 902 634 950 adeo,
664 909 714 942 ut
739 901 863 941 fame
889 901 1020 941 multi
1050 901 1262 953 oppressi
1292 902 1506 942 ultimum
1528 902 1748 943 claudere

105 973 231 1013 ‘diem
254 980 498 1024 cogantur.
523 972 740 1013 Occurrit
760 972 916 1024 itaque
934 972 1041 1012 huic
1060 973 1332 1012 necessitati
1348 985 1442 1013 non
1459 985 1573 1013 sane
1595 974 1748 1025 segni-

110 1051 198 1095 ter;
235 1045 512 1084 breuissimo
548 1044 670 1084 enim
705 1043 885 1084 dierum
920 1055 1116 1083 numero
1150 1055 1244 1083 non
1281 1044 1434 1084 minus
1469 1056 1611 1096 quam
1644 1045 1754 1086 7500

111 1122 245 1156 scuta
266 1115 513 1155 Messanae
535 1128 594 1155 ex
614 1115 908 1155 eleemosinis
929 1115 1130 1166 collegit,
1150 1121 1199 1155 ut
1220 1115 1412 1156 domum
1428 1115 1587 1168 (quarn
1606 1118 1750 1168 uulgo

113 1193 318 1227 montem
335 1187 521 1238 pietatis
539 1186 791 1238 appellant)
809 1186 1115 1226 constitueret
1131 1185 1159 1227 ².
1180 1185 1286 1227 Duo
1304 1187 1485 1239 peregit
1498 1187 1607 1228 hinc
1620 1188 1753 1229 itine-

113 1268 181 1308 ra,
206 1257 434 1297 Bibonam
456 1259 668 1307 alterum,
693 1258 891 1297 alterum
911 1257 1211 1309 Panormum,
1231 1270 1431 1309 quorum
1448 1259 1620 1310 priore,
1646 1271 1752 1300 cum

115 1328 296 1369 Catana
318 1329 556 1379 transiret,
581 1329 810 1368 allocutus
833 1328 896 1368 ibi
917 1335 986 1368 est
1013 1328 1377 1380 Ferdinandum,
1409 1329 1631 1381 Proregis
1658 1343 1754 1372 ma-

115 1401 261 1440 iorem
284 1406 397 1440 natu
417 1399 574 1447 filium,
599 1399 678 1451 qui
700 1399 883 1439 dixerat
905 1406 1066 1439 nostro
1087 1399 1190 1440 R.d0
1211 1399 1340 1440 Patri
1362 1402 1480 1441 uelle
1499 1413 1548 1441 se
1572 1402 1755 1443 uniuer-

118 1472 306 1512 sitatem
328 1471 454 1511 illam
483 1470 691 1511 Catanae
715 1471 850 1522 (quae
879 1472 979 1511 sola
1000 1471 1045 1510 in
1073 1471 1161 1511 hoc
1191 1482 1338 1522 regno
1362 1472 1577 1523 habetur)
1600 1472 1755 1514 Socie-

116 1543 202 1583 tati
222 1542 523 1583 demandare.
548 1542 641 1582 Vbi
667 1542 809 1582 etiam
830 1542 1149 1594 orphanorum
1171 1542 1361 1583 domum
1384 1544 1585 1584 restituit
1607 1543 1619 1562 ³
1642 1545 1756 1585 elee-

116 1613 408 1654 mosinarum
429 1613 751 1653 subuentione.

196 1684 247 1724 In
284 1684 454 1735 oppido
490 1684 631 1723 etiam
666 1683 780 1723 Itala
817 1683 1007 1724 Domini
1046 1684 1182 1724 uinea
1219 1684 1468 1736 diligenter
1508 1688 1753 1740 excolitur;

113 1767 225 1795 ‘nam
257 1762 445 1807 praeter
480 1754 800 1795 confessiones
828 1761 873 1794 et
903 1755 1272 1806 communiones,
1304 1768 1423 1808 quae
1453 1758 1498 1798 in
1534 1758 1632 1799 dies
1666 1759 1755 1799 sre-

116 1827 387 1878 quentiores
423 1826 484 1866 ibi
513 1832 641 1876 sunt,
673 1837 822 1877 nuper
849 1825 936 1876 (ita
962 1826 1147 1866 iubente
1176 1827 1403 1879 Prorege)
1440 1830 1612 1870 missus
1646 1831 1756 1871 hinc

113 1897 357 1949 professor
379 1908 496 1937 unus
518 1902 602 1947 est,
635 1896 726 1947 qui,
758 1896 1054 1937 audientibus
1076 1899 1319 1938 monachis
1342 1906 1386 1940 et
1416 1900 1663 1952 oppidanis
1691 1902 1754 1941 iu-

119 1969 331 2018 uenibus,
355 1979 556 2019 graecas
578 1973 622 2006 et
643 1967 814 2007 latinas
835 1967 995 2007 literas
1015 1968 1330 2019 profiteretur.

198 2039 553 2091 Syracusanum
580 2038 839 2088 Collegium
871 2038 943 2088 (de
974 2050 1064 2090 quo
1099 2040 1193 2080 iam
1220 2041 1338 2080 alias
1370 2041 1637 2083 Paternitas
1677 2050 1757 2084 tua

176 2151 186 2172 ¹
226 2151 261 2178 P.
279 2151 507 2187 Hieronymus
524 2150 731 2181 Domcnech,
754 2149 892 2177 Siciliae
908 2151 1149 2178 Provincialis.

174 2198 188 2217 2
226 2198 493 2225 “Domenechius
522 2206 614 2228 vero,
638 2205 737 2232 quem
760 2198 891 2225 Prorex
912 2199 990 2226 dum
1013 2199 1193 2226 Messanae
1217 2207 1324 2233 esset,
1349 2201 1571 2229 adventantis
1594 2202 1762 2231 Turcicae

122 2247 242 2274 classis
259 2247 351 2273 fama
368 2254 406 2273 eo
421 2250 618 2279 revocatus,
633 2253 737 2280 prope
754 2246 915 2273 calendas
936 2247 1078 2274 sextiles
1103 2247 1285 2275 Bisbonam
1301 2248 1455 2281 miserat,
1471 2255 1507 2276 ut
1522 2249 1611 2278 filiae
1635 2251 1763 2279 Isabel—

121 2295 175 2321 lae
193 2294 323 2321 crebris
339 2294 470 2320 nunciis
485 2293 669 2327 flagitanti.
686 2294 774 2327 quod
790 2294 932 2328 primum
946 2294 1139 2322 immineret
1155 2296 1384 2330 puerperium,
1401 2301 1548 2330 paterna
1561 2306 1644 2326 cura
1659 2299 1760 2327 satis·

123 2341 267 2374 faceret,
283 2341 475 2368 Messanam
490 2345 526 2368 ut
548 2340 661 2372 rediit.
677 2340 819 2375 Proregi
842 2342 1027 2375 persuasit,
1044 2349 1084 2368 ne
1105 2347 1295 2376 pateretur,
1321 2343 1469 2371 Montem
1493 2345 1649 2379 Pietatis,
1665 2355 1765 2382 quem

123 2396 211 2416 anno
226 2389 401 2423 superiore
426 2388 562 2415 Natalis
578 2392 675 2415 tanto
698 2389 828 2422 labore,
844 2393 947 2423 atque
971 2390 1124 2423 impensa
1150 2390 1388 2424 inchoaverat,
1412 2400 1450 2419 eo
1473 2394 1615 2421 absente
1637 2395 1767 2422 obsole-

120 2444 230 2470 scere,
252 2437 340 2470 quod
365 2436 501 2470 publica
526 2436 673 2462 nondum
697 2437 921 2469 auctoritate,
936 2444 1044 2471 neque
1069 2437 1148 2464 ullis
1172 2438 1305 2471 legibus
1329 2440 1549 2475 constitutus,
1567 2443 1765 2476 propediem

122 2484 326 2511 interiturus
351 2484 545 2511 videbatur.
572 2482 702 2510 Prorex
728 2484 808 2510 boni
830 2484 956 2517 publici
982 2485 1158 2511 asserendi
1184 2493 1245 2519 per
1269 2493 1304 2512 se
1329 2487 1489 2521 cupidus,
1519 2492 1551 2515 et
1577 2497 1767 2524 pauperum

123 2531 249 2559 vindex
265 2532 465 2564 acerrimus,
482 2531 656 2564 negotium
673 2535 811 2557 strenue
826 2531 978 2566 suscipit,
1002 2531 1245 2566 Magistratum
1261 2541 1368 2567 creat,
1384 2535 1439 2569 qui
1463 2536 1614 2564 codicem
1632 2539 1766 2573 accepti

122 2584 156 2607 et
181 2580 320 2614 expensi
347 2579 434 2613 apud
457 2586 491 2605 se
514 2579 651 2611 habeat,
675 2579 856 2612 pecuniam
871 2584 979 2612 curet,
1005 2579 1150 2614 pignora
1173 2580 1206 2607 in
1228 2580 1327 2608 fidem
1353 2582 1510 2617 recipiat,
1527 2588 1561 2611 et
1583 2585 1768 2617 distrahat:

122 2629 216 2662 leges
232 2627 355 2658 condit,
371 2627 492 2661 quibus
507 2626 675 2653 mutuatio
697 2625 778 2652 dato
801 2628 943 2660 pignore
960 2626 1176 2661 instituatur,
1192 2632 1225 2655 et
1241 2636 1413 2663 servetur,
1430 2635 1464 2658 et
1486 2633 1688 2660 remittatur
1710 2633 1767 2661 de-

122 2674 283 2708 positum;
298 2681 443 2708 poenam
459 2673 637 2700 constituit
653 2673 968 2705 conturbatoribus,
987 2678 1019 2700 et
1035 2674 1284 2708 decoctoribus,
1301 2677 1326 2704 si
1345 2677 1432 2705 forte
1456 2678 1531 2706 dolo
1554 2681 1643 2708 malo
1664 2688 1766 2716 pecu-

122 2723 179 2749 nia
204 2723 342 2756 publica
367 2725 598 2749 averteretur.
625 2719 876 2748 Domenechius
902 2721 1106 2755 quingentos
1132 2730 1255 2750 aureos
1281 2724 1423 2753 vicatim
1453 2732 1658 2762 corrogatos
1687 2737 1766 2757 con·

125 2769 244 2802 trahit;
265 2769 506 2803 locupletiores
520 2768 647 2802 partim
662 2772 927 2801 repraesentant
951 2770 1140 2804 pecuniam,
1158 2772 1285 2805 partim
1306 2773 1524 2807 pollicentur.
1549 2775 1610 2803 His
1635 2777 1769 2805 artibus

125 2816 219 2844 Mons
235 2817 380 2844 Pietatis
397 2824 479 2851 pene
496 2816 660 2850 dilapsus,
682 2822 807 2849 magna
830 2824 1019 2851 pauperum
1040 2819 1301 2852 acclamatione.
1324 2822 1519 2850 amandatis
1541 2824 1653 2852 usuris
1668 2826 1770 2852 resti-

124 2865 267 2898 tuitur.„
284 2865 476 2897 AGUILERA,
503 2862 714 2889 Provinciae
739 2863 882 2891 Siculae
899 2864 930 2891 S.
949 2864 980 2898 J.
1010 2867 1111 2892 ortus
1126 2868 1158 2892 et
1176 2873 1233 2893 res
1247 2870 1402 2901 gestae...
1420 2869 1455 2898 P.
1472 2870 1598 2906 I,c.1v,
1615 2879 1646 2900 n.
1673 2880 1770 2905 xxm,

181 2911 196 2932 ³
233 2912 308 2947 Ipse
324 2912 360 2940 P.
378 2911 587 2939 Domencch.
