2028 3328
804 132 885 168 AN.
917 133 1007 169 1:353
1648 133 1718 168 475

81 230 359 269 breuissime
382 236 542 280 potero
565 229 618 269 R.
642 228 701 269 V.
724 228 1052 280 perstringam.
1083 228 1236 279 Atque
1260 229 1321 267 ab
1353 241 1406 267 eo
1441 229 1621 268 initium
1645 240 1717 268 ca-

86 300 225 351 piam,
265 301 386 351 quod
422 300 688 340 mortalium
715 299 898 339 animos
929 299 988 339 ad
1016 299 1362 349 suspiciendam
1392 311 1447 338 ac
1485 300 1717 339 admiran-

87 372 194 411 dam
216 371 303 411 Dei
324 372 578 412 bonitatem
600 371 802 411 maxime
824 370 1030 421 impellit,
1049 370 1269 410 nimirum
1290 376 1591 421 peccatorum
1610 383 1713 409 con-

87 443 317 483 uersione.

168 514 283 554 Cum
306 514 446 565 igitur
469 526 587 554 vnus
608 513 798 553 Patrum
820 519 1089 552 nostrorum
1111 512 1374 564 quemdam,
1398 513 1535 563 graui
1556 512 1718 551 morbo

86 585 163 624 diu
187 585 450 625 confectum
470 591 609 636 atque
641 584 943 636 pertinaciter
971 584 1076 623 huic
1106 584 1439 624 adhaerentem
1461 583 1716 634 proposit0;

86 656 376 696 salutiferam
405 657 747 696 confessionem
782 655 965 707 penitus
1001 655 1266 705 abdicandi,
1300 655 1442 695 semel
1478 654 1716 704 inuiseret3

84 739 285 778 cumque
321 727 469 777 ipsum
501 734 727 777 tenacem,
757 738 843 766 nec
871 738 925 766 ea
953 732 1106 766 mente
1137 725 1381 776 deducere,
1412 737 1498 765 nec
1528 725 1621 765 ullo
1645 725 1718 764 de—

84 804 263 837 terrere
295 806 432 849 pacto
460 799 651 848 ualeret,
685 797 942 837 maturitati
971 797 1160 837 tandem
1189 809 1272 848 per
1301 797 1477 848 aliquot
1506 802 1718 847 tempora

85 868 251 908 cedere
273 869 428 908 animo
450 869 705 920 proposuit.
729 868 869 919 Quid?
890 868 958 908 sic
978 880 1035 908 ne
1058 868 1169 908 abiit
1185 869 1290 908 nos?
1307 868 1496 908 minime
1513 867 1716 919 quidem;

84 951 194 979 nam
224 939 427 991 quadam
453 940 526 979 die
556 939 678 980 idem
698 939 851 990 Pater,
876 939 1083 979 diuinum
1105 939 1378 979 instinctum
1407 938 1715 990 persentiens

84 1011 314 1062 simulque
336 1011 442 1050 huic
465 1017 660 1061 aegroto
683 1010 845 1051 mortis
862 1010 1214 1062 oppressionem
1233 1010 1407 1061 absque
1424 1009 1718 1049 confessione

85 1082 268 1133 timens,
295 1082 353 1122 ad
374 1094 479 1122 eum
496 1093 545 1122 se
562 1082 770 1132 contulit,
791 1087 849 1132 et,
869 1093 988 1133 quae
1007 1082 1216 1121 diuinum
1233 1093 1405 1121 numen
1422 1081 1510 1121 sibi
1527 1091 1719 1131 sugges-

86 1152 145 1192 sit
171 1153 330 1201 uerba,
368 1153 671 1192 libentissime
709 1152 1096 1192 subministrauit.
1122 1152 1302 1203 Quibus
1338 1164 1450 1192 sane
1481 1158 1718 1202 aegrotuS,

84 1224 254 1263 mirum
288 1224 334 1263 in
366 1223 555 1264 modum
586 1224 813 1264 deductus
841 1223 1179 1275 emollitusque,
1210 1223 1364 1264 factus
1402 1234 1544 1263 sanus
1580 1228 1719 1274 atque

82 1295 328 1344 contritus,
352 1301 548 1346 peccata
569 1294 719 1334 eidem
740 1294 882 1345 Patri,
906 1294 1079 1345 gaudio
1101 1295 1278 1346 ingenti
1309 1294 1513 1346 perfuso,
1539 1294 1717 1334 confes-

88 1377 167 1405 sus
188 1372 272 1406 est.
296 1365 491 1405 Postera
514 1366 655 1405 etiam
678 1366 776 1406 dies
797 1364 924 1405 Patri
945 1373 1105 1406 nostro
1128 1366 1355 1405 maiorem
1377 1365 1587 1405 adhibuit
1610 1377 1718 1404 oon-

84 1437 377 1487 solationem,
403 1448 510 1477 cum
530 1449 589 1476 ex
610 1437 813 1488 quodam
833 1438 1077 1488 praeclare
1099 1437 1403 1477 intellexisset
1424 1437 1532 1476 huic
1562 1436 1718 1476 foelici

88 1514 298 1558 aegroto,
337 1513 740 1548 sacramentorum
769 1508 1003 1559 praesidio
1033 1508 1212 1548 munito
1244 1520 1299 1548 ac
1335 1513 1575 1558 exornato,
1598 1519 1718 1547 sum-

84 1590 161 1618 ma
185 1590 290 1618 cum
313 1590 397 1618 sua
418 1579 660 1619 uoluntate
680 1585 724 1619 et
745 1579 1004 1629 alacritate,
1024 1579 1322 1630 maximaque
1340 1579 1594 1619 astantium
1612 1590 1718 1618 con-

85 1649 329 1700 solatione,
353 1651 566 1690 ultimum
587 1650 801 1701 spiritum
822 1649 975 1690 Deum
996 1651 1257 1690 abstulisse.

167 1719 230 1761 At
260 1728 309 1761 ut
340 1721 460 1761 scitu
496 1720 682 1772 quidem
713 1721 989 1772 dignissima
1023 1733 1292 1773 pernoscas,
1319 1722 1490 1771 animo,
1524 1733 1715 1773 quaeso,

83 1792 266 1832 intenso
288 1791 465 1832 adesto.
481 1791 680 1843 Quidam
695 1792 812 1832 alius
830 1792 922 1832 iam
939 1792 1015 1832 diu
1035 1793 1123 1832 iuri
1145 1793 1269 1833 ciuili
1291 1792 1554 1842 inhaerens,
1579 1804 1716 1843 quem

82 1862 311 1902 intentum
336 1868 379 1902 et
410 1863 649 1903 assiduum
677 1862 740 1913 (ut
769 1863 949 1914 opinor)
985 1871 1163 1915 septem
1186 1876 1334 1904 annos
1354 1864 1596 1904 literarum
1627 1871 1717 1903 stu-

82 1933 209 1973 dium
231 1934 398 1973 mentis
416 1934 718 1985 corporisque
734 1934 935 1974 sanitate
957 1935 1225 1986 denudauit,
1249 1935 1448 1986 plurima
1466 1934 1717 1986 profunde-

80 2005 161 2044 bat
183 2004 445 2054 maledieta,
472 2005 677 2044 conuitia
695 2005 903 2045 inaudita
926 2005 1224 2057 quidpiamue
1246 2006 1455 2046 atrocius
1477 2006 1523 2046 in
1544 2005 1718 2045 bonum

83 2074 251 2126 Deum,
273 2075 472 2127 grauida
489 2075 651 2127 lingua
676 2076 854 2116 iactare
876 2083 1015 2128 atque
1037 2077 1252 2127 ingerere
1274 2077 1569 2128 persistebat.
1594 2076 1719 2129 Jam-

85 2158 173 2198 que
202 2147 300 2198 ipse
336 2147 462 2187 omni
491 2147 639 2186 salute
670 2146 894 2196 diffidens,
919 2159 1004 2187 nec
1026 2148 1168 2188 alium
1196 2159 1498 2200 quemquam,
1530 2154 1718 2199 praeter

84 2229 228 2258 unum
256 2217 347 2269 (qui
382 2218 590 2269 profecto
619 2218 667 2257 in
693 2218 812 2257 mira
840 2224 1156 2270 perpetuaque
1187 2219 1415 2270 patientia
1451 2218 1527 2258 diu
1559 2224 1720 2259 noctu-

82 2301 174 2340 que
214 2289 255 2329 ei
291 2289 572 2339 inuigilauit)
609 2300 744 2329 suum
780 2289 1044 2329 cubiculum
1080 2290 1263 2340 ingredi
1297 2290 1576 2341 patiebatur.
1615 2289 1719 2329 Hoc

86 2360 205 2400 forte
221 2360 424 2410 fortuna,
455 2371 561 2400 cum
590 2359 780 2411 quidam
801 2372 860 2400 ex
875 2361 1048 2400 nostris
1070 2360 1287 2401 Patribus
1308 2362 1544 2410 rescisset,
1569 2372 1596 2400 a
1613 2372 1721 2400 cun-

83 2431 175 2471 ctis
201 2431 337 2471 huius
368 2431 554 2482 collegii
587 2431 813 2471 fratribus
843 2431 995 2472 Deum
1025 2439 1207 2472 oratum
1228 2444 1312 2484 pro
1334 2433 1467 2472 istius
1495 2444 1716 2482 uesanae,

86 2502 297 2554 perditae
319 2509 362 2542 et
385 2502 530 2542 durae
552 2503 721 2542 mentis
743 2503 1047 2553 dispositione
1069 2515 1124 2543 ac
1147 2503 1422 2544 deductione
1444 2504 1604 2543 uoluit.
1630 2503 1719 2554 Qui

90 2585 258 2614 reuera
281 2585 528 2613 seruorum
550 2585 741 2613 suorum
766 2585 929 2625 preces
957 2575 1180 2615 exaudire
1211 2587 1296 2615 nec
1324 2574 1605 2626 dedignatus
1632 2581 1717 2614 est.

85 2645 175 2685 Iste
205 2644 327 2684 enim
353 2644 507 2695 homo,
533 2645 580 2684 in
612 2645 757 2684 multo
793 2645 1063 2695 grauiorem
1091 2646 1304 2686 morbum
1336 2646 1572 2697 delapsus,
1610 2647 1720 2686 mol-

84 2717 172 2756 lior
192 2715 344 2756 factus
365 2722 433 2755 est
454 2723 611 2756 mente
651 2716 879 2767 simulque
901 2716 1066 2756 deduci
1088 2729 1143 2757 ac
1161 2717 1434 2768 persuaderi
1456 2718 1645 2769 patitur,
1670 2725 1721 2758 vt

88 2787 266 2827 aditum
291 2786 531 2839 praedicto
559 2786 710 2837 Patri,
744 2788 1050 2828 confessionis
1071 2789 1331 2829 audiendae
1362 2789 1531 2840 gratia,
1556 2801 1719 2830 conce-

88 2857 234 2907 deret,
259 2857 428 2909 quippe
449 2858 529 2909 qui
550 2869 642 2898 non
665 2857 907 2898 confessus
930 2858 1102 2909 (credo)
1125 2860 1281 2910 plures
1303 2866 1466 2910 egerat
1489 2871 1653 2901 annos.
1678 2860 1722 2901 Is

86 2928 232 2979 igitur
252 2939 399 2980 usque
422 2928 539 2968 adeo
567 2929 810 2979 contritus,
842 2930 1077 2981 animique
1108 2941 1285 2979 angore
1313 2930 1523 2982 affectus,
1556 2933 1723 2983 culpae
