2028 3328
153 109 223 146 ‘210
665 106 894 144 LITTERAE
926 115 1285 149 QUADRIMESTRES

154 206 341 245 fuerant
364 209 509 254 arcte,
534 204 581 244 in
600 202 931 243 subueniendis
947 202 1143 243 infirmis
1159 208 1369 252 tempore
1386 200 1614 241 transitus
1636 210 1798 240 eorum

158 278 214 317 ab
236 276 325 316 hac
348 275 460 326 vita,
486 281 529 314 et
553 274 657 314 aliis
680 274 906 314 similibus
927 274 1076 314 solitis
1098 272 1486 324 occupationibus
1507 277 1695 311 nostrae
1713 270 1792 311 So-

158 347 341 388 cietatis
375 347 502 400 Jesu‚
540 345 587 385 in
622 344 789 396 quibus
822 356 1062 396 nunquam
1095 344 1224 384 deest
1259 343 1394 382 nobis
1429 343 1540 394 quid
1575 353 1790 393 agamus.

160 418 374 470 Quinque
404 418 570 458 Patres
598 422 704 456 sunt
735 416 955 456 destinati
982 414 1226 455 audiendis
1258 413 1648 463 confessionibus,
1683 418 1727 452 et
1750 412 1796 451 in

159 496 259 530 tota
280 488 575 530 hebdomada
596 488 704 528 huic
726 487 794 527 rei
811 487 1071 537 intendunt,
1091 487 1155 526 ita
1170 492 1221 525 vt
1237 486 1363 525 nulla
1379 490 1677 537 pertranseat
1699 484 1796 523 dies

161 562 261 602 sine
282 559 549 600 huiusmodi
566 558 967 610 occupationibus.

239 632 370 672 Haec
391 637 512 681 sunt,
537 628 637 669 R.de
662 628 817 678 Pater,
842 640 961 680 quae
982 628 1035 668 R.
1062 628 1108 667 P.
1134 627 1186 667 T.
1217 627 1468 667 scribenda
1496 626 1701 666 breuiter
1731 636 1796 664 sev

161 715 210 743 se
231 703 455 743 obtulere:
486 700 604 741 faxit
631 699 759 740 Deus
784 705 835 739 vt
862 711 942 739 cor
971 706 1183 739 nostrum
1214 704 1395 738 aestuet
1424 697 1714 747 confusione,
1747 701 1798 735 vt

161 775 228 815 sic
249 785 336 814 nos
356 785 441 825 pro
463 772 609 812 nihilo
630 771 886 823 pendentes
915 770 974 811 ad
1002 771 1102 810 eius
1133 770 1361 810 auxilium
1394 769 1616 809 continuo
1637 767 1798 818 implo-

163 846 362 886 randum
387 849 567 884 mentes
586 847 775 882 nostras
796 842 1105 882 subleuemus.

244 915 430 968 Emptio
453 915 716 963 domorum,
749 924 831 963 per
858 924 944 952 nos
973 918 1250 964 emptarum,
1282 910 1437 962 gratia
1467 908 1657 950 Domini
1685 908 1799 959 opti-

164 1000 237 1028 me
258 987 393 1027 nobis
415 984 640 1035 succedit,
664 984 772 1035 quia
802 983 1027 1035 Princeps
1057 983 1159 1034 ipsa
1192 981 1202 1001 ¹
1225 982 1424 1032 elargita
1446 988 1516 1021 est
1544 980 1678 1020 nobis
1705 979 1799 1019 iam

162 1060 335 1099 bonam
364 1063 546 1108 partem
573 1056 726 1107 pretii.
757 1055 960 1095 Domino
988 1054 1192 1105 fauente,
1221 1065 1333 1094 vere
1355 1052 1569 1104 proxime
1596 1055 1798 1091 venturo

166 1130 213 1170 in
235 1129 302 1169 eis
324 1128 563 1179 degemus.

244 1200 315 1240 Tu
335 1199 534 1249 interim,
559 1197 660 1238 Rde
681 1198 728 1238 in
750 1197 937 1238 Christo
959 1196 1113 1246 Pater,
1137 1196 1223 1235 hos
1245 1195 1464 1245 indignos
1484 1193 1604 1233 filios
1625 1199 1731 1232 tuos
1752 1192 1805 1231 in.

162 1271 254 1311 tuis
275 1282 330 1311 ac
353 1270 740 1310 charissimorum
763 1268 955 1308 Patrum
978 1273 1021 1307 et
1042 1267 1256 1317 fratrum,
1281 1266 1328 1306 in
1350 1266 1452 1317 ipsa
1472 1264 1609 1304 domo
1632 1264 1799 1314 degen-

163 1343 293 1392 tium,
313 1340 558 1382 sacrificiis
575 1346 620 1380 et
637 1339 926 1380 orationibus
943 1338 1298 1379 commendatos
1313 1337 1447 1376 habe.
1469 1336 1571 1375 Hoc
1588 1334 1711 1375 idern
1726 1344 1802 1384 pe-

163 1415 303 1454 timus
333 1425 358 1453 a
380 1412 482 1453 R.d0
503 1411 643 1452 Patre
664 1411 955 1462 Hieronymo
984 1410 1150 1460 Nadal‚
1180 1409 1313 1449 cuius
1340 1420 1433 1447 non
1465 1405 1799 1447 obliuiscimur.

243 1485 315 1525 Ex
336 1484 507 1536 oppido
534 1483 814 1533 Vallisoleti,
848 1481 1056 1522 calendis
1075 1480 1304 1534 Januarii,
1337 1490 1462 1519 anno
1490 1490 1515 1518 a
1544 1476 1802 1517 Natiuitate

164 1556 359 1598 Domini
383 1556 503 1595 1555.

240 1627 371 1668 Tuae
392 1625 516 1667 Rdae
541 1625 848 1666 Paternitatis
869 1625 1091 1675 indignus
1111 1623 1248 1674 filius,

1263 1765 1542 1806 DOMENECH.

245 1982 602 2034 Superscrz'ptz'o
633 1981 683 2021 in
714 1984 890 2033 quarta
917 1979 1127 2031 pagina:
1160 1979 1427 2019 Admodum
1462 1978 1562 2019 R.d0
1590 1979 1638 2019 in
1665 1978 1801 2019 thi-

164 2060 236 2094 sto
257 2053 386 2094 Patri
407 2053 492 2093 M.0
515 2052 699 2105 Ignatio
721 2051 778 2092 de
798 2052 993 2103 Loyola‚
1020 2050 1295 2102 Praeposito
1316 2050 1528 2101 generali
1555 2049 1813 2090 Societatis

164 2126 290 2178 Jesu,
314 2124 508 2165 Romae.

244 2195 357 2236 Alta
381 2207 541 2236 manu.
570 2194 687 2235 1555.
711 2193 990 2235 Vallisoleti.
1016 2192 1397 2243 Quadrimestres
1418 2193 1512 2245 p.mi
1533 2193 1761 2247 Januarii.

257 2266 524 2317 Vestigzum
546 2276 680 2306 cerae
701 2265 875 2305 rubrae
891 2268 934 2304 et
956 2263 1127 2314 sigilli.

222 2427 231 2446 ¹
272 2426 416 2460 Joanna,
432 2426 579 2460 Philippi
594 2425 625 2453 11
640 2432 749 2453 soror.
