2028 3328
227 219 297 255 710
737 219 965 256 LITTERAE
991 228 1349 263 QUADRIMESTRES

913 668 1157 723 CDXLI

289 897 486 935 Erardus
507 898 786 935 Avantianus

338 964 459 1001 Patri
477 963 646 1011 Ignatio
667 963 719 1000 de
738 963 921 1011 Loyola.

385 1028 574 1075 Vienna,
593 1029 639 1065 26
659 1028 916 1065 Decembris
938 1027 1030 1065 1555
1048 1027 1072 1065 ¹.

981 1166 1078 1220 jhs.

299 1311 462 1352 Gratia
486 1323 544 1351 ex
564 1322 659 1362 pax
679 1310 871 1350 Domini
891 1311 1043 1350 nostri
1063 1309 1173 1363 Jesu
1196 1308 1369 1350 Christi
1392 1309 1450 1349 sit
1472 1309 1718 1350 nobiscum
1734 1321 1850 1349 sem-

215 1393 313 1433 per.
337 1381 503 1422 Amen.

298 1453 359 1494 Ut
394 1461 501 1493 tuae
538 1464 787 1505 pareamus
822 1452 1068 1503 voluntati,
1097 1451 1237 1492 Pater
1266 1451 1312 1491 in
1341 1451 1529 1492 Christo
1557 1450 1847 1504 Reverende‚

218 1524 425 1564 conabor
443 1525 648 1564 breuiter
668 1535 947 1575 percensere
969 1534 1087 1575 quae
1109 1523 1198 1563 hoc
1221 1522 1573 1574 quadrimestri,
1597 1524 1754 1574 gratia
1786 1523 1850 1563 iu·

217 1601 356 1636 uante
378 1596 549 1647 diuina,
574 1596 665 1636 sint
686 1595 745 1635 ad
766 1594 940 1636 Christi
967 1594 1158 1635 Domini
1192 1595 1395 1645 gloriam
1420 1593 1774 1645 illustrandam,
1804 1600 1849 1634 et

215 1668 537 1718 proximorum
559 1666 933 1707 aedificationem
952 1665 1323 1718 promouendam
1355 1677 1382 1705 a
1411 1665 1586 1705 nostris
1606 1666 1849 1717 praeclare

214 1744 365 1788 gesta.

293 1808 344 1849 In
366 1810 529 1861 primis
551 1809 674 1862 quod
696 1810 755 1850 ad
776 1809 964 1850 scholas
992 1813 1192 1860 spectat,
1223 1807 1337 1847 nihil
1365 1806 1422 1847 ad
1450 1819 1506 1847 ea
1535 1806 1848 1848 adiiciendum

215 1881 497 1931 existimaui,
523 1892 642 1933 quae
663 1881 891 1932 proximis
908 1880 1057 1920 literis
1075 1886 1181 1920 sunt
1199 1879 1258 1919 ad
1274 1879 1499 1920 Vestram
1513 1879 1847 1930 paternitatem

214 1951 362 1992 fusius
383 1953 578 2004 perlata.
603 1951 723 1993 Nam
744 1957 945 2003 pergunt
967 1962 1095 1992 more
1117 1956 1340 1991 consueto
1369 1949 1565 1990 studiosi
1587 1950 1738 1990 nostri
1758 1950 1846 1990 sin-

213 2023 337 2074 gulis
357 2024 594 2064 mensibus
616 2023 841 2073 confiteri,
862 2034 999 2063 sacro
1018 2022 1224 2074 quotidie
1242 2022 1469 2062 interesse
1488 2021 1659 2061 missae
1678 2020 1844 2072 officio,

209 2094 257 2134 in
278 2094 449 2146 pietate
471 2107 525 2135 ac
546 2095 692 2136 literis
712 2095 842 2135 iuxta
863 2105 1157 2146 promouere.
1182 2093 1339 2133 Vnum
1355 2099 1537 2133 tantum
1554 2104 1626 2132 me
1643 2104 1846 2133 remora-

211 2170 301 2216 tur,
332 2166 579 2216 quominus
607 2166 667 2206 ad
702 2165 882 2217 reliqua
917 2177 990 2205 me
1023 2165 1184 2205 statim
1219 2163 1476 2204 conferam.
1498 2163 1559 2203 Hi
1580 2163 1704 2204 enim
1721 2164 1847 2215 piam

210 2236 463 2287 quamdam
486 2237 781 2288 tragoediam
802 2247 948 2288 nuper
969 2235 1016 2275 in
1038 2235 1157 2276 atrio
1180 2235 1317 2275 huius
1338 2235 1614 2274 monasterii
1629 2234 1846 2274 exhibue-

212 2313 334 2357 runt,
358 2315 457 2347 tum
478 2315 528 2348 vt
550 2307 813 2348 studiorum
835 2318 1026 2347 suorum
1048 2305 1237 2358 aliquod
1258 2305 1448 2345 ederent
1470 2305 1723 2357 specimen,
1749 2313 1845 2344 tum

211 2385 262 2418 vt
297 2390 323 2418 a
360 2379 537 2419 saeculi
572 2379 781 2418 vanitate
814 2383 1135 2429 spectatorum
1170 2377 1352 2417 animos
1387 2382 1661 2416 auocarent.
1703 2375 1846 2427 quue

213 2454 343 2489 tanto
367 2461 472 2489 cum
493 2450 722 2501 applausu
746 2448 960 2489 effectum
982 2454 1065 2499 est,
1090 2454 1141 2488 vt
1158 2459 1317 2488 rumor
1334 2458 1417 2499 per
1435 2453 1582 2487 totam
1605 2446 1846 2487 ciuitatem

264 2610 274 2630 ¹
315 2609 578 2643 Autographae,
595 2613 688 2636 totae
704 2616 806 2636 manu
820 2607 946 2635 Erardi
963 2608 996 2635 in
1012 2607 1136 2642 duplici
1156 2607 1247 2641 folio,
1272 2614 1327 2634 nn.
1350 2605 1401 2634 190
1415 2610 1448 2633 et
1473 2607 1534 2633 191.
1558 2605 1779 2640 Subscriptae
1801 2608 1845 2634 ab

215 2656 350 2685 Erardo
365 2658 459 2684 fuere
474 2663 561 2684 anno
577 2657 655 2690 1556;
671 2657 730 2683 sed
751 2660 812 2683 aut
832 2656 904 2690 ipse
927 2659 987 2682 aut
1009 2655 1106 2690 alius,
1131 2659 1224 2682 certe
1245 2654 1417 2688 antiquus,
1440 2658 1650 2688 postremum
1670 2661 1845 2681 numerum

212 2705 409 2732 emendavit
432 2705 585 2731 scribens
611 2704 689 2731 1555.
710 2703 829 2730 Manus
853 2707 968 2730 tamen
991 2710 1147 2736 romana,
1171 2709 1257 2736 quae
1281 2702 1334 2729 his
1356 2701 1582 2729 monumentis
1605 2701 1845 2735 inscriptiones

213 2752 490 2786 superimposuit,
506 2752 583 2779 huic
599 2752 758 2786 apposuit
773 2758 898 2778 annum
914 2749 992 2778 1556.
1008 2750 1066 2781 At.
1079 2757 1155 2777 cum
1170 2757 1289 2777 verum
1304 2749 1349 2776 sit
1364 2748 1547 2782 Erardum,
1571 2749 1777 2776 novitiorum
1797 2749 1844 2776 in-

215 2799 468 2826 stituendorum
489 2806 628 2826 munere
649 2799 814 2833 deposito,
835 2798 969 2825 Vienna
990 2797 1134 2825 Romam
1155 2800 1290 2824 aestate
1311 2797 1390 2824 anni
1407 2796 1475 2823 1556
1493 2796 1597 2823 fuisse
1611 2796 1800 2830 profectum
1812 2800 1845 2823 et

215 2845 357 2873 Laureti
371 2847 564 2874 substitisse
587 2846 689 2878 (Vide
706 2846 855 2874 POLAth
878 2846 1080 2880 Chronicon,
1096 2849 1125 2873 t.
1143 2846 1201 2879 Vl).
1217 2844 1277 2872 vix
1298 2844 1435 2871 dubium
1455 2851 1529 2871 esse
1550 2848 1663 2878 potest
1686 2843 1764 2878 quin
1780 2844 1844 2871 hae

216 2893 355 2920 litterae
371 2893 552 2927 postremis
567 2894 645 2920 anni
663 2894 732 2920 1555
745 2894 864 2921 diebus
885 2894 1010 2921 fuerint
1031 2893 1194 2927 scriptae:
1216 2891 1372 2927 quamvis
1394 2899 1476 2918 vere
1498 2891 1621 2918 mirum
1645 2894 1694 2918 est
1717 2891 1844 2919 nullam

216 2947 331 2966 rerum
345 2940 379 2966 in
394 2940 447 2967 his
463 2940 591 2967 litteris
606 2945 846 2968 enarratarum
864 2941 992 2968 factam
1007 2939 1151 2974 reperiri
1166 2947 1227 2966 nec
1242 2947 1261 2967 a
1277 2939 1433 2966 POLANco
1449 2946 1509 2965 nec
1525 2939 1568 2966 ab
1584 2937 1788 2965 ORLANDINI.

269 2987 365 3015 Omni
385 2993 504 3015 carent
527 2989 827 3023 superscriptione;
853 2989 911 3016 sed
930 2990 958 3016 si
973 2996 1055 3016 vere
1077 2988 1226 3022 scriptae
1248 2992 1325 3014 sunt
1345 2994 1433 3014 anno
1455 2986 1533 3020 1555,
1556 2987 1685 3014 nullum
1706 2986 1843 3013 dubium

210 3043 286 3063 esse
303 3039 417 3069 potest
432 3036 511 3069 quin
523 3038 565 3064 ad
580 3036 751 3070 Ignatium
767 3037 869 3065 datae
884 3039 1022 3065 suerint.
