2028 3328
200 166 269 201 010
720 164 946 202 LITTERAE
964 176 1322 208 QUADRtMESTREs

198 262 315 301 nicis
338 272 391 300 ac
413 260 544 300 festis
562 260 722 300 diebus
740 261 1025 301 salutaribus
1042 262 1306 312 praeceptis
1324 261 1646 313 informarent,
1667 263 1834 314 quibus

198 333 319 372 iusta
339 331 603 383 petentibus
630 332 796 382 negari
827 332 939 371 nihil
968 333 1131 383 potuit:
1163 343 1286 371 nunc
1312 331 1435 371 enim
1465 332 1600 372 fratri
1628 333 1830 382 cuidam,

198 415 320 443 nunc
343 402 486 445 Patri.
509 403 597 442 hoc
619 403 859 453 negotium
881 403 1094 452 dabatur,
1116 414 1232 453 quos
1250 402 1395 442 uincti
1412 414 1594 443 summa
1617 405 1832 445 alacrita-

196 482 239 514 te
262 480 305 514 et
324 474 501 514 laetitia
523 473 838 524 excipiebant.
860 473 994 513 Hunc
1018 474 1220 513 arbitror
1242 473 1451 513 laborem
1467 474 1568 514 Deo
1592 481 1685 526 opt.
1703 487 1828 516 max.

196 558 289 585 non
310 546 549 596 ingratum
570 545 726 593 fuisse,
753 552 850 584 tum
873 545 996 595 quod
1020 545 1202 584 externi
1226 545 1498 596 spiritaliter
1523 545 1833 586 aedificaban-

197 624 285 666 tur,
309 623 407 656 tum
429 616 553 667 quod
576 626 797 666 magnam
822 616 1070 655 utilitatem
1093 615 1333 655 auditores
1354 616 1691 668 percipiebant.
1714 617 1834 658 Tan-

197 696 244 727 ta
266 693 335 727 est
357 687 468 727 inibi
495 686 572 726 fex
599 693 643 725 et
673 687 854 725 sentina
885 688 1129 735 malorum,
1164 692 1295 725 tanta
1323 686 1564 727 hominum
1589 689 1832 729 multitudo

197 764 240 798 et
261 759 480 808 uarietas,
497 757 789 808 judaeorum,
810 768 1095 805 maurorum,
1116 756 1477 808 haereticorum,
1499 758 1829 808 ueneficorum,

196 830 275 881 qui
295 836 540 869 anteactae
563 829 687 868 uitae
710 828 994 879 poenitentia
1018 828 1144 867 ducti
1175 835 1479 879 peccatorum
1508 841 1699 870 suorum
1726 842 1832 882 poe-

195 913 280 941 nas
301 901 349 940 in
369 900 568 940 uinculis
589 900 735 949 luunt;
761 898 886 949 quod
908 899 947 937 si
969 899 1063 938 ulla
1085 897 1225 938 fiebat
1253 899 1562 951 intermissiO,
1586 912 1692 941 cum
1713 902 1832 941 aliae

196 977 489 1023 emergerent
520 970 869 1021 occupationes,
904 981 1086 1009 summo
1117 970 1455 1021 propemodum
1486 972 1647 1012 dolore
1679 972 1831 1013 affecti

196 1042 494 1083 uehementer
517 1042 750 1092 rogabant
772 1054 829 1081 ne
851 1053 900 1081 se
922 1041 1075 1081 deseri
1093 1053 1211 1081 neue
1233 1048 1363 1082 tanto
1386 1043 1633 1084 commodo
1655 1044 1834 1095 priuari

197 1120 480 1166 pateremur.

281 1184 352 1225 De
374 1185 445 1224 his
468 1184 605 1224 rebus
626 1184 868 1233 hactenus3
893 1195 1016 1224 nunc
1038 1185 1097 1224 ad
1117 1185 1378 1225 studiorum
1402 1194 1670 1227 nostrorum
1692 1189 1831 1228 ratio-

195 1269 301 1297 nem
323 1256 477 1296 redeo.
505 1255 856 1306 PraeceptoreS,
881 1262 1057 1307 quanta
1075 1256 1269 1307 quisque
1286 1263 1437 1307 potest
1455 1257 1685 1298 industria
1709 1267 1752 1298 et
1770 1260 1831 1300 di-

135 1376 140 1380 ,
193 1328 402 1379 ligentia,
434 1327 720 1366 contendunt
747 1339 840 1366 non
868 1327 1020 1366 minus
1048 1327 1196 1367 literis
1224 1339 1364 1379 quam
1391 1328 1643 1369 uirtutibus
1674 1331 1829 1370 adole-

196 1404 408 1439 scentum
430 1398 610 1438 animos
632 1399 863 1448 excolere;
887 1409 978 1449 qua
1008 1398 1055 1437 in
1078 1410 1127 1437 re
1157 1404 1200 1438 et
1231 1398 1320 1439 sibi
1346 1404 1391 1439 et
1419 1399 1660 1451 discipulis
1690 1402 1826 1452 pluri-

196 1482 322 1509 mum
340 1468 602 1521 proficiunt3
622 1481 707 1508 nec
725 1469 956 1509 bonorum
973 1469 1236 1519 authorum,
1257 1482 1372 1522 quos
1390 1471 1575 1522 publice
1592 1481 1830 1522 enarrant,

197 1542 392 1581 lectione
416 1541 638 1591 contenti,
662 1541 791 1580 horis
819 1541 1090 1580 succissiuis
1120 1542 1235 1581 alios
1266 1542 1507 1594 utriusque
1539 1543 1727 1595 linguae
1756 1557 1831 1585 au-

193 1614 349 1653 thores
372 1613 606 1652 euoluunt.
636 1611 738 1652 Non
767 1612 967 1663 exiguus
998 1620 1068 1652 est
1096 1613 1447 1663 ingeniosorum
1481 1615 1831 1656 adolescentum

193 1690 464 1735 prouentus,
496 1695 695 1735 quorum
722 1683 854 1723 multi
883 1695 1106 1734 magnam
1135 1684 1191 1724 de
1219 1696 1268 1724 se
1299 1695 1429 1736 spem
1465 1685 1670 1736 quotidie
1706 1688 1828 1727 exci-

192 1761 307 1795 tant.
332 1754 493 1806 Neque
515 1755 681 1794 desunt
702 1754 847 1794 nobili
868 1755 972 1794 loco
994 1755 1093 1794 nati
1114 1754 1451 1806 adolescentes,
1477 1757 1554 1808 qui
1576 1763 1620 1797 et
1641 1757 1831 1808 ingenio

190 1833 235 1865 et
257 1826 486 1866 industria
508 1838 601 1865 non
623 1832 730 1865 sunt
751 1826 951 1866 caeteris
973 1825 1234 1866 inferiores.
1265 1826 1414 1867 Maior
1441 1827 1488 1867 in
1517 1827 1616 1868 dies
1638 1840 1829 1869 concur-

192 1909 271 1937 sus
291 1897 354 1945 fit,
378 1897 620 1948 maiorque
643 1897 859 1937 omnibus
881 1897 1115 1948 cupiditas
1137 1897 1343 1948 incessit;
1363 1910 1513 1950 neque
1530 1899 1653 1940 enim
1671 1906 1830 1940 aestus

191 1968 389 2008 saeuitia
410 1967 548 2007 ullius
572 1979 779 2019 unquam
799 1967 1004 2008 studium
1020 1968 1280 2008 retardauit
1298 1969 1548 2020 quominus
1564 1970 1832 2022 frequentes

192 2040 422 2090 uenirent,
448 2050 538 2090 quo
561 2044 772 2090 tempore
794 2039 912 2079 mira
933 2039 1151 2090 paucitas
1172 2051 1276 2079 esse
1298 2040 1431 2080 solet.
1449 2040 1766 2082 Humaniores
1782 2043 1830 2082 li—

190 2116 319 2150 terae
348 2116 528 2161 septem
556 2110 786 2150 classibus
817 2110 1087 2150 edocentur.
1120 2110 1410 2161 Theologiae
1441 2123 1580 2152 casus
1609 2118 1829 2154 octauam

191 2188 496 2232 occuparunt.
522 2181 774 2221 Crescente
796 2187 951 2221 autem
974 2181 1368 2222 scholasticorum
1395 2194 1606 2234 numero,
1635 2183 1752 2233 adeo
1780 2192 1829 2224 ut

192 2264 362 2303 capere
386 2252 628 2292 uenientes
648 2252 869 2292 subsellia
897 2264 989 2292 non
1019 2259 1224 2304 possent,
1255 2253 1483 2304 singulari
1509 2253 1663 2294 Patris
1693 2254 1829 2295 Miro-

194 2323 265 2362 nis
287 2323 481 2363 consilio
504 2314 694 2363 cautum
715 2330 785 2363 est
806 2335 864 2363 ne
885 2323 966 2363 ulli
987 2323 1142 2364 aditus
1163 2329 1301 2375 esset,
1324 2324 1413 2364 nisi
1428 2323 1500 2373 iis,
1520 2325 1597 2376 qui
1614 2325 1673 2365 ad
1694 2337 1825 2378 supe-

192 2395 342 2434 riores
373 2395 548 2434 classes
580 2394 860 2446 aspirarent,
893 2406 1000 2435 cum
1026 2394 1073 2434 in
1100 2394 1399 2435 inferioribus
1432 2406 1636 2446 magnae
1671 2403 1826 2437 essent

191 2465 452 2515 angustiae.
478 2464 732 2516 Quingenti
753 2465 898 2516 igitur
919 2466 1021 2516 plus
1038 2466 1192 2506 minus
1208 2466 1255 2506 in
1267 2466 1505 2518 publicum
1523 2468 1827 2519 cathalogum

191 2536 326 2575 relati
342 2542 463 2586 sunt;
483 2536 687 2587 quinque
703 2542 748 2576 et
765 2536 933 2587 uiginti
949 2536 1131 2588 excipio
1149 2536 1487 2586 adolescentes,
1508 2538 1585 2589 qui
1602 2549 1660 2578 ex
1677 2538 1828 2590 prima

194 2606 343 2646 classe
363 2606 423 2646 ad
444 2607 692 2657 grauiores
713 2607 1030 2659 capessendas
1051 2607 1323 2659 disciplinas
1340 2608 1631 2660 prodierunt,
1655 2620 1760 2649 cum
1781 2609 1828 2650 in

191 2676 377 2726 graecis
398 2682 442 2716 et
462 2677 619 2717 latinis
641 2689 734 2718 non
755 2689 923 2729 parum
943 2678 1305 2730 promouissent;
1330 2678 1408 2718 alii
1430 2679 1489 2719 ad
1506 2679 1736 2731 ingenuas
1757 2691 1827 2720 ar·

187 2754 271 2796 tes,
299 2747 376 2786 alii
397 2747 456 2787 ad
477 2747 889 2799 iurisprudentiam
915 2749 1098 2789 animos
1125 2748 1411 2790 adiecerunt.
1436 2748 1648 2801 Vrgente
1671 2756 1828 2790 autem

190 2828 316 2872 uere,
341 2823 391 2857 vt
412 2823 658 2858 contracta
674 2819 901 2859 lassitudo
917 2819 1071 2859 leuato
1089 2831 1230 2859 onere
1246 2820 1475 2871 tantisper
1492 2820 1743 2871 leuaretur,
1763 2821 1826 2860 bi·

192 2899 280 2927 nae
301 2887 514 2938 singulae
534 2887 637 2939 (sic)
657 2889 1052 2940 praelectionibus
1073 2889 1305 2930 dabantur
1326 2890 1488 2941 horae,
1507 2902 1599 2942 quo
1618 2896 1827 2942 tempore

188 2957 380 3009 quidam
402 2969 461 2997 ex
483 2959 656 2999 nostris
677 2971 758 2999 eas
782 2961 1106 3011 perceptiones
1132 2961 1178 3000 in
1207 2972 1382 3011 magna
1403 2961 1669 3001 auditorum
1695 2973 1826 3002 coro-
