2028 3328
168 130 192 167 6
682 131 910 171 LITTERAE
930 143 1290 177 QUADRIMESTRES

171 228 521 280 consolationis,
540 229 705 281 largiri
720 230 883 281 voluit,
902 236 953 271 vt
969 231 1134 272 eodem
1149 242 1394 283 regressus
1410 238 1454 272 et
1473 231 1700 284 reliquam
1717 231 1806 271 sibi

174 304 376 340 aetatem
398 300 458 340 ad
477 301 815 342 monasterium
836 301 1100 342 habendam
1120 314 1312 343 suorum
1338 302 1384 343 in
1406 302 1612 343 maximo
1634 302 1805 344 facino-

176 382 280 411 rum
298 370 674 424 flagitiorumque
695 383 910 412 moerore
931 384 987 412 ac
1008 372 1331 415 satisfactione
1351 372 1581 413 statuerit.
1604 372 1809 414 Videtur

175 441 401 493 profecto,
425 442 611 483 tametsi
630 454 726 483 non
747 443 838 483 alia
860 443 916 484 de
939 455 1082 484 causa
1104 450 1296 484 sanctus
1312 444 1388 484 hic
1410 443 1677 484 aduenisset
1694 444 1808 484 iubi-

174 514 321 565 laeus,
338 513 463 553 haud
475 514 697 565 exiguum
710 513 830 555 foret
841 514 1118 555 beneficium
1130 516 1206 556 vel
1217 516 1325 556 huic
1338 515 1417 555 uni
1433 514 1653 555 collatum
1669 527 1696 555 a
1716 514 1807 556 Do-

177 584 318 625 mino.
342 584 598 636 Hactenus,
618 585 805 626 Christo
822 586 939 637 laus,
961 587 1266 627 concionibus
1288 585 1531 627 audiendis
1551 597 1809 627 concursus

177 666 290 695 sane
317 655 469 696 extitit
503 657 690 697 multus.
720 656 972 697 Praeterea
1003 663 1047 697 et
1075 657 1206 698 festis
1233 664 1277 698 et
1305 656 1551 697 dominicis
1582 656 1745 698 diebus
1783 669 1810 698 a

176 726 292 766 viris
312 727 569 778 permultis,
593 733 637 768 et
669 728 855 779 quidem
886 728 989 780 piis,
1013 727 1152 768 aedes
1173 734 1363 768 nostrae
1384 727 1571 779 vesperi
1596 734 1702 768 sunt
1722 727 1810 768 fre-

178 803 445 849 quentatae,
468 797 745 838 adeuntibus
767 799 1029 850 spiritualia
1051 799 1108 839 ob
1131 798 1404 851 accipienda
1431 799 1630 851 eloquia,
1655 799 1811 840 iidem-

180 879 269 919 que
291 868 394 908 hice
416 868 525 919 (sic)
546 875 715 909 octauo
736 880 920 922 quoque
943 869 1015 910 die
1036 876 1247 910 nostrum
1270 871 1317 910 in
1337 870 1575 922 sacellum,
1604 870 1814 922 peccatis

181 938 475 980 confessione
498 940 680 991 ablutis,
717 939 778 981 ad
805 951 980 992 corpus
1009 939 1309 982 Dominicum
1329 940 1523 981 veniunt
1557 941 1813 982 accessuri.

183 1008 420 1050 Adhibeat
441 1009 671 1051 Dominus
693 1011 1021 1052 constantiam.

262 1080 334 1122 De
361 1082 526 1122 studiis
558 1088 715 1122 autem
746 1082 960 1134 fratrum,
993 1084 1220 1135 pergitur,
1248 1084 1634 1136 potissimumque
1661 1095 1815 1135 gram-

183 1153 355 1193 matica
379 1152 405 1204 ¹,
430 1154 505 1193 cui
539 1165 598 1194 ex
624 1153 851 1194 fratribus
878 1153 1152 1194 incumbunt
1173 1160 1365 1206 septem3
1402 1155 1470 1195 rei
1505 1154 1815 1195 solicitudinis

183 1224 545 1276 diligentiaeque
568 1224 815 1265 adhibetur
837 1225 966 1265 satis.
991 1225 1111 1266 Nam
1132 1226 1255 1278 quod
1276 1226 1441 1267 attinet
1462 1226 1521 1266 ad
1552 1225 1815 1267 aedificium

187 1295 399 1347 Collegii,
423 1295 650 1336 foeliciter
673 1295 790 1336 adeo
811 1307 914 1336 sese
935 1296 1087 1346 habet,
1113 1304 1162 1336 vt
1179 1297 1386 1348 plerique
1409 1297 1455 1337 id
1472 1297 1816 1349 conspicientes

187 1366 431 1407 mirentur:
455 1367 554 1407 eius
571 1373 742 1417 autem,
767 1378 885 1418 quae
906 1379 1030 1407 nunc
1053 1368 1342 1408 construitur
1363 1380 1490 1419 pars,
1513 1368 1636 1408 hanc
1657 1379 1816 1420 quam-

182 1438 385 1489 primum
399 1438 626 1486 (divinum
638 1437 775 1478 modo
794 1437 915 1478 adsit
929 1438 1169 1488 auxilium)
1183 1439 1426 1479 absoluere
1442 1438 1814 1491 properabimus.

266 1508 386 1560 Quid
413 1508 468 1549 de
504 1508 685 1560 ingenti
705 1509 1041 1559 consolatione,
1067 1521 1158 1561 qua
1186 1509 1315 1550 Deus
1351 1510 1554 1561 optimus
1583 1510 1818 1551 maximus

185 1585 398 1620 nostrum
419 1579 806 1620 charissimorum
836 1578 1027 1620 Patrum
1048 1580 1138 1620 huc
1159 1581 1236 1632 qui
1265 1574 1497 1633 coierunt,
1522 1581 1816 1633 optatissimo

189 1649 393 1690 aduentu
415 1662 500 1690 nos
522 1649 701 1690 affecit?
723 1649 858 1701 Quod
879 1651 918 1690 si
939 1662 1100 1691 omnes
1127 1658 1354 1703 quotquot
1375 1652 1451 1693 hic
1472 1652 1657 1704 agimus
1689 1658 1818 1693 recte

189 1722 344 1761 animo
374 1721 774 1773 perpenderinmS,
811 1728 999 1761 nostros
1031 1722 1236 1762 omnium
1271 1723 1455 1763 animos
1489 1729 1714 1775 paternus
1744 1722 1819 1763 ille

187 1799 448 1832 conuentus
482 1804 577 1832 non
610 1799 863 1843 Vtcumque
891 1793 1100 1832 excitare
1127 1799 1171 1832 et
1199 1794 1347 1844 potuit
1375 1800 1419 1834 et
1442 1794 1614 1846 debuit,
1637 1800 1688 1834 vt
1711 1793 1819 1846 quia

191 1863 266 1904 hic
287 1864 503 1914 primitus
524 1869 807 1903 conuentum
828 1870 913 1913 est,
937 1870 982 1903 et
1002 1875 1087 1904 nos
1110 1864 1250 1904 etiam
1271 1865 1409 1916 primi
1426 1872 1477 1906 vt
1498 1865 1701 1906 Domino
1718 1876 1822 1917 pro-

188 1936 421 1986 ximisque
443 1935 661 1974 vniamur
678 1934 888 1974 vicissim
904 1936 1229 1986 properemus?
1247 1935 1367 1987 Quid
1383 1936 1587 1978 referam
1608 1935 1823 1989 equidem

189 2007 292 2047 illos
314 2005 489 2047 Christi
508 2005 762 2056 ministros,
786 2004 1068 2056 Magistrum
1087 2005 1257 2058 Nadal,
1288 2007 1596 2049 Franciscum
1622 2007 1679 2049 de
1713 2008 1825 2048 Bor-

190 2077 285 2129 gia,
308 2076 563 2118 Doctorem
585 2075 757 2127 Araoz,
781 2075 1036 2117 Doctorem
1059 2076 1248 2129 Torres,
1272 2078 1553 2129 Magistrum
1573 2078 1770 2120 Sti-ada?
1793 2078 1823 2130 ²,

192 2160 309 2199 quos
329 2147 501 2188 intueri
522 2147 691 2187 mirum
713 2148 903 2187 omnino
927 2159 983 2188 ac
1004 2148 1191 2189 diuinae
1220 2149 1370 2190 laudis
1398 2149 1703 2190 seminarium
1722 2149 1823 2190 fuit.

191 2219 314 2270 Quid
335 2219 504 2259 horum
524 2229 765 2258 sermones
786 2224 830 2258 et
852 2219 1098 2270 colloquia,
1118 2220 1228 2270 quid
1250 2220 1518 2261 conuictum
1535 2227 1580 2261 et
1596 2221 1828 2262 sermonis

193 2289 481 2331 comitatem?
504 2288 626 2340 Quot
656 2289 934 2340 quantisque
957 2289 1108 2329 dubiis
1129 2290 1274 2330 corda
1301 2297 1463 2332 nostra
1485 2292 1662 2344 passim
1689 2291 1828 2332 extri-

194 2362 380 2401 cabant!
405 2367 628 2412 quantam
650 2358 836 2400 demum
857 2360 1215 2402 admirationem
1235 2361 1530 2403 adducebant
1561 2362 1758 2403 cunctis!
1789 2361 1828 2403 O

194 2431 307 2485 Jesu
329 2431 517 2483 optime!
539 2436 590 2470 vt
610 2436 772 2471 nostra
800 2431 1006 2471 omnium
1033 2438 1225 2483 pectora
1250 2432 1513 2474 exhilarata
1541 2440 1586 2474 et
1607 2433 1829 2476 roborata
1877 2482 1880 2485 ,

196 2509 303 2544 sunt
323 2513 437 2554 prae
456 2508 587 2542 tanta
608 2501 915 2552 fraternitate,
946 2502 1268 2544 aedificatione
1291 2510 1335 2545 et
1356 2505 1601 2555 charitate,
1632 2516 1751 2556 quae
1782 2504 1830 2546 in

196 2573 488 2615 charissimis
508 2573 683 2613 nostris
703 2573 1045 2625 perspeximus!

278 2644 418 2685 Pater
429 2644 579 2684 Nadal
593 2643 684 2684 huc
701 2643 973 2684 adventauit
990 2633 1141 2696 pridie
1157 2645 1317 2687 Nonas
1329 2646 1549 2699 Aprileis:
1568 2658 1832 2687 commora-

197 2723 273 2757 tus
295 2722 364 2756 est
386 2727 467 2767 per
489 2716 605 2756 duos
626 2721 671 2755 et
692 2715 861 2766 viginti
882 2715 993 2767 dies,
1027 2728 1119 2768 quo
1149 2718 1373 2770 temporis
1394 2718 1546 2770 spatio
1566 2717 1732 2759 Patres
1760 2730 1835 2760 su-

255 2852 266 2874 ¹
304 2852 370 2887 Sic;
384 2854 505 2881 melius
520 2853 557 2880 in
570 2852 703 2879 studiis
715 2852 1009 2888 autemfratrum
1021 2855 1201 2888 pergitur,
1211 2856 1513 2889 potissimumque
1528 2855 1565 2882 in
1579 2856 1836 2889 grammatica.

253 2901 267 2920 2
305 2900 428 2928 Patres
443 2908 561 2935 nempe
577 2900 822 2935 Hieronymum
837 2900 960 2935 Nadal,
978 2901 1163 2929 Antonium
1178 2902 1219 2929 de
1236 2903 1361 2938 Araoz,
1377 2902 1580 2930 Michaelem
1601 2902 1641 2930 de
1655 2902 1783 2932 Torres
1801 2906 1835 2931 et

199 2947 291 2983 Mag.
307 2947 530 2975 Franciscum
544 2948 583 2975 de
599 2947 763 2975 Estrada.
