2028 3328
198 136 269 173 ’.330
710 137 937 174 LITTERAE
964 149 1322 181 QUADRIMESTRES

199 232 456 274 Doctrinae
490 235 685 274 materia
720 234 816 274 fere
838 235 1101 275 auditorum
1122 235 1308 275 Vtilitati
1332 235 1527 275 inseruit
1548 240 1593 274 et
1614 235 1836 286 tempori„

200 316 397 356 quorum
418 310 547 345 tanta
571 311 639 344 est
660 305 825 355 religio
846 306 1087 357 pietasque
1115 307 1162 346 in
1189 307 1356 356 Deum,
1384 312 1436 345 vt
1457 305 1537 345 uix
1557 311 1654 345 tam
1674 305 1831 345 multis

200 375 397 415 sufficiat
418 377 654 427 templum,
681 382 1004 428 cogamusque
1026 389 1110 428 pro
1130 377 1308 417 foribus
1332 376 1506 416 audire.

279 447 410 487 Multi
431 448 673 498 utriusque
695 459 850 498 sexus,
875 448 1032 488 audito
1054 460 1190 488 sacro
1214 460 1268 487 ac
1291 448 1531 497 concione,
1565 447 1706 487 ieiuni
1726 458 1833 498 per-

201 524 391 558 manent
411 519 457 558 in
478 519 666 569 templo,
691 530 781 570 quo
807 519 989 570 possint
1016 519 1387 571 pomeridianam
1416 519 1679 559 doctrinam
1706 517 1832 558 audi·

201 602 266 639 re,
296 590 499 629 contenti
521 589 753 640 spirituali
782 590 900 638 cibo,
929 602 1018 642 quo
1051 591 1221 630 ibidem
1252 589 1537 630 reficiuntur.
1563 590 1741 630 Tantus
1764 595 1834 629 est

202 659 374 710 feruor,
399 666 529 700 tanta
547 660 809 700 animorum
830 662 1157 713 tranquillitas,
1181 667 1231 701 vt
1259 672 1365 701 cum
1386 661 1445 700 sit
1474 660 1697 700 refertum
1723 666 1835 700 tem-

203 732 344 783 plum,
380 732 507 771 nulla
537 737 693 771 tamen
724 732 952 772 sentiatur
975 732 1280 784 perturbatio,
1299 731 1492 783 perinde
1514 743 1569 771 ac
1590 731 1628 771 si
1650 731 1836 771 adesset

203 814 355 842 nemo.
382 802 499 842 Cum
522 802 737 842 aedituus
755 802 931 843 diceret
948 803 1133 843 cuidam
1150 808 1200 842 vt
1217 802 1478 842 discederet
1496 802 1692 852 (abierat
1708 813 1834 842 nam-

203 885 291 925 que
327 873 590 924 meridies),
622 873 879 925 respondit:
919 874 1188 914 “Redibone
1218 873 1428 924 domum,
1461 878 1658 924 excepta
1696 873 1845 924 paulo-

203 951 310 985 ante
328 950 635 984 sacrosancta
647 944 1006 996 Eucharistia?‚,.
1022 944 1334 985 Concionibus
1351 944 1504 984 Patris
1521 944 1717 984 Gonzali
1733 943 1845 984 Vazs

204 1016 349 1067 multi,
380 1022 476 1056 tam
506 1016 596 1056 viri
617 1028 759 1068 quam
778 1017 1023 1067 foeminae,
1061 1022 1309 1056 mouentur
1334 1016 1393 1055 ad
1421 1015 1691 1066 lachrimas,
1716 1015 1841 1066 quod

204 1087 324 1127 idem
345 1088 391 1127 in
413 1087 682 1138 recipiendo
706 1086 1021 1128 Sacrosancto
1043 1086 1351 1128 Sacramento
1373 1088 1510 1139 plane
1537 1087 1835 1138 perspicitur.

203 1159 482 1199 Benedictus
504 1158 647 1210 Deus,
677 1171 704 1199 a
726 1170 817 1210 quo
847 1159 1004 1199 omnia
1037 1159 1160 1199 bona
1193 1158 1569 1210 proficiscuntur.
1602 1157 1694 1198 Sed
1728 1157 1842 1209 quid

205 1231 370 1270 mirum
392 1230 431 1270 si
453 1230 570 1270 haec
588 1229 728 1270 donet
758 1242 864 1270 cum
900 1230 1105 1281 seipsum
1139 1230 1464 1270 liberalissime
1499 1236 1648 1269 totum
1670 1229 1838 1279 largia—

202 1303 300 1342 tur?
321 1301 372 1342 In
392 1301 549 1342 Natali
569 1300 761 1342 Domini
788 1302 1253 1342 communicauerunt
1276 1301 1462 1341 circiter
1489 1299 1609 1340 4000.
1633 1299 1849 1351 Singulis-

202 1372 520 1423 hebdomadis‚
560 1373 598 1413 si
627 1373 835 1412 omnium
869 1373 1098 1412 habeatur
1132 1372 1277 1423 ratio,
1311 1372 1659 1412 communicant
1694 1382 1840 1422 prope

200 1443 294 1484 220.
320 1443 536 1495 Quotidie
558 1443 811 1484 audiuntur
830 1455 981 1484 nouae
1003 1443 1339 1493 confessiones,
1362 1443 1408 1483 in
1425 1442 1591 1494 quibus
1609 1442 1839 1482 Dominus

202 1515 413 1556 mutandi
437 1516 481 1555 in
504 1515 669 1555 melius
690 1515 837 1555 Vitam
868 1527 1116 1567 moresque
1146 1521 1286 1566 atque
1320 1513 1649 1566 frequentandi
1682 1525 1839 1554 sacra-

202 1593 359 1627 menta
380 1586 612 1627 desideria
632 1585 852 1627 incendit.
889 1586 994 1626 Non
1029 1586 1196 1626 desunt
1231 1592 1390 1626 tamen
1420 1585 1772 1637 persecutiones
1794 1590 1839 1625 et

203 1658 568 1698 obtrectationes
589 1657 749 1697 mundi
784 1664 828 1698 et
862 1657 1183 1697 ministrorum
1217 1656 1405 1707 diaboli,
1440 1656 1564 1707 dum,
1602 1656 1839 1707 despectis

203 1730 342 1770 rebus
364 1729 555 1769 caducis
577 1735 621 1769 et
646 1729 798 1777 uanis,
821 1740 902 1769 eos
922 1728 1082 1769 uident
1116 1728 1329 1769 Creatori
1362 1727 1558 1778 deditos,
1592 1739 1650 1767 ex
1672 1727 1839 1778 quibus

201 1800 391 1841 offertur
413 1801 526 1852 ipsis
547 1800 733 1841 occasio
755 1802 935 1852 seipsos
957 1799 1264 1840 confirmandi
1281 1800 1328 1840 in
1350 1799 1508 1839 diuino
1530 1799 1736 1849 seruitio,
1760 1811 1839 1839 no-

199 1873 271 1913 bis
291 1883 406 1912 vero
428 1872 570 1912 animi
606 1872 840 1912 adduntur
878 1871 937 1912 ad
957 1871 1263 1923 perferendos
1285 1871 1489 1911 maiores
1520 1870 1706 1910 labores
1735 1882 1840 1921 pro-

201 1950 304 1995 pter
331 1942 499 1983 Deum.
533 1942 802 1983 Audiuntur
830 1943 971 1982 etiam
999 1942 1318 1983 confessiones
1343 1947 1647 1992 aegrotorum
1669 1953 1724 1981 ac
1740 1941 1840 1981 vin-

201 2020 398 2064 ctorum;
421 2014 721 2054 morientium
742 2019 989 2065 praeterea
1010 2013 1209 2054 habetur
1221 2013 1359 2054 ratio.
1379 2013 1431 2053 In
1448 2018 1579 2053 tanta
1599 2012 1843 2052 hominum

202 2085 496 2126 multitudine
517 2096 758 2137 nunquam
777 2084 945 2124 desunt
966 2085 1212 2125 laborandi
1241 2084 1516 2125 occasiones
1551 2084 1598 2124 in
1631 2082 1722 2123 Dei
1743 2084 1840 2133 glo-

205 2158 325 2197 riam
347 2162 391 2197 et
408 2156 736 2208 proximorum
762 2156 1140 2196 emolumentum.

281 2228 331 2269 In
352 2227 550 2279 priuatis
567 2227 980 2268 consuetudinibus
997 2227 1139 2267 etiam
1161 2227 1359 2267 sentitur
1381 2226 1574 2266 utilitas.
1605 2225 1707 2266 Rex
1728 2225 1846 2266 mihi

203 2311 365 2340 curam
386 2299 512 2340 dedit
533 2298 844 2339 conueniendi
860 2298 1110 2350 quemdam
1128 2298 1280 2338 virum
1296 2297 1570 2349 primarium
1590 2296 1842 2337 admodum

203 2383 376 2421 sonem,
401 2382 539 2422 quem
558 2370 697 2410 inuisi
714 2370 975 2421 aliquoties,
999 2381 1093 2409 non
1114 2369 1213 2409 sine
1234 2369 1381 2421 ipsius
1409 2380 1582 2420 magno
1609 2367 1837 2419 profectu,

204 2442 360 2492 gratia
387 2447 546 2481 tamen
580 2440 683 2481 Dei.
715 2440 940 2491 Virgines
973 2439 1325 2481 Franciscanae
1359 2440 1719 2480 honestissimae
1746 2450 1840 2479 ma-

205 2524 417 2564 gnopere
438 2512 818 2563 efflagitauerunt
839 2511 1065 2552 exercitia
1096 2511 1374 2563 spiritualia,
1408 2511 1530 2563 quod
1563 2510 1744 2560 Regina
1766 2521 1841 2549 cu-

206 2584 330 2624 rauit
351 2583 437 2634 (est
459 2583 582 2623 enim
603 2583 789 2623 illarum
810 2582 946 2623 ualde
978 2582 1187 2623 studiosa
1210 2593 1265 2622 ac
1297 2581 1508 2632 deuota),
1538 2580 1792 2632 petiuitque
1814 2592 1842 2620 a

207 2653 258 2694 P.
281 2654 461 2694 Mirone
488 2660 535 2693 Vt
556 2653 602 2693 id
618 2654 757 2693 uellet
777 2653 949 2704 facere,
973 2653 1033 2694 ad
1054 2653 1178 2705 quod
1201 2664 1369 2693 munus
1396 2663 1499 2692 sese
1519 2651 1726 2691 accinxit
1747 2662 1843 2709 non

207 2726 308 2765 sine
323 2724 500 2775 labore,
525 2724 648 2775 quod
670 2736 696 2764 a
717 2724 851 2764 nobis
871 2724 1144 2775 longissime
1161 2723 1301 2764 distet
1317 2722 1667 2763 monasterium.
1686 2721 1846 2773 Virgi-

206 2807 306 2847 nes,
331 2795 578 2846 diligenter
599 2795 829 2845 susceptis
851 2794 1102 2844 exercitiis,
1127 2794 1378 2845 plurimum
1397 2792 1710 2844 profecerunt.
1736 2792 1842 2843 Qui-

208 2867 318 2908 dam
335 2865 553 2906 monachi
574 2864 780 2905 eiusdem
802 2864 994 2915 ordinis,
1018 2871 1115 2905 tum
1136 2870 1327 2916 propter
1344 2864 1517 2904 bonum
1538 2863 1729 2904 odorem
1753 2863 1849 2915 spi-

210 2938 343 2989 ritus,
374 2948 511 2989 quem
537 2936 585 2976 in
619 2936 860 2976 sororibus
889 2942 1150 2986 senserunt,
1174 2941 1272 2975 tum
1293 2943 1482 2986 proptor
1505 2946 1636 2975 suam
1665 2934 1849 2975 humili-
