2028 3328
209 126 281 163 448
731 125 957 162 LlTTERAE
977 135 1334 168 QUADRIMESTRES

210 236 324 275 pore
346 223 737 274 quadragesimae
758 222 1067 272 intermissae3
1091 227 1158 261 tot
1188 221 1313 260 enim
1335 219 1657 260 confessiones
1680 220 1842 261 offere-

211 294 396 342 bantur,
421 301 471 334 ut
497 294 610 334 nulli
645 294 780 333 alteri
815 292 1113 345 occupationi
1142 293 1274 331 locus
1303 291 1660 342 relinqueretur.
1694 292 1848 332 Vnius

213 364 513 406 Santanderii
536 366 787 405 conciones
809 364 1005 415 excipio,
1032 364 1123 414 qui,
1149 363 1367 413 precibus
1385 361 1530 402 Ducis
1550 368 1594 402 et
1610 363 1751 403 totius
1771 374 1847 414 po-

211 438 321 489 puli,
347 443 493 477 totam
521 436 934 488 quadragesimam
963 434 1272 475 concionatus
1302 439 1386 473 est.
1416 434 1475 474 Et
1503 445 1608 473 cum
1643 434 1849 475 omnium

213 507 384 549 iudicio
413 508 471 548 sit
500 519 670 547 munus
698 507 787 546 hoc
816 505 1250 555 laboriosissimum,
1282 516 1389 544 cum
1416 516 1609 545 necesse
1636 505 1695 545 sit
1722 505 1847 545 intra

212 591 392 632 paucos
422 579 521 619 dies
551 581 800 630 plusquam
835 577 1085 627 sexaginta
1116 575 1368 615 conciones
1403 576 1581 627 haberi,
1612 575 1757 616 adfuit
1781 582 1847 616 ta·

212 663 320 691 men
342 651 500 690 diuina
521 650 721 698 bonitas,
746 660 864 699 quae
885 647 1073 687 Patrem
1095 652 1187 690 tam
1211 657 1442 698 prospera
1463 647 1613 686 salute
1636 647 1847 696 donauit,

214 731 264 762 ut
291 722 415 762 haud
444 720 578 760 dubie
615 720 780 759 melius
816 719 1007 758 baberet
1035 723 1140 768 post
1168 723 1235 757 tot
1267 718 1520 757 conciones
1556 729 1696 769 quam
1724 724 1846 758 ante.

216 793 368 833 Tanto
392 793 618 843 applausu
640 790 797 841 populi
822 789 1009 829 fuerunt
1038 788 1125 828 hae
1157 789 1409 828 conciones
1432 794 1672 840 exceptae,
1691 794 1741 828 ut
1772 800 1852 840 pu-

212 864 331 904 blice
353 863 586 903 diceretur
608 861 841 901 neminem
863 864 1000 899 antea
1018 858 1161 899 fuisse
1178 859 1450 909 gratiorem,
1475 871 1560 899 nec
1579 870 1725 910 aeque
1741 870 1846 910 gra-

214 941 328 975 tum.
364 934 513 983 Multi,
552 946 577 972 a
613 930 917 972 concionibus
953 930 1051 969 eius
1087 930 1231 980 suasi,
1269 929 1627 980 confitebantur,
1661 930 1740 981 qui
1768 941 1851 981 per

216 1007 385 1046 multos
407 1005 519 1052 dies,
545 1010 623 1043 aut
646 1014 795 1042 annos
817 1001 986 1053 potius,
1010 1000 1054 1040 id
1077 1013 1170 1041 non
1192 1001 1416 1041 fecerant.
1440 1001 1587 1051 Multi,
1613 1001 1690 1052 qui
1712 1007 1851 1041 antea

215 1077 419 1116 dissidiis
452 1075 622 1114 mutuis
651 1073 928 1113 charitatem
963 1071 1220 1111 fraternam
1242 1072 1492 1122 laeserant,
1525 1078 1569 1111 et
1590 1072 1637 1111 in
1660 1071 1764 1111 odio
1796 1083 1852 1111 ac

214 1147 472 1188 inimicitiis
494 1145 881 1197 perseuerabant‚
907 1153 1071 1183 rursus
1099 1143 1339 1183 societatis
1366 1143 1530 1182 foedus
1558 1154 1850 1193 percussere.

215 1217 640 1269 Deprehenduntur
663 1216 807 1255 multa
828 1220 1041 1266 peccata,
1066 1225 1184 1265 quae
1208 1213 1346 1254 Pater
1368 1213 1643 1265 increpabat
1664 1214 1849 1265 acerbe,

217 1290 311 1329 iam
333 1300 434 1329 esse
457 1288 622 1328 deleta.
647 1286 805 1337 Aliqui
826 1286 967 1325 etiam
987 1285 1131 1335 fuere,
1156 1285 1233 1336 qui
1255 1291 1504 1336 parentum
1533 1285 1608 1324 uel
1629 1290 1849 1336 cognato-

218 1372 321 1400 rum
343 1366 541 1400 mortem
562 1359 658 1398 suis
688 1357 900 1397 hostibus
927 1356 1060 1407 (quos
1093 1362 1232 1395 antea
1262 1356 1513 1406 uocabant)
1545 1355 1850 1395 remitterent.

223 1431 451 1471 Doctrina
475 1430 734 1469 christiana
761 1439 944 1479 quoque
971 1438 1143 1478 pueros
1177 1437 1352 1477 magna
1384 1426 1625 1477 diligentia
1655 1426 1850 1466 doceba-

222 1508 310 1549 tur3
336 1501 416 1541 sed
439 1500 723 1540 exercicium
745 1499 834 1538 hoc
856 1504 1065 1550 tempore
1101 1498 1493 1549 quadragesimae
1520 1498 1606 1537 fuit
1628 1498 1854 1537 omissum

225 1573 389 1613 eadem
411 1572 466 1611 de
490 1582 632 1611 causa
655 1582 746 1622 qua
765 1569 1037 1620 conciones;
1071 1569 1153 1608 sed
1174 1569 1333 1609 statim
1354 1575 1459 1620 post
1482 1569 1581 1608 dies
1608 1568 1753 1608 festos
1774 1567 1855 1608 Pa-

216 1644 360 1684 schae
382 1642 570 1694 quidam
592 1642 730 1681 Pater
751 1641 840 1681 hoc
862 1652 1029 1680 munus
1052 1641 1220 1680 iterum
1243 1640 1509 1691 assumpsit.
1535 1639 1781 1679 Accedunt
1805 1645 1854 1678 ut

215 1715 476 1755 doctrinam
500 1714 745 1753 addiscant
766 1713 1014 1764 plusquam
1034 1711 1231 1751 tercenti
1252 1711 1398 1762 pueri,
1422 1718 1466 1751 et
1488 1711 1722 1751 interdum
1744 1722 1855 1762 qua-

221 1786 469 1836 dringenti:
507 1785 739 1824 accedunt
768 1784 910 1823 etiarn
941 1783 1102 1823 diebus
1136 1782 1269 1822 festis
1298 1788 1408 1821 natu
1432 1782 1727 1832 grandiores,
1752 1781 1846 1833 qui-

215 1858 300 1897 bus
324 1857 439 1896 alius
461 1856 615 1905 Pater,
641 1857 767 1895 uelut
789 1861 941 1904 antea,
979 1854 1315 1906 interpretatur
1343 1865 1412 1903 ea,
1437 1865 1556 1905 quae
1586 1853 1642 1892 ad
1683 1853 1854 1893 doctri-

214 1939 302 1968 nae
331 1927 689 1979 intelligentiam
710 1926 980 1966 necessaria
1009 1931 1275 1965 censentur.
1313 1924 1447 1965 Nunc
1470 1924 1668 1975 singulis
1690 1923 1854 1964 diebus

213 1999 344 2051 pueri
367 1998 425 2039 ad
446 1999 533 2039 hoc
556 1999 602 2038 in
624 2010 768 2038 unum
789 1999 944 2037 locum
965 2002 1303 2037 conuocantur.
1325 1995 1591 2043 Caeterum,
1611 2000 1717 2046 post
1738 2006 1853 2046 pau-

212 2081 296 2110 cos
317 2070 429 2117 dies,
454 2070 644 2121 quando
669 2069 802 2121 pueri
823 2068 1114 2109 dexteriores
1135 2067 1244 2117 sint,
1278 2066 1429 2106 solum
1457 2066 1620 2106 diebus
1649 2065 1781 2106 festis
1803 2073 1847 2106 et

214 2142 461 2181 dominicis
495 2141 808 2191 uocabuntur3
845 2141 892 2180 in
919 2151 1009 2191 quo
1031 2138 1258 2179 exercitio
1281 2137 1434 2187 Pater,
1467 2137 1544 2189 qui
1574 2149 1677 2177 eam
1700 2136 1850 2187 docet,

213 2212 554 2264 perseuerabit‚
589 2212 737 2252 donec
773 2211 905 2262 pueri
941 2222 1101 2250 omnes
1137 2210 1340 2250 euadant
1376 2208 1662 2249 dexterrimi.
1701 2207 1854 2259 Quam

214 2283 529 2335 multipliciter
560 2283 802 2323 fructuosa
823 2282 916 2322 sint
938 2282 1075 2331 haec,
1106 2280 1207 2321 Rde
1229 2280 1383 2331 Pater,
1419 2279 1499 2320 uix
1528 2279 1748 2319 credibile
1783 2286 1853 2319 est

215 2354 285 2404 iis,
310 2355 388 2405 qui
409 2353 731 2394 confitentium
752 2364 939 2393 errores
960 2359 1005 2392 et
1026 2352 1348 2403 ignorantiam
1380 2352 1427 2391 in
1455 2351 1595 2391 rebus
1623 2350 1730 2390 fidei
1760 2362 1854 2390 non

217 2431 494 2475 agnoscunt.
519 2425 622 2475 Ego
643 2424 871 2476 profecto,
895 2430 945 2464 ut
966 2424 1109 2464 libere
1143 2423 1313 2473 dicam,
1348 2423 1394 2462 in
1423 2422 1514 2462 hac
1541 2433 1644 2461 sum
1665 2428 1849 2461 senten-

215 2495 296 2545 tia,
320 2503 369 2535 ut
391 2496 580 2535 credam
602 2497 754 2535 nullas
777 2494 1027 2535 conciones
1052 2502 1149 2534 tam
1168 2493 1441 2534 fructuosas
1465 2491 1677 2532 extitisse
1697 2491 1852 2531 hacte-

215 2577 304 2605 nus
325 2567 371 2605 in
393 2567 480 2606 hoc
503 2567 691 2617 populo,
710 2578 850 2618 quam
867 2566 1005 2606 fuerit
1027 2565 1241 2605 doctrina
1264 2564 1538 2604 christiana.
1558 2562 1618 2603 Et
1634 2562 1852 2602 existimo

188 2672 190 2674 ,
216 2648 309 2676 non
331 2648 508 2687 paucos
530 2648 712 2676 mecum
735 2637 857 2677 idem
877 2637 1067 2687 sentire,
1091 2648 1197 2676 curn
1228 2634 1360 2675 multi
1393 2634 1474 2673 uix
1509 2645 1579 2683 ea,
1603 2644 1722 2684 quae
1743 2632 1850 2673 fidei

215 2707 458 2746 notissima
482 2714 602 2757 sunt,
627 2709 702 2747 uel
724 2713 1079 2758 cognoscerent,
1116 2707 1190 2747 uel
1216 2706 1546 2756 intelligerent.
1572 2703 1770 2744 Accedit
1792 2704 1853 2744 ad

217 2776 349 2827 haec,
381 2778 504 2828 quod
527 2784 596 2817 est
622 2780 792 2829 populo
813 2778 1149 2829 gratissimum,
1184 2777 1445 2817 cantilenas
1475 2787 1636 2815 omnes
1663 2775 1850 2815 inhone-

217 2853 330 2898 stas,
356 2859 473 2899 quae
495 2850 668 2888 multae
693 2855 842 2900 erant,
867 2850 961 2889 iam
981 2849 1078 2889 fere
1100 2848 1324 2900 expulsas
1345 2858 1448 2887 esse
1477 2851 1522 2885 et
1550 2846 1598 2885 in
1634 2846 1750 2886 alias
1773 2857 1851 2886 au-

217 2917 316 2977 ditu·
345 2919 706 2959 iocundissimas
729 2925 1056 2960 commutatas.
1083 2919 1140 2959 Et
1161 2924 1211 2958 ut
1232 2918 1288 2958 de
1319 2917 1666 2958 confesionibus
1695 2917 1851 2968 aliqua
