2028 3328
157 114 228 151 206
673 110 897 149 LITTERAE
924 122 1283 155 QUADimwsTRES

747 561 1207 616 CCCXXXVHI

234 793 428 839 Jacobus
449 792 502 829 de
523 792 692 828 Acosta

288 857 412 895 Patri
430 857 601 903 Ignatio
623 855 675 893 de
696 856 875 904 Loyola.

333 922 589 969 Methymna
610 921 778 967 Campi,
796 921 842 957 ⁴29
862 919 1122 957 Decembris
1146 918 1236 955 1554
1257 919 1281 952 ¹.

941 1075 1039 1152 iiis

242 1274 507 1315 Admodum
531 1273 630 1314 Κάρ
662 1274 709 1313 in
733 1272 919 1313 Christo
942 1272 1096 1312 Pater.

248 1346 412 1386 Gratia
436 1352 480 1385 et
516 1357 611 1397 pax
645 1344 816 1385 Christi
848 1344 958 1396 Jesu
993 1342 1185 1383 Domini
1220 1343 1367 1382 nostri
1402 1341 1680 1383 Paternitati
1702 1348 1809 1381 tuae

174 1428 360 1468 semper
383 1429 436 1456 ac
464 1428 647 1467 semper
671 1416 860 1467 aspiret.
886 1414 1054 1455 Amen.

249 1489 383 1539 Quod
406 1489 535 1528 Tuae
558 1488 658 1528 Pat.
678 1487 750 1526 his
767 1486 914 1526 literis
931 1497 1033 1526 sese
1051 1485 1359 1525 nuntiandum
1379 1485 1526 1535 offert,
1547 1484 1657 1525 illud
1675 1485 1812 1536 plane

168 1566 254 1609 est,
285 1560 330 1599 in
359 1560 448 1599 hoc
484 1559 743 1610 Collegium
779 1557 891 1610 Jesu
927 1557 1158 1609 principio
1188 1556 1476 1608 Septembris
1497 1556 1701 1608 proximi
1718 1555 1810 1595 iam

171 1631 357 1671 demum
380 1642 467 1670 nos
498 1630 853 1681 commigrasse.
884 1628 1018 1679 Quod
1054 1629 1100 1668 in
1131 1628 1506 1679 praesentiarum
1536 1635 1748 1667 tenemus
1769 1633 1812 1666 et

172 1703 399 1753 religione
421 1708 464 1742 et
487 1700 819 1742 commoditate
842 1700 1003 1740 officiis
1025 1699 1199 1740 nostris
1224 1700 1395 1751 aptiori
1416 1711 1485 1747 ea,
1524 1711 1664 1751 quam
1683 1699 1813 1750 prius

172 1774 461 1813 habebamus
482 1773 528 1812 in
550 1772 655 1822 illis,
676 1772 842 1823 quibus
864 1771 1196 1822 demigramus‚
1222 1770 1429 1810 aedibus.
1450 1770 1580 1821 Quae
1597 1770 1637 1810 si
1662 1770 1813 1820 algori

171 1846 274 1896 plus
295 1844 396 1884 istis
418 1844 644 1884 obsistere
665 1843 960 1893 videbantur,
987 1848 1164 1882 attenta
1195 1848 1353 1882 tamen
1386 1842 1644 1893 aptitudine
1680 1852 1812 1892 prae·

172 1916 295 1955 dicta
318 1915 635 1966 instantiaque
658 1913 836 1954 recenti
857 1913 965 1953 huic
998 1913 1128 1964 operi
1152 1913 1384 1963 addenda,
1418 1912 1556 1952 factis
1583 1912 1813 1952 calculum

173 1987 432 2027 adiicimus.
453 1986 613 2038 Itaque
636 1985 832 2036 dignum
853 1984 1016 2024 habuit
1039 1983 1267 2024 Dominus
1288 1991 1338 2024 ut
1368 1984 1456 2023 hoc
1483 1982 1815 2035 quadrimestri

173 2058 415 2109 fastigium
452 2069 506 2096 ac
538 2063 713 2097 tectum
750 2056 836 2108 ipsi
872 2056 1232 2107 imposuerimus
1273 2055 1416 2106 operi.
1464 2054 1816 2095 Praecoluimus

173 2131 299 2179 item,
324 2130 562 2180 hocceque
584 2128 904 2168 habitaculum
929 2128 992 2167 ita
1015 2126 1278 2177 refecimus,
1298 2132 1348 2166 ut
1370 2126 1415 2165 in
1437 2126 1538 2176 ipso
1560 2125 1816 2165 habeamus

173 2201 409 2241 mediocre
443 2200 697 2251 quodpiam
720 2200 961 2249 sacellum,
986 2198 1063 2237 ubi
1085 2197 1445 2237 Sacramentum
1462 2196 1817 2237 Sanctissimum

174 2272 283 2312 laeti
306 2271 556 2311 admodum
584 2271 846 2311 statuimus.
881 2270 982 2310 Hoc
1015 2281 1128 2309 sane
1161 2269 1220 2309 ad
1251 2268 1341 2308 Dei
1362 2268 1545 2308 laudem
1567 2268 1817 2319 plurimum

176 2343 384 2383 excitare
411 2343 613 2393 videtur,
641 2353 900 2382 concursus
922 2351 1090 2391 nempe
1111 2339 1276 2379 videre
1309 2339 1368 2379 ad
1400 2339 1740 2379 confessionem
1762 2349 1817 2377 ac

175 2415 551 2454 communionem
569 2422 617 2454 ut
635 2414 681 2453 in
700 2414 801 2453 dies
819 2413 970 2464 magis
989 2411 1234 2463 magisque
1249 2416 1476 2461 augescat
1493 2422 1586 2450 una
1605 2420 1711 2449 curn
1728 2409 1816 2460 spi—

177 2485 334 2525 rituali
351 2485 576 2536 profectu.
603 2484 752 2542 ῌοᾶίεῑ
775 2495 976 2535 namque
999 2494 1182 2523 mecum
1204 2483 1375 2533 agebat
1396 2481 1602 2533 quidam,
1627 2481 1705 2531 qui
1727 2480 1818 2520 huc

177 2556 277 2595 heri
294 2556 493 2596 accessit
516 2562 663 2607 pater,
688 2555 744 2595 de
766 2555 973 2607 quodam
993 2553 1344 2605 elegantissimo
1362 2553 1480 2602 uiro,
1505 2551 1583 2602 qui
1605 2551 1817 2602 plurimis

176 2626 340 2666 diebus
358 2627 562 2678 cuipiam
578 2628 759 2678 puellae
777 2638 825 2666 se
839 2625 1060 2677 privatim
1077 2624 1410 2676 spoponderat,
1439 2634 1635 2674 eamque
1663 2634 1716 2662 eo
1744 2622 1818 2662 de-

177 2697 408 2747 stituerat,
424 2696 547 2748 quod
565 2697 798 2737 inferioris
816 2709 865 2736 se
882 2696 1061 2748 fastigii
1080 2701 1216 2736 esset:
1239 2704 1376 2746 quem
1395 2704 1500 2733 cum
1519 2693 1819 2733 convenisset

177 2780 236 2808 ex
256 2768 391 2808 nobis
412 2767 549 2808 Pater
571 2779 705 2817 unus,
740 2779 885 2818 usque
907 2767 1023 2807 adeo
1046 2771 1307 2806 commotus
1329 2772 1414 2815 est,
1439 2770 1488 2803 ut
1509 2764 1604 2803 iam
1626 2764 1720 2804 iarn
1740 2776 1819 2815 pu-

236 2929 243 2950 ⁵
287 2929 537 2964 Autographae
554 2930 587 2957 in
603 2929 730 2964 duplici
748 2928 839 2962 folio,
856 2929 964 2962 primo
981 2928 1041 2955 sub
1056 2936 1086 2954 n.
1102 2927 1164 2960 447,
1182 2926 1292 2953 altero
1308 2932 1391 2952 vero
1407 2932 1472 2952 non
1487 2928 1677 2951 numerato.
