2028 3328
778 107 860 142 AN.
893 106 983 142 1554
1650 110 1697 145 553

60 215 148 254 que
170 208 303 253 patre
325 203 371 243 in
394 202 672 252 Castellam,
696 203 849 242 uisum
878 203 1034 253 utique
1056 209 1125 242 est
1155 203 1278 254 patri
1306 209 1466 243 nostro
1490 203 1696 244 Antonio

61 273 309 314 Cordubae
339 273 348 292 ¹
373 273 647 326 obsequium
673 272 776 313 Deo
807 273 1142 324 praestandum
1170 274 1291 323 fore,
1323 274 1361 313 si
1392 275 1437 314 in
1466 275 1699 320 aliquibus

58 340 198 385 huius
219 345 423 385 ciuitatis
443 344 627 396 templis
648 344 861 384 doctrina
879 345 1137 384 christiana
1156 344 1418 396 doceretur,
1443 357 1583 396 quam
1601 346 1696 396 qui-

63 414 168 456 dem
189 416 286 467 ipse
308 416 485 467 primus
508 416 552 456 in
574 415 772 456 ecclesia
794 415 997 467 quadam
1029 416 1197 456 docere
1218 416 1490 467 auspicatus
1518 422 1607 466 est,
1642 428 1697 455 eo

63 486 308 526 dumtaxat
337 487 491 527 animo
519 493 568 527 ut
596 497 766 538 pueros
795 486 1075 526 necessariis
1103 487 1380 527 institueret.
1415 487 1699 527 Cancellatis

61 557 217 608 itaque
235 558 464 609 manibus,
486 558 729 610 capiteque
752 557 950 607 detect0‚
975 557 1128 597 factus
1156 570 1269 609 puer
1292 569 1462 609 pueros
1483 558 1695 598 docebat.

60 627 133 668 Ex
154 629 279 668 omni
301 636 456 669 autem
477 640 648 680 genere
670 634 800 668 tanta
822 629 1061 669 hominum
1090 641 1146 668 ac
1167 629 1414 669 mulierum
1436 629 1698 681 frequentia

62 700 278 749 accessit,
302 706 351 740 vt
381 700 474 740 iam
497 711 578 740 eos
605 711 773 751 capere
794 700 993 739 ecclesia
1016 701 1242 751 nequiret,
1272 700 1487 751 quamuis
1509 711 1698 740 sexcen-

61 775 215 810 torum
236 771 475 811 hominum
495 783 646 822 capax
667 776 804 810 esset.
831 770 1039 822 Cumque
1062 770 1202 811 Pater
1223 771 1380 811 animo
1402 772 1520 812 haec
1541 782 1701 811 secum

61 842 289 892 volueret,
314 849 587 894 tantumque
606 841 756 893 frugis
776 841 956 882 uideret
975 842 1032 882 ob
1057 844 1232 893 oculos,
1254 855 1510 894 persuasus
1532 854 1697 882 reuera

62 920 133 953 est
156 913 272 953 duos
293 913 411 953 alios
433 913 597 954 Patres
618 913 663 953 in
685 913 869 964 singula
891 915 1062 965 templa
1085 914 1285 964 mittere,
1309 914 1386 966 qui
1408 913 1699 954 tantumdem

62 983 351 1025 factitarent:
375 997 433 1025 ex
455 997 545 1036 quo
562 985 826 1025 vberrimus
842 984 1053 1036 profecto
1076 985 1256 1025 fructus
1278 986 1593 1037 subsequutus
1611 991 1697 1035 est,

62 1063 313 1107 propterea
337 1057 459 1108 quod
481 1063 525 1097 et
545 1056 756 1096 homines
778 1063 822 1096 et
843 1057 975 1108 pueri
998 1057 1240 1097 doctrinae
1263 1057 1548 1097 christianae
1571 1057 1700 1107 igno-

62 1127 215 1167 rantia
244 1134 502 1178 scaterent,
533 1127 649 1168 adeo
677 1133 728 1167 vt
757 1126 929 1167 Rector
957 1127 1149 1168 alterius
1176 1127 1345 1168 harum
1372 1128 1698 1178 ecclesiarum,

63 1199 141 1250 qui
162 1199 408 1250 principio,
436 1199 579 1239 veluti
597 1199 853 1250 ignominia
876 1198 1085 1249 affectus,
1104 1199 1314 1249 grauiter
1336 1200 1623 1251 molesteque
1640 1200 1701 1239 ie-

66 1270 198 1310 rebat
217 1271 339 1321 qnod
357 1271 503 1310 nostri
517 1271 737 1322 templum
751 1270 872 1310 illius
886 1270 1069 1310 adirent
1086 1270 1351 1311 doctrinam
1365 1271 1562 1321 docturi,
1578 1276 1700 1322 post-

62 1341 252 1381 modum
275 1342 409 1381 alteri
432 1341 615 1392 dixerit,
640 1341 900 1392 obnixeque
922 1341 1138 1392 petiuerit
1159 1353 1217 1381 ne
1249 1342 1307 1381 ab
1341 1342 1558 1393 incoepto
1582 1342 1698 1382 desi-

63 1418 228 1462 steret,
254 1411 472 1463 quoniarn
501 1412 547 1452 in
575 1424 629 1452 ea
656 1423 705 1452 re
733 1412 928 1452 multum
955 1412 1211 1452 seruiretur
1240 1411 1357 1453 Deo.
1391 1412 1703 1465 Addebatque

65 1491 311 1535 praeterea
330 1484 399 1523 bIs
421 1490 583 1524 centos
600 1483 695 1524 sere
717 1495 889 1535 pueros
912 1483 1074 1524 diebus
1095 1484 1226 1524 festis
1243 1486 1466 1536 templum
1487 1484 1701 1536 frequen-

64 1563 167 1596 tare
190 1555 405 1606 c:›episse
427 1555 485 1595 ad
506 1567 605 1595 rem
634 1555 840 1595 diuinam
869 1555 1175 1606 audiendam,
1200 1563 1243 1597 et
1272 1557 1395 1608 quod
1423 1568 1527 1596 eam
1549 1556 1704 1608 quiete

66 1626 322 1667 admodum
344 1626 575 1676 audirent,
595 1627 717 1678 quod
735 1639 900 1667 reuera
919 1635 1056 1668 antea
1076 1627 1174 1668 fieri
1191 1640 1489 1680 nequaquam
1506 1628 1699 1668 solebat:

66 1704 136 1738 est
158 1698 299 1738 etiam
322 1697 445 1749 quod
477 1697 704 1738 addamus
724 1698 772 1738 in
797 1698 883 1739 has
910 1700 1050 1740 aedes
1076 1711 1265 1750 sacras,
1290 1699 1346 1739 de
1374 1699 1539 1751 quibus
1561 1699 1702 1751 loqui-

67 1780 186 1820 mur,
224 1780 447 1819 magnam
482 1769 737 1820 hominum,
773 1770 1021 1811 mulierum
1057 1778 1196 1823 atque
1231 1783 1484 1823 puerorum
1519 1772 1704 1811 turbam

66 1841 359 1881 conuenisse.

148 1911 369 1964 Superest
391 1924 513 1952 nunc
536 1912 595 1953 ad
616 1924 733 1961 eam,
757 1924 875 1964 quae
897 1913 1024 1954 domi
1045 1919 1235 1954 nostrae
1258 1914 1465 1965 docetur,
1489 1926 1575 1954 nos
1597 1926 1704 1954 con-

64 1983 292 2034 feramus,
317 1984 450 2024 cuius
480 1984 665 2036 quidem
694 1984 983 2025 audientium
1003 1997 1249 2025 numerum
1278 1992 1462 2026 tantum
1486 1986 1616 2026 abest
1638 1986 1700 2025 di-

66 2055 225 2106 minui,
250 2062 301 2095 vt
322 2055 380 2095 ab
403 2067 456 2095 eo
478 2054 575 2105 die,
600 2067 690 2107 quo
712 2055 870 2096 doceri
890 2056 1108 2108 incoepta
1131 2063 1214 2107 est,
1240 2057 1286 2097 in
1306 2068 1532 2109 praesens
1554 2068 1701 2109 usque

65 2133 262 2178 tempus,
289 2138 379 2178 quo
402 2126 586 2178 quidem
609 2127 737 2166 calor
763 2127 968 2168 maxime
986 2128 1137 2179 viget,
1161 2129 1315 2179 magis
1335 2128 1381 2168 in
1402 2128 1501 2168 dies
1530 2139 1584 2168 ac
1608 2140 1701 2168 ma-

65 2197 138 2248 gis
160 2197 375 2238 creuerit.

150 2269 319 2309 Totum
340 2280 542 2321 namque
564 2269 780 2320 impletur
802 2271 1039 2318 sacellum,
1064 2282 1119 2311 ac
1141 2271 1299 2322 plures
1320 2271 1460 2322 duplo
1493 2270 1609 2311 foris
1632 2283 1703 2311 as-

58 2339 271 2380 sidentes
294 2352 349 2380 ac
381 2346 559 2380 stantes
581 2340 796 2391 audiunt;
820 2341 944 2393 quod
971 2342 1011 2382 si
1032 2342 1079 2382 in
1107 2353 1351 2382 numerum
1381 2353 1461 2382 eos
1487 2342 1702 2393 redigere

65 2411 198 2462 velis,
222 2417 459 2452 tercentos
479 2411 578 2451 sine
600 2411 895 2453 scholaribus
916 2411 929 2431 ²
952 2424 1293 2453 connumerare
1316 2413 1439 2454 licet.
1461 2412 1522 2453 Hi
1545 2421 1702 2454 autem

69 2489 178 2523 sunt
213 2494 237 2523 e
272 2494 466 2523 numero
501 2494 680 2534 eorum,
717 2483 796 2535 qui
829 2485 1024 2525 multum
1058 2491 1355 2525 sacramenta
1386 2484 1698 2536 frequentant.

64 2553 244 2594 Verum
265 2560 396 2594 tanta
416 2553 502 2594 fuit
523 2553 645 2605 apud
667 2565 751 2594 nos
773 2554 1120 2596 confessionum
1142 2555 1292 2607 copia,
1323 2562 1420 2596 tum
1441 2556 1700 2608 quadrage-

119 2739 128 2758 ¹
169 2738 256 2767 Huic
278 2739 398 2773 paucis
419 2738 520 2773 hujus
540 2737 620 2765 anni
643 2739 814 2766 mensibus
839 2738 982 2774 Collegii
1005 2740 1234 2768 Cordubensis
1256 2741 1398 2775 regendi
1419 2748 1502 2769 cura
1518 2742 1700 2770 commissa

68 2786 144 2814 fuit.

117 2834 131 2853 *Ξ
167 2834 246 2862 sine
260 2834 495 2867 scholaribus,
509 2834 557 2862 eis
571 2833 702 2862 scilicet
717 2834 774 2869 qui
789 2834 933 2870 Collegii
945 2836 1082 2864 scholas
1097 2837 1363 2871 frequentabant
1380 2841 1425 2872 et,
1441 2840 1477 2864 ut
1489 2837 1523 2864 in
1538 2836 1700 2871 Collegiis

65 2879 250 2910 Societatis
265 2882 368 2910 moris
382 2886 479 2915 erat,
503 2882 546 2910 ad
563 2881 809 2916 expositionem
830 2882 1040 2911 christianae
1056 2884 1234 2912 doctrinae
1255 2885 1459 2912 audiendam
1480 2892 1515 2912 se
1531 2885 1701 2919 conferre,

64 2936 141 2956 cum
155 2929 270 2965 fiebat,
282 2931 500 2958 tenebantur.
