2028 3328
208 174 278 212 580
726 171 954 209 LITTERAE
976 178 1333 213 QUADRIMESTRES

899 620 1157 676 CDXIII

286 853 550 891 Leonardus
569 851 728 889 Kessel

333 918 455 955 Patri
474 917 643 964 Ignatio
659 917 712 954 de
731 916 919 963 Loyola.

383 983 580 1029 Colonia,
603 982 647 1019 31
671 980 866 1028 Augusti
884 980 976 1017 1555
996 979 1020 1013 ¹.

986 1140 1098 1216 ΠῘΙΞ.

302 1339 467 1380 Gratia
490 1344 534 1378 et
556 1349 650 1389 pax
672 1337 747 1378 Χ.ἰ
776 1336 971 1377 Domini
994 1337 1252 1378 nobiscum.
1287 1336 1454 1377 Amen.

300 1409 401 1451 R.<le
431 1411 477 1449 in
499 1408 583 1449 X.0
604 1409 760 1449 Pater:
786 1408 963 1449 Sancta
986 1408 1250 1448 obedientia
1281 1406 1564 1455 admonitus,
1589 1404 1637 1444 in
1657 1403 1864 1444 medium

222 1480 459 1534 proferam
480 1492 550 1531 ea,
575 1492 695 1531 quae
718 1478 950 1519 Dominus
972 1479 1077 1531 Opt.
1105 1479 1231 1519 Max.
1256 1479 1345 1518 hoc
1369 1475 1702 1529 quadrimestri
1729 1473 1864 1516 Colo—

221 1554 327 1593 niae
348 1552 537 1603 operari
559 1551 781 1602 dignatus
805 1557 890 1591 est.
923 1550 1130 1591 Paucula
1163 1549 1353 1602 quidem
1389 1554 1512 1599 sunt,
1545 1546 1712 1599 quibus
1732 1545 1861 1585 nulla

149 1663 155 1670 ,
218 1637 278 1665 ex
297 1630 447 1676 parte,
472 1622 694 1663 charitati
716 1622 917 1662 fratrum
934 1633 1048 1673 erga
1064 1633 1151 1661 nos
1171 1619 1393 1661 satisfieri
1419 1619 1637 1668 fatemur,
1661 1616 1744 1657 sed
1769 1627 1861 1656 me-

220 1696 340 1736 liora
361 1694 407 1734 in
429 1694 528 1734 dies
550 1705 811 1745 speramus,
836 1693 1163 1744 gratioresque
1185 1703 1271 1732 nos
1299 1692 1346 1732 in
1381 1696 1625 1741 posterum
1656 1687 1853 1737 futuros,

225 1777 388 1806 eorum
409 1765 628 1817 precibus
651 1764 814 1813 adiuti,
840 1763 1119 1804 confidimus
1141 1764 1187 1803 in
1209 1763 1430 1803 Domino.

302 1837 328 1876 5
362 1836 619 1886 studiosos,
657 1835 813 1886 patria
848 1834 1155 1890 Leodienses,
1194 1833 1535 1882 adolescentes,
1568 1830 1863 1871 naturalibus

225 1909 342 1948 bene
364 1908 564 1957 dotatos‚
590 1907 717 1958 apud
737 1917 824 1946 nos
846 1906 1088 1956 habemuS,
1119 1916 1320 1957 quorum
1353 1903 1573 1944 minimus
1613 1903 1661 1943 19
1695 1901 1864 1942 aetatis

227 1991 340 2019 suae
360 1990 535 2018 annum
557 1978 668 2029 agit.
695 1977 870 2018 Omnes
901 1977 1077 2029 optimo
1099 1982 1207 2017 sunt
1229 1976 1400 2023 anim0‚
1425 1986 1510 2015 sua
1537 1979 1744 2014 tractant
1777 1978 1868 2012 stu-

228 2050 320 2090 dia:
342 2055 561 2101 parentes
582 2049 721 2089 vnius
745 2048 862 2088 satis
885 2059 1028 2099 aegre
1045 2049 1249 2088 tulerunt
1273 2046 1397 2099 quod
1423 2058 1472 2086 se
1494 2044 1719 2086 Societati
1753 2043 1867 2084 dare

228 2121 382 2171 vellet,
406 2120 488 2160 sed
510 2120 722 2160 modeste
751 2119 1006 2160 admodum
1036 2118 1278 2171 respondit
1314 2117 1419 2167 illis;
1456 2117 1521 2157 ita
1556 2122 1605 2156 ut
1639 2115 1734 2156 iam
1762 2126 1872 2155 con-

229 2192 345 2232 tenti
366 2191 457 2231 sint
479 2202 631 2242 spero.
656 2190 820 2231 Plures
842 2191 921 2230 alii
949 2190 996 2230 in
1018 2191 1210 2230 ciuitate
1234 2194 1355 2239 sunt,
1387 2188 1466 2239 qui
1493 2187 1635 2227 etiam
1657 2197 1707 2226 se
1729 2185 1870 2226 liben-

230 2269 301 2302 ter
322 2261 546 2303 Societati
566 2261 748 2302 darent.
772 2262 1093 2313 Expectamus
1121 2261 1264 2301 etiam
1284 2259 1479 2300 fratrem
1500 2258 1739 2299 carnalem
1763 2268 1871 2297 con·

230 2333 391 2373 fratris
411 2334 561 2373 nostri
591 2333 783 2373 Martini
801 2332 1137 2373 steuordiensis
1158 2331 1171 2350 ‘²
1189 2343 1296 2371 cum
1314 2331 1411 2370 suis
1433 2329 1693 2381 nepotibus,
1713 2327 1793 2379 qui
1810 2326 1870 2367 ad

232 2405 385 2444 studia
408 2404 594 2444 venturi
615 2411 735 2455 sunt,
761 2411 811 2444 vt
834 2416 883 2444 se
906 2404 1132 2455 paulatim
1157 2403 1216 2443 ad
1237 2402 1520 2443 Societatem
1542 2400 1685 2441 etiam
1706 2405 1871 2451 aptare

234 2475 429 2526 possint.

314 2545 617 2587 Colonienses
639 2557 803 2586 omnes
820 2546 959 2586 modo
982 2546 1097 2585 bene
1118 2545 1280 2585 fauent
1301 2544 1453 2595 nobis3
1476 2555 1562 2583 nec
1583 2554 1728 2583 unum
1755 2541 1871 2591 scio,

236 2617 315 2669 qui
333 2617 469 2657 nobis
490 2617 610 2657 male
632 2617 745 2657 velit
777 2616 1014 2657 Coloniae:
1050 2616 1323 2656 benedictus
1344 2614 1590 2655 Dominus.
1619 2612 1775 2653 Amici
1795 2610 1874 2652 So-

237 2687 433 2738 cietatis‚
454 2699 652 2739 quorum
670 2698 872 2739 magnus
889 2695 959 2728 est
977 2699 1215 2736 numerus,
1235 2686 1441 2727 maxime
1459 2684 1780 2725 desiderarent
1801 2682 1878 2722 hic

296 2846 303 2865 ⁵
342 2846 592 2881 Autographae
608 2847 733 2881 duplici
748 2847 781 2874 in
796 2847 889 2881 folio,
907 2855 937 2875 n.
950 2847 1013 2874 355.

293 2893 307 2913 ²³·
343 2893 418 2922 Duo
430 2894 553 2921 saltem
569 2898 669 2922 erant
682 2893 828 2922 Martino
842 2894 1034 2927 Gewaerts,
1051 2893 1297 2928 Stevordiensi,
1312 2893 1451 2921 fratres:
1466 2892 1573 2926 Jacob
1589 2896 1623 2920 et
1637 2891 1754 2919 Hanse
1765 2890 1880 2924 (Joan-

242 2941 329 2972 nes?)
343 2940 431 2967 Vide
448 2939 601 2976 ΗΑΝΞΕΝ,
624 2941 841 2969 Rheinz'sche
865 2942 977 2969 Aleten
1002 2949 1068 2968 zur
1094 2941 1299 2969 Geschz'chte
1320 2941 1383 2968 des
1396 2939 1706 2975 Jesuitenordens,
1724 2944 1803 2972 pag.
1829 2936 1886 2964 185>

241 2992 275 3014 ct
298 2988 358 3015 188.
