<?xml version="1.0" encoding="UTF-8"?>
<!DOCTYPE html PUBLIC "-//W3C//DTD XHTML 1.0 Transitional//EN"
    "http://www.w3.org/TR/xhtml1/DTD/xhtml1-transitional.dtd">
<html xmlns="http://www.w3.org/1999/xhtml" xml:lang="en" lang="en">
 <head>
  <title>
</title>
<meta http-equiv="Content-Type" content="text/html;charset=utf-8" />
  <meta name='ocr-system' content='tesseract 3.04.00' />
  <meta name='ocr-capabilities' content='ocr_page ocr_carea ocr_par ocr_line ocrx_word'/>
</head>
<body>
  <div class='ocr_page' id='page_1' title='image "./litteraequadrime1503lain_0734.png"; bbox 0 0 2028 3328; ppageno 0'>
   <div class='ocr_carea' id='block_1_1' title="bbox 213 95 1333 137">
    <p class='ocr_par' dir='ltr' id='par_1_1' title="bbox 213 95 1333 137">
     <span class='ocr_line' id='line_1_1' title="bbox 213 95 1333 137; baseline 0 -6"><span class='ocrx_word' id='word_1_1' title='bbox 213 95 280 132; x_wconf 62' lang='lat'>720·</span> <span class='ocrx_word' id='word_1_2' title='bbox 735 95 956 130; x_wconf 54' lang='lat' dir='ltr'>Lirrfflzaiss</span> <span class='ocrx_word' id='word_1_3' title='bbox 977 106 1333 137; x_wconf 63' lang='lat' dir='ltr'>QUADRmffls‘mns</span> 
     </span>
    </p>
   </div>
   <div class='ocr_carea' id='block_1_2' title="bbox 182 190 1872 2731">
    <p class='ocr_par' dir='ltr' id='par_1_2' title="bbox 214 190 1845 385">
     <span class='ocr_line' id='line_1_2' title="bbox 214 190 1841 243; baseline -0.001 -12"><span class='ocrx_word' id='word_1_4' title='bbox 214 193 453 243; x_wconf 85' lang='lat' dir='ltr'>praelatus</span> <span class='ocrx_word' id='word_1_5' title='bbox 470 203 575 231; x_wconf 89' lang='lat' dir='ltr'>cum</span> <span class='ocrx_word' id='word_1_6' title='bbox 598 191 827 242; x_wconf 89' lang='lat' dir='ltr'>aliquibus</span> <span class='ocrx_word' id='word_1_7' title='bbox 849 191 987 231; x_wconf 87' lang='lat' dir='ltr'>etiam</span> <span class='ocrx_word' id='word_1_8' title='bbox 1007 192 1252 242; x_wconf 75' lang='lat' dir='ltr'>religiosis,</span> <span class='ocrx_word' id='word_1_9' title='bbox 1273 197 1316 230; x_wconf 92' lang='lat' dir='ltr'>et</span> <span class='ocrx_word' id='word_1_10' title='bbox 1330 190 1454 230; x_wconf 87' lang='lat' dir='ltr'>docti</span> <span class='ocrx_word' id='word_1_11' title='bbox 1472 197 1715 242; x_wconf 76' lang='lat' dir='ltr'>praeterea</span> <span class='ocrx_word' id='word_1_12' title='bbox 1734 191 1841 235; x_wconf 74' lang='lat' dir='ltr'>viri,</span> 
     </span>
     <span class='ocr_line' id='line_1_3' title="bbox 214 261 1845 314; baseline -0.002 -12"><span class='ocrx_word' id='word_1_13' title='bbox 214 263 292 314; x_wconf 91' lang='lat' dir='ltr'>qui</span> <span class='ocrx_word' id='word_1_14' title='bbox 313 262 412 302; x_wconf 88' lang='lat' dir='ltr'>eius</span> <span class='ocrx_word' id='word_1_15' title='bbox 432 262 751 302; x_wconf 84' lang='lat' dir='ltr'>reductionem</span> <span class='ocrx_word' id='word_1_16' title='bbox 775 269 911 302; x_wconf 85' lang='lat' dir='ltr'>antea</span> <span class='ocrx_word' id='word_1_17' title='bbox 934 268 1246 312; x_wconf 83' lang='lat' dir='ltr'>tentauerant,</span> <span class='ocrx_word' id='word_1_18' title='bbox 1271 273 1410 312; x_wconf 88' lang='lat' dir='ltr'>supra</span> <span class='ocrx_word' id='word_1_19' title='bbox 1434 261 1621 301; x_wconf 88' lang='lat' dir='ltr'>modum</span> <span class='ocrx_word' id='word_1_20' title='bbox 1638 267 1744 300; x_wconf 91' lang='lat' dir='ltr'>sunt</span> <span class='ocrx_word' id='word_1_21' title='bbox 1766 261 1845 300; x_wconf 89' lang='lat' dir='ltr'>mi-</span> 
     </span>
     <span class='ocr_line' id='line_1_4' title="bbox 217 333 898 385; baseline -0.001 -11"><span class='ocrx_word' id='word_1_22' title='bbox 217 334 321 384; x_wconf 86' lang='lat' dir='ltr'>rati,</span> <span class='ocrx_word' id='word_1_23' title='bbox 347 334 548 384; x_wconf 84' lang='lat' dir='ltr'>idipsum</span> <span class='ocrx_word' id='word_1_24' title='bbox 570 333 898 385; x_wconf 75' lang='lat' dir='ltr'>approbantes.</span> 
     </span>
    </p>

    <p class='ocr_par' dir='ltr' id='par_1_3' title="bbox 184 403 1858 1593">
     <span class='ocr_line' id='line_1_5' title="bbox 298 403 1844 455; baseline -0.002 -11"><span class='ocrx_word' id='word_1_25' title='bbox 298 405 386 455; x_wconf 79' lang='lat' dir='ltr'>Qui</span> <span class='ocrx_word' id='word_1_26' title='bbox 426 405 622 455; x_wconf 83' lang='lat' dir='ltr'>Singulis</span> <span class='ocrx_word' id='word_1_27' title='bbox 657 404 1026 444; x_wconf 70' lang='lat' dir='ltr'>hebdomadibus</span> <span class='ocrx_word' id='word_1_28' title='bbox 1063 405 1121 443; x_wconf 90' lang='lat' dir='ltr'>ad</span> <span class='ocrx_word' id='word_1_29' title='bbox 1158 403 1502 444; x_wconf 83' lang='lat' dir='ltr'>confessionem</span> <span class='ocrx_word' id='word_1_30' title='bbox 1545 410 1844 446; x_wconf 74' lang='lat' dir='ltr'>concurrunt,</span> 
     </span>
     <span class='ocr_line' id='line_1_6' title="bbox 214 473 1847 528; baseline -0.003 -12"><span class='ocrx_word' id='word_1_31' title='bbox 214 476 627 528; x_wconf 86' lang='lat' dir='ltr'>quadragesimum</span> <span class='ocrx_word' id='word_1_32' title='bbox 668 475 897 516; x_wconf 82' lang='lat' dir='ltr'>excedunt</span> <span class='ocrx_word' id='word_1_33' title='bbox 931 487 1190 515; x_wconf 83' lang='lat' dir='ltr'>numerum.</span> <span class='ocrx_word' id='word_1_34' title='bbox 1226 475 1350 515; x_wconf 84' lang='lat' dir='ltr'>Ante</span> <span class='ocrx_word' id='word_1_35' title='bbox 1384 475 1552 514; x_wconf 88' lang='lat' dir='ltr'>festum</span> <span class='ocrx_word' id='word_1_36' title='bbox 1590 473 1847 513; x_wconf 57' lang='lat' dir='ltr'>natiuitatis</span> 
     </span>
     <span class='ocr_line' id='line_1_7' title="bbox 214 544 1845 598; baseline -0.002 -11"><span class='ocrx_word' id='word_1_37' title='bbox 214 547 475 587; x_wconf 77' lang='lat' dir='ltr'>dominicae</span> <span class='ocrx_word' id='word_1_38' title='bbox 496 548 845 598; x_wconf 85' lang='lat' dir='ltr'>promulgatum</span> <span class='ocrx_word' id='word_1_39' title='bbox 867 553 935 585; x_wconf 88' lang='lat' dir='ltr'>est</span> <span class='ocrx_word' id='word_1_40' title='bbox 965 546 1201 597; x_wconf 76' lang='lat' dir='ltr'>quoddam</span> <span class='ocrx_word' id='word_1_41' title='bbox 1231 546 1371 597; x_wconf 89' lang='lat' dir='ltr'>(quod</span> <span class='ocrx_word' id='word_1_42' title='bbox 1398 545 1542 595; x_wconf 87' lang='lat' dir='ltr'>aiunt)</span> <span class='ocrx_word' id='word_1_43' title='bbox 1576 544 1845 596; x_wconf 75' lang='lat' dir='ltr'>jubilaeum,</span> 
     </span>
     <span class='ocr_line' id='line_1_8' title="bbox 217 615 1847 669; baseline -0.002 -11"><span class='ocrx_word' id='word_1_44' title='bbox 217 618 342 669; x_wconf 90' lang='lat' dir='ltr'>quod</span> <span class='ocrx_word' id='word_1_45' title='bbox 360 617 703 657; x_wconf 89' lang='lat' dir='ltr'>confessionem</span> <span class='ocrx_word' id='word_1_46' title='bbox 728 618 850 657; x_wconf 85' lang='lat' dir='ltr'>intra</span> <span class='ocrx_word' id='word_1_47' title='bbox 872 625 968 656; x_wconf 87' lang='lat' dir='ltr'>tres</span> <span class='ocrx_word' id='word_1_48' title='bbox 993 617 1092 656; x_wconf 86' lang='lat' dir='ltr'>dies</span> <span class='ocrx_word' id='word_1_49' title='bbox 1114 617 1444 667; x_wconf 81' lang='lat' dir='ltr'>constituebat,</span> <span class='ocrx_word' id='word_1_50' title='bbox 1473 615 1847 656; x_wconf 82' lang='lat' dir='ltr'>communionem</span> 
     </span>
     <span class='ocr_line' id='line_1_9' title="bbox 214 687 1844 739; baseline -0.002 -10"><span class='ocrx_word' id='word_1_51' title='bbox 214 696 371 729; x_wconf 86' lang='lat' dir='ltr'>autem</span> <span class='ocrx_word' id='word_1_52' title='bbox 392 689 625 729; x_wconf 87' lang='lat' dir='ltr'>dominica</span> <span class='ocrx_word' id='word_1_53' title='bbox 647 688 873 739; x_wconf 75' lang='lat' dir='ltr'>sequenti,</span> <span class='ocrx_word' id='word_1_54' title='bbox 899 694 941 727; x_wconf 87' lang='lat' dir='ltr'>et</span> <span class='ocrx_word' id='word_1_55' title='bbox 963 699 1083 738; x_wconf 89' lang='lat' dir='ltr'>quae</span> <span class='ocrx_word' id='word_1_56' title='bbox 1101 688 1288 727; x_wconf 79' lang='lat' dir='ltr'>auditae</span> <span class='ocrx_word' id='word_1_57' title='bbox 1306 687 1491 727; x_wconf 86' lang='lat' dir='ltr'>suerunt</span> <span class='ocrx_word' id='word_1_58' title='bbox 1510 687 1844 730; x_wconf 77' lang='lat' dir='ltr'>confessiones.</span> 
     </span>
     <span class='ocr_line' id='line_1_10' title="bbox 220 757 1851 811; baseline -0.002 -11"><span class='ocrx_word' id='word_1_59' title='bbox 220 767 384 811; x_wconf 89' lang='lat' dir='ltr'>quater</span> <span class='ocrx_word' id='word_1_60' title='bbox 406 761 710 800; x_wconf 85' lang='lat' dir='ltr'>centesimum</span> <span class='ocrx_word' id='word_1_61' title='bbox 746 771 862 810; x_wconf 90' lang='lat' dir='ltr'>pene</span> <span class='ocrx_word' id='word_1_62' title='bbox 891 760 1197 809; x_wconf 84' lang='lat' dir='ltr'>expleuerunt</span> <span class='ocrx_word' id='word_1_63' title='bbox 1233 769 1493 806; x_wconf 89' lang='lat' dir='ltr'>numerum,</span> <span class='ocrx_word' id='word_1_64' title='bbox 1533 757 1851 798; x_wconf 89' lang='lat' dir='ltr'>communioni</span> 
     </span>
     <span class='ocr_line' id='line_1_11' title="bbox 217 828 1851 881; baseline -0.002 -11"><span class='ocrx_word' id='word_1_65' title='bbox 217 837 373 872; x_wconf 85' lang='lat' dir='ltr'>autem</span> <span class='ocrx_word' id='word_1_66' title='bbox 400 832 674 881; x_wconf 83' lang='lat' dir='ltr'>designatus</span> <span class='ocrx_word' id='word_1_67' title='bbox 696 831 794 869; x_wconf 88' lang='lat' dir='ltr'>dies</span> <span class='ocrx_word' id='word_1_68' title='bbox 828 831 1209 870; x_wconf 85' lang='lat' dir='ltr'>tercentesimum</span> <span class='ocrx_word' id='word_1_69' title='bbox 1242 829 1339 869; x_wconf 87' lang='lat' dir='ltr'>fere</span> <span class='ocrx_word' id='word_1_70' title='bbox 1374 829 1586 869; x_wconf 88' lang='lat' dir='ltr'>obtinuit.</span> <span class='ocrx_word' id='word_1_71' title='bbox 1624 828 1851 869; x_wconf 86' lang='lat' dir='ltr'>Confiten-</span> 
     </span>
     <span class='ocr_line' id='line_1_12' title="bbox 217 899 1850 952; baseline -0.002 -10"><span class='ocrx_word' id='word_1_72' title='bbox 217 903 332 942; x_wconf 85' lang='lat' dir='ltr'>tium</span> <span class='ocrx_word' id='word_1_73' title='bbox 354 909 508 942; x_wconf 92' lang='lat' dir='ltr'>autem</span> <span class='ocrx_word' id='word_1_74' title='bbox 547 901 853 951; x_wconf 87' lang='lat' dir='ltr'>collegiorum</span> <span class='ocrx_word' id='word_1_75' title='bbox 890 901 1076 951; x_wconf 84' lang='lat' dir='ltr'>plurimi</span> <span class='ocrx_word' id='word_1_76' title='bbox 1115 901 1324 951; x_wconf 79' lang='lat' dir='ltr'>collegae</span> <span class='ocrx_word' id='word_1_77' title='bbox 1355 900 1619 952; x_wconf 81' lang='lat' dir='ltr'>digniorum</span> <span class='ocrx_word' id='word_1_78' title='bbox 1649 899 1850 947; x_wconf 86' lang='lat' dir='ltr'>fuerunt,</span> 
     </span>
     <span class='ocr_line' id='line_1_13' title="bbox 215 970 1850 1024; baseline 0 -15"><span class='ocrx_word' id='word_1_79' title='bbox 215 973 526 1024; x_wconf 76' lang='lat' dir='ltr'>permultique</span> <span class='ocrx_word' id='word_1_80' title='bbox 549 971 626 1012; x_wconf 91' lang='lat' dir='ltr'>alii</span> <span class='ocrx_word' id='word_1_81' title='bbox 653 972 848 1011; x_wconf 87' lang='lat' dir='ltr'>literarii</span> <span class='ocrx_word' id='word_1_82' title='bbox 869 971 959 1011; x_wconf 86' lang='lat' dir='ltr'>viri</span> <span class='ocrx_word' id='word_1_83' title='bbox 983 978 1120 1022; x_wconf 88' lang='lat' dir='ltr'>atque</span> <span class='ocrx_word' id='word_1_84' title='bbox 1148 971 1286 1011; x_wconf 89' lang='lat' dir='ltr'>huius</span> <span class='ocrx_word' id='word_1_85' title='bbox 1317 971 1592 1011; x_wconf 79' lang='lat' dir='ltr'>academiae</span> <span class='ocrx_word' id='word_1_86' title='bbox 1626 970 1850 1020; x_wconf 80' lang='lat' dir='ltr'>insignes,</span> 
     </span>
     <span class='ocr_line' id='line_1_14' title="bbox 218 1042 1854 1094; baseline -0.003 -10"><span class='ocrx_word' id='word_1_87' title='bbox 218 1055 401 1084; x_wconf 85' lang='lat' dir='ltr'>necnon</span> <span class='ocrx_word' id='word_1_88' title='bbox 419 1050 462 1083; x_wconf 88' lang='lat' dir='ltr'>et</span> <span class='ocrx_word' id='word_1_89' title='bbox 485 1044 661 1094; x_wconf 84' lang='lat' dir='ltr'>aliquot</span> <span class='ocrx_word' id='word_1_90' title='bbox 684 1050 930 1093; x_wconf 87' lang='lat' dir='ltr'>magnates</span> <span class='ocrx_word' id='word_1_91' title='bbox 953 1043 1127 1093; x_wconf 90' lang='lat' dir='ltr'>populi,</span> <span class='ocrx_word' id='word_1_92' title='bbox 1152 1048 1291 1093; x_wconf 91' lang='lat' dir='ltr'>atque</span> <span class='ocrx_word' id='word_1_93' title='bbox 1313 1042 1453 1082; x_wconf 90' lang='lat' dir='ltr'>etiam</span> <span class='ocrx_word' id='word_1_94' title='bbox 1479 1042 1709 1091; x_wconf 86' lang='lat' dir='ltr'>heroides,</span> <span class='ocrx_word' id='word_1_95' title='bbox 1734 1052 1854 1092; x_wconf 86' lang='lat' dir='ltr'>quae</span> 
     </span>
     <span class='ocr_line' id='line_1_15' title="bbox 218 1112 1854 1164; baseline -0.002 -9"><span class='ocrx_word' id='word_1_96' title='bbox 218 1117 265 1155; x_wconf 90' lang='lat' dir='ltr'>in</span> <span class='ocrx_word' id='word_1_97' title='bbox 297 1114 591 1155; x_wconf 84' lang='lat' dir='ltr'>confessione</span> <span class='ocrx_word' id='word_1_98' title='bbox 613 1113 880 1164; x_wconf 84' lang='lat' dir='ltr'>frequentes</span> <span class='ocrx_word' id='word_1_99' title='bbox 902 1119 1009 1152; x_wconf 92' lang='lat' dir='ltr'>sunt</span> <span class='ocrx_word' id='word_1_100' title='bbox 1039 1113 1192 1163; x_wconf 87' lang='lat' dir='ltr'>nimis,</span> <span class='ocrx_word' id='word_1_101' title='bbox 1223 1119 1267 1153; x_wconf 92' lang='lat' dir='ltr'>et</span> <span class='ocrx_word' id='word_1_102' title='bbox 1300 1125 1461 1153; x_wconf 90' lang='lat' dir='ltr'>earum</span> <span class='ocrx_word' id='word_1_103' title='bbox 1491 1113 1634 1152; x_wconf 85' lang='lat' dir='ltr'>etiam</span> <span class='ocrx_word' id='word_1_104' title='bbox 1669 1112 1854 1163; x_wconf 84' lang='lat' dir='ltr'>aliquae</span> 
     </span>
     <span class='ocr_line' id='line_1_16' title="bbox 217 1183 1853 1235; baseline -0.002 -9"><span class='ocrx_word' id='word_1_105' title='bbox 217 1188 265 1227; x_wconf 92' lang='lat' dir='ltr'>in</span> <span class='ocrx_word' id='word_1_106' title='bbox 282 1186 507 1226; x_wconf 89' lang='lat' dir='ltr'>oratione.</span> <span class='ocrx_word' id='word_1_107' title='bbox 531 1185 694 1225; x_wconf 91' lang='lat' dir='ltr'>Totius</span> <span class='ocrx_word' id='word_1_108' title='bbox 711 1185 838 1224; x_wconf 79' lang='lat' dir='ltr'>vitae</span> <span class='ocrx_word' id='word_1_109' title='bbox 857 1184 1178 1224; x_wconf 85' lang='lat' dir='ltr'>consessiones</span> <span class='ocrx_word' id='word_1_110' title='bbox 1195 1185 1446 1224; x_wconf 85' lang='lat' dir='ltr'>nonnullae</span> <span class='ocrx_word' id='word_1_111' title='bbox 1464 1195 1645 1235; x_wconf 88' lang='lat' dir='ltr'>quoque</span> <span class='ocrx_word' id='word_1_112' title='bbox 1664 1183 1853 1223; x_wconf 88' lang='lat' dir='ltr'>habitae</span> 
     </span>
     <span class='ocr_line' id='line_1_17' title="bbox 184 1253 1856 1308; baseline -0.002 -10"><span class='ocrx_word' id='word_1_113' title='bbox 184 1275 189 1280; x_wconf 95' lang='lat'>·</span> <span class='ocrx_word' id='word_1_114' title='bbox 218 1263 338 1298; x_wconf 86' lang='lat' dir='ltr'>sunt.</span> <span class='ocrx_word' id='word_1_115' title='bbox 363 1258 414 1297; x_wconf 88' lang='lat' dir='ltr'>In</span> <span class='ocrx_word' id='word_1_116' title='bbox 442 1257 654 1296; x_wconf 85' lang='lat' dir='ltr'>oratione</span> <span class='ocrx_word' id='word_1_117' title='bbox 684 1257 821 1307; x_wconf 89' lang='lat' dir='ltr'>plane</span> <span class='ocrx_word' id='word_1_118' title='bbox 856 1256 1083 1295; x_wconf 89' lang='lat' dir='ltr'>moniales</span> <span class='ocrx_word' id='word_1_119' title='bbox 1118 1256 1360 1307; x_wconf 85' lang='lat' dir='ltr'>plurimae,</span> <span class='ocrx_word' id='word_1_120' title='bbox 1399 1256 1573 1306; x_wconf 89' lang='lat' dir='ltr'>insigni</span> <span class='ocrx_word' id='word_1_121' title='bbox 1604 1255 1663 1295; x_wconf 90' lang='lat' dir='ltr'>D.</span> <span class='ocrx_word' id='word_1_122' title='bbox 1691 1253 1856 1308; x_wconf 88' lang='lat' dir='ltr'>Jacobi</span> 
     </span>
     <span class='ocr_line' id='line_1_18' title="bbox 219 1326 1857 1379; baseline -0.002 -10"><span class='ocrx_word' id='word_1_123' title='bbox 219 1328 468 1379; x_wconf 87' lang='lat' dir='ltr'>insignitae</span> <span class='ocrx_word' id='word_1_124' title='bbox 493 1327 518 1376; x_wconf 90' lang='lat'>¹,</span> <span class='ocrx_word' id='word_1_125' title='bbox 543 1327 769 1378; x_wconf 90' lang='lat' dir='ltr'>plurimos</span> <span class='ocrx_word' id='word_1_126' title='bbox 790 1327 966 1366; x_wconf 86' lang='lat' dir='ltr'>faciunt</span> <span class='ocrx_word' id='word_1_127' title='bbox 989 1338 1284 1378; x_wconf 83' lang='lat' dir='ltr'>progressus,</span> <span class='ocrx_word' id='word_1_128' title='bbox 1310 1338 1427 1378; x_wconf 86' lang='lat' dir='ltr'>quas</span> <span class='ocrx_word' id='word_1_129' title='bbox 1449 1326 1496 1366; x_wconf 82' lang='lat' dir='ltr'>P.</span> <span class='ocrx_word' id='word_1_130' title='bbox 1529 1326 1717 1366; x_wconf 87' lang='lat' dir='ltr'>Rectori</span> <span class='ocrx_word' id='word_1_131' title='bbox 1744 1337 1857 1365; x_wconf 88' lang='lat' dir='ltr'>non-</span> 
     </span>
     <span class='ocr_line' id='line_1_19' title="bbox 218 1396 1858 1452; baseline -0.002 -12"><span class='ocrx_word' id='word_1_132' title='bbox 218 1412 457 1452; x_wconf 91' lang='lat' dir='ltr'>nunquam</span> <span class='ocrx_word' id='word_1_133' title='bbox 478 1398 661 1438; x_wconf 87' lang='lat' dir='ltr'>visendi</span> <span class='ocrx_word' id='word_1_134' title='bbox 684 1410 797 1437; x_wconf 89' lang='lat' dir='ltr'>cura</span> <span class='ocrx_word' id='word_1_135' title='bbox 832 1404 914 1438; x_wconf 89' lang='lat' dir='ltr'>est.</span> <span class='ocrx_word' id='word_1_136' title='bbox 955 1398 1048 1438; x_wconf 89' lang='lat' dir='ltr'>Alii</span> <span class='ocrx_word' id='word_1_137' title='bbox 1069 1404 1315 1449; x_wconf 84' lang='lat' dir='ltr'>praeterea</span> <span class='ocrx_word' id='word_1_138' title='bbox 1351 1398 1468 1438; x_wconf 91' lang='lat' dir='ltr'>alius</span> <span class='ocrx_word' id='word_1_139' title='bbox 1501 1397 1718 1437; x_wconf 91' lang='lat' dir='ltr'>coenobii</span> <span class='ocrx_word' id='word_1_140' title='bbox 1753 1396 1858 1436; x_wconf 91' lang='lat' dir='ltr'>reli-</span> 
     </span>
     <span class='ocr_line' id='line_1_20' title="bbox 219 1468 1858 1522; baseline -0.002 -11"><span class='ocrx_word' id='word_1_141' title='bbox 219 1472 379 1522; x_wconf 88' lang='lat' dir='ltr'>giosae</span> <span class='ocrx_word' id='word_1_142' title='bbox 402 1470 625 1510; x_wconf 79' lang='lat' dir='ltr'>exercitia</span> <span class='ocrx_word' id='word_1_143' title='bbox 647 1469 1034 1518; x_wconf 87' lang='lat' dir='ltr'>subministrauit,</span> <span class='ocrx_word' id='word_1_144' title='bbox 1060 1480 1178 1520; x_wconf 87' lang='lat' dir='ltr'>quae</span> <span class='ocrx_word' id='word_1_145' title='bbox 1205 1469 1253 1508; x_wconf 91' lang='lat' dir='ltr'>in</span> <span class='ocrx_word' id='word_1_146' title='bbox 1282 1468 1447 1520; x_wconf 87' lang='lat' dir='ltr'>spiritu</span> <span class='ocrx_word' id='word_1_147' title='bbox 1483 1480 1575 1508; x_wconf 89' lang='lat' dir='ltr'>non</span> <span class='ocrx_word' id='word_1_148' title='bbox 1607 1479 1775 1520; x_wconf 88' lang='lat' dir='ltr'>parum</span> <span class='ocrx_word' id='word_1_149' title='bbox 1799 1479 1858 1507; x_wconf 83' lang='lat' dir='ltr'>ex</span> 
     </span>
     <span class='ocr_line' id='line_1_21' title="bbox 219 1543 649 1593; baseline -0.009 -10"><span class='ocrx_word' id='word_1_150' title='bbox 219 1543 308 1583; x_wconf 91' lang='lat' dir='ltr'>hoc</span> <span class='ocrx_word' id='word_1_151' title='bbox 328 1547 543 1593; x_wconf 84' lang='lat' dir='ltr'>promota</span> <span class='ocrx_word' id='word_1_152' title='bbox 565 1547 649 1580; x_wconf 88' lang='lat' dir='ltr'>est.</span> 
     </span>
    </p>

    <p class='ocr_par' dir='ltr' id='par_1_4' title="bbox 182 1610 1872 2731">
     <span class='ocr_line' id='line_1_22' title="bbox 299 1610 1858 1664; baseline -0.002 -11"><span class='ocrx_word' id='word_1_153' title='bbox 299 1613 576 1662; x_wconf 81' lang='lat' dir='ltr'>ConcioneS‚</span> <span class='ocrx_word' id='word_1_154' title='bbox 600 1624 720 1663; x_wconf 90' lang='lat' dir='ltr'>quae</span> <span class='ocrx_word' id='word_1_155' title='bbox 743 1624 800 1652; x_wconf 87' lang='lat' dir='ltr'>ex</span> <span class='ocrx_word' id='word_1_156' title='bbox 818 1612 1032 1652; x_wconf 89' lang='lat' dir='ltr'>doctrina</span> <span class='ocrx_word' id='word_1_157' title='bbox 1052 1612 1310 1652; x_wconf 86' lang='lat' dir='ltr'>christiana</span> <span class='ocrx_word' id='word_1_158' title='bbox 1329 1612 1544 1664; x_wconf 79' lang='lat' dir='ltr'>proximo</span> <span class='ocrx_word' id='word_1_159' title='bbox 1565 1610 1858 1650; x_wconf 91' lang='lat' dir='ltr'>habebantur</span> 
     </span>
     <span class='ocr_line' id='line_1_23' title="bbox 221 1682 1858 1735; baseline -0.004 -10"><span class='ocrx_word' id='word_1_160' title='bbox 221 1697 359 1735; x_wconf 84' lang='lat' dir='ltr'>anno,</span> <span class='ocrx_word' id='word_1_161' title='bbox 384 1683 620 1735; x_wconf 84' lang='lat' dir='ltr'>praesenti</span> <span class='ocrx_word' id='word_1_162' title='bbox 641 1695 734 1723; x_wconf 89' lang='lat' dir='ltr'>non</span> <span class='ocrx_word' id='word_1_163' title='bbox 758 1689 1108 1734; x_wconf 86' lang='lat' dir='ltr'>promouentur.</span> <span class='ocrx_word' id='word_1_164' title='bbox 1146 1683 1302 1735; x_wconf 85' lang='lat' dir='ltr'>Atque</span> <span class='ocrx_word' id='word_1_165' title='bbox 1338 1683 1385 1723; x_wconf 92' lang='lat' dir='ltr'>id</span> <span class='ocrx_word' id='word_1_166' title='bbox 1418 1682 1603 1733; x_wconf 91' lang='lat' dir='ltr'>quidem</span> <span class='ocrx_word' id='word_1_167' title='bbox 1638 1688 1736 1721; x_wconf 89' lang='lat' dir='ltr'>tum</span> <span class='ocrx_word' id='word_1_168' title='bbox 1757 1691 1858 1731; x_wconf 92' lang='lat' dir='ltr'>pro-</span> 
     </span>
     <span class='ocr_line' id='line_1_24' title="bbox 220 1752 1861 1808; baseline -0.002 -12"><span class='ocrx_word' id='word_1_169' title='bbox 220 1763 323 1808; x_wconf 87' lang='lat' dir='ltr'>pter</span> <span class='ocrx_word' id='word_1_170' title='bbox 339 1755 581 1795; x_wconf 88' lang='lat' dir='ltr'>literarum</span> <span class='ocrx_word' id='word_1_171' title='bbox 600 1755 973 1806; x_wconf 85' lang='lat' dir='ltr'>occupationem,</span> <span class='ocrx_word' id='word_1_172' title='bbox 994 1755 1197 1794; x_wconf 78' lang='lat' dir='ltr'>maxime</span> <span class='ocrx_word' id='word_1_173' title='bbox 1212 1754 1578 1803; x_wconf 87' lang='lat' dir='ltr'>conclusionum,</span> <span class='ocrx_word' id='word_1_174' title='bbox 1603 1758 1701 1792; x_wconf 90' lang='lat' dir='ltr'>tum</span> <span class='ocrx_word' id='word_1_175' title='bbox 1721 1752 1861 1791; x_wconf 86' lang='lat' dir='ltr'>etiam</span> 
     </span>
     <span class='ocr_line' id='line_1_25' title="bbox 223 1823 1861 1879; baseline -0.002 -12"><span class='ocrx_word' id='word_1_176' title='bbox 223 1828 348 1879; x_wconf 87' lang='lat' dir='ltr'>quod</span> <span class='ocrx_word' id='word_1_177' title='bbox 369 1827 508 1878; x_wconf 90' lang='lat' dir='ltr'>patri,</span> <span class='ocrx_word' id='word_1_178' title='bbox 534 1826 667 1866; x_wconf 89' lang='lat' dir='ltr'>cuius</span> <span class='ocrx_word' id='word_1_179' title='bbox 689 1825 734 1865; x_wconf 91' lang='lat' dir='ltr'>id</span> <span class='ocrx_word' id='word_1_180' title='bbox 756 1826 913 1865; x_wconf 78' lang='lat' dir='ltr'>faceie</span> <span class='ocrx_word' id='word_1_181' title='bbox 936 1833 1094 1877; x_wconf 90' lang='lat' dir='ltr'>partes</span> <span class='ocrx_word' id='word_1_182' title='bbox 1116 1832 1250 1865; x_wconf 87' lang='lat' dir='ltr'>erant</span> <span class='ocrx_word' id='word_1_183' title='bbox 1269 1824 1296 1875; x_wconf 76' lang='lat'>²,</span> <span class='ocrx_word' id='word_1_184' title='bbox 1321 1838 1414 1865; x_wconf 89' lang='lat' dir='ltr'>non</span> <span class='ocrx_word' id='word_1_185' title='bbox 1444 1825 1508 1864; x_wconf 88' lang='lat' dir='ltr'>ita</span> <span class='ocrx_word' id='word_1_186' title='bbox 1538 1824 1671 1864; x_wconf 87' lang='lat' dir='ltr'>firma</span> <span class='ocrx_word' id='word_1_187' title='bbox 1695 1823 1753 1863; x_wconf 88' lang='lat' dir='ltr'>sit</span> <span class='ocrx_word' id='word_1_188' title='bbox 1782 1834 1861 1862; x_wconf 80' lang='lat' dir='ltr'>va-</span> 
     </span>
     <span class='ocr_line' id='line_1_26' title="bbox 221 1894 1861 1948; baseline -0.003 -11"><span class='ocrx_word' id='word_1_189' title='bbox 221 1898 392 1948; x_wconf 85' lang='lat' dir='ltr'>letudo,</span> <span class='ocrx_word' id='word_1_190' title='bbox 416 1904 466 1937; x_wconf 87' lang='lat' dir='ltr'>vt</span> <span class='ocrx_word' id='word_1_191' title='bbox 487 1897 559 1936; x_wconf 89' lang='lat' dir='ltr'>his</span> <span class='ocrx_word' id='word_1_192' title='bbox 580 1902 719 1948; x_wconf 88' lang='lat' dir='ltr'>atque</span> <span class='ocrx_word' id='word_1_193' title='bbox 739 1897 829 1936; x_wconf 88' lang='lat' dir='ltr'>illis</span> <span class='ocrx_word' id='word_1_194' title='bbox 856 1897 995 1936; x_wconf 85' lang='lat' dir='ltr'>rebus</span> <span class='ocrx_word' id='word_1_195' title='bbox 1032 1904 1274 1948; x_wconf 86' lang='lat' dir='ltr'>praestare</span> <span class='ocrx_word' id='word_1_196' title='bbox 1303 1908 1352 1936; x_wconf 92' lang='lat' dir='ltr'>se</span> <span class='ocrx_word' id='word_1_197' title='bbox 1387 1897 1557 1935; x_wconf 83' lang='lat' dir='ltr'>valeat.</span> <span class='ocrx_word' id='word_1_198' title='bbox 1600 1895 1688 1934; x_wconf 85' lang='lat' dir='ltr'>Hic</span> <span class='ocrx_word' id='word_1_199' title='bbox 1725 1894 1861 1934; x_wconf 90' lang='lat' dir='ltr'>simul</span> 
     </span>
     <span class='ocr_line' id='line_1_27' title="bbox 223 1965 1862 2019; baseline -0.003 -10"><span class='ocrx_word' id='word_1_200' title='bbox 223 1981 329 2009; x_wconf 87' lang='lat' dir='ltr'>cum</span> <span class='ocrx_word' id='word_1_201' title='bbox 346 1969 393 2009; x_wconf 80' lang='lat' dir='ltr'>P.</span> <span class='ocrx_word' id='word_1_202' title='bbox 419 1968 626 2009; x_wconf 84' lang='lat' dir='ltr'>Antonio</span> <span class='ocrx_word' id='word_1_203' title='bbox 649 1967 704 2007; x_wconf 93' lang='lat' dir='ltr'>de</span> <span class='ocrx_word' id='word_1_204' title='bbox 728 1967 947 2008; x_wconf 87' lang='lat' dir='ltr'>Corduba</span> <span class='ocrx_word' id='word_1_205' title='bbox 967 1975 1072 2008; x_wconf 88' lang='lat' dir='ltr'>sunt</span> <span class='ocrx_word' id='word_1_206' title='bbox 1095 1969 1169 2019; x_wconf 92' lang='lat' dir='ltr'>qui</span> <span class='ocrx_word' id='word_1_207' title='bbox 1202 1980 1258 2008; x_wconf 85' lang='lat' dir='ltr'>ex</span> <span class='ocrx_word' id='word_1_208' title='bbox 1281 1968 1464 2007; x_wconf 77' lang='lat' dir='ltr'>defectu</span> <span class='ocrx_word' id='word_1_209' title='bbox 1501 1965 1787 2007; x_wconf 84' lang='lat' dir='ltr'>valetudinis</span> <span class='ocrx_word' id='word_1_210' title='bbox 1816 1965 1862 2004; x_wconf 90' lang='lat' dir='ltr'>in</span> 
     </span>
     <span class='ocr_line' id='line_1_28' title="bbox 225 2039 1864 2092; baseline -0.003 -12"><span class='ocrx_word' id='word_1_211' title='bbox 225 2040 397 2092; x_wconf 92' lang='lat' dir='ltr'>oppido</span> <span class='ocrx_word' id='word_1_212' title='bbox 419 2040 622 2091; x_wconf 88' lang='lat' dir='ltr'>quodam</span> <span class='ocrx_word' id='word_1_213' title='bbox 644 2039 838 2079; x_wconf 89' lang='lat' dir='ltr'>Comitis</span> <span class='ocrx_word' id='word_1_214' title='bbox 861 2040 926 2089; x_wconf 89' lang='lat' dir='ltr'>(vt</span> <span class='ocrx_word' id='word_1_215' title='bbox 949 2039 1094 2089; x_wconf 88' lang='lat' dir='ltr'>aiunt)</span> <span class='ocrx_word' id='word_1_216' title='bbox 1118 2040 1174 2079; x_wconf 89' lang='lat' dir='ltr'>de</span> <span class='ocrx_word' id='word_1_217' title='bbox 1203 2039 1412 2091; x_wconf 82' lang='lat' dir='ltr'>Oropesa</span> <span class='ocrx_word' id='word_1_218' title='bbox 1436 2039 1651 2090; x_wconf 79' lang='lat' dir='ltr'>proxima</span> <span class='ocrx_word' id='word_1_219' title='bbox 1686 2042 1864 2076; x_wconf 89' lang='lat' dir='ltr'>aestate</span> 
     </span>
     <span class='ocr_line' id='line_1_29' title="bbox 226 2105 1864 2162; baseline -0.003 -11"><span class='ocrx_word' id='word_1_220' title='bbox 226 2113 425 2161; x_wconf 84' lang='lat' dir='ltr'>fuerunt,</span> <span class='ocrx_word' id='word_1_221' title='bbox 445 2111 523 2151; x_wconf 82' lang='lat' dir='ltr'>vbi</span> <span class='ocrx_word' id='word_1_222' title='bbox 541 2122 634 2150; x_wconf 89' lang='lat' dir='ltr'>non</span> <span class='ocrx_word' id='word_1_223' title='bbox 652 2122 819 2162; x_wconf 91' lang='lat' dir='ltr'>parum</span> <span class='ocrx_word' id='word_1_224' title='bbox 846 2109 1024 2150; x_wconf 90' lang='lat' dir='ltr'>fructus</span> <span class='ocrx_word' id='word_1_225' title='bbox 1043 2111 1293 2150; x_wconf 83' lang='lat' dir='ltr'>conciones</span> <span class='ocrx_word' id='word_1_226' title='bbox 1311 2110 1723 2159; x_wconf 87' lang='lat' dir='ltr'>confessionesque</span> <span class='ocrx_word' id='word_1_227' title='bbox 1742 2105 1864 2158; x_wconf 85' lang='lat' dir='ltr'>apud</span> 
     </span>
     <span class='ocr_line' id='line_1_30' title="bbox 224 2177 1863 2233; baseline -0.003 -11"><span class='ocrx_word' id='word_1_228' title='bbox 224 2183 347 2222; x_wconf 91' lang='lat' dir='ltr'>illius</span> <span class='ocrx_word' id='word_1_229' title='bbox 369 2182 523 2233; x_wconf 90' lang='lat' dir='ltr'>oppidi</span> <span class='ocrx_word' id='word_1_230' title='bbox 546 2182 725 2221; x_wconf 89' lang='lat' dir='ltr'>incolas</span> <span class='ocrx_word' id='word_1_231' title='bbox 747 2181 1011 2221; x_wconf 85' lang='lat' dir='ltr'>effecerunt.</span> <span class='ocrx_word' id='word_1_232' title='bbox 1037 2181 1131 2222; x_wconf 87' lang='lat' dir='ltr'>Alii</span> <span class='ocrx_word' id='word_1_233' title='bbox 1152 2182 1292 2221; x_wconf 88' lang='lat' dir='ltr'>etiam</span> <span class='ocrx_word' id='word_1_234' title='bbox 1318 2188 1476 2232; x_wconf 86' lang='lat' dir='ltr'>patres</span> <span class='ocrx_word' id='word_1_235' title='bbox 1494 2180 1690 2220; x_wconf 85' lang='lat' dir='ltr'>verbum</span> <span class='ocrx_word' id='word_1_236' title='bbox 1722 2177 1863 2218; x_wconf 89' lang='lat' dir='ltr'>domi-</span> 
     </span>
     <span class='ocr_line' id='line_1_31' title="bbox 227 2248 1864 2305; baseline -0.004 -12"><span class='ocrx_word' id='word_1_237' title='bbox 227 2255 384 2294; x_wconf 90' lang='lat' dir='ltr'>nicum</span> <span class='ocrx_word' id='word_1_238' title='bbox 407 2254 733 2293; x_wconf 85' lang='lat' dir='ltr'>doctrinamve</span> <span class='ocrx_word' id='word_1_239' title='bbox 756 2253 939 2293; x_wconf 88' lang='lat' dir='ltr'>insituri</span> <span class='ocrx_word' id='word_1_240' title='bbox 968 2252 1026 2292; x_wconf 85' lang='lat' dir='ltr'>ad</span> <span class='ocrx_word' id='word_1_241' title='bbox 1047 2253 1228 2305; x_wconf 89' lang='lat' dir='ltr'>aliquos</span> <span class='ocrx_word' id='word_1_242' title='bbox 1254 2263 1404 2304; x_wconf 85' lang='lat' dir='ltr'>pagos</span> <span class='ocrx_word' id='word_1_243' title='bbox 1436 2250 1695 2295; x_wconf 87' lang='lat' dir='ltr'>discedunt;</span> <span class='ocrx_word' id='word_1_244' title='bbox 1727 2248 1864 2288; x_wconf 85' lang='lat' dir='ltr'>hodie</span> 
     </span>
     <span class='ocr_line' id='line_1_32' title="bbox 228 2319 1863 2377; baseline -0.004 -12"><span class='ocrx_word' id='word_1_245' title='bbox 228 2325 507 2377; x_wconf 88' lang='lat' dir='ltr'>praesertim</span> <span class='ocrx_word' id='word_1_246' title='bbox 536 2325 693 2365; x_wconf 81' lang='lat' dir='ltr'>vicum</span> <span class='ocrx_word' id='word_1_247' title='bbox 724 2324 974 2375; x_wconf 88' lang='lat' dir='ltr'>quemdam</span> <span class='ocrx_word' id='word_1_248' title='bbox 997 2331 1349 2371; x_wconf 88' lang='lat' dir='ltr'>concesserunt,</span> <span class='ocrx_word' id='word_1_249' title='bbox 1386 2323 1465 2362; x_wconf 84' lang='lat' dir='ltr'>vbi</span> <span class='ocrx_word' id='word_1_250' title='bbox 1501 2322 1738 2362; x_wconf 86' lang='lat' dir='ltr'>studiosus</span> <span class='ocrx_word' id='word_1_251' title='bbox 1767 2319 1863 2371; x_wconf 92' lang='lat' dir='ltr'>qui-</span> 
     </span>
     <span class='ocr_line' id='line_1_33' title="bbox 227 2391 1865 2447; baseline -0.004 -11"><span class='ocrx_word' id='word_1_252' title='bbox 227 2396 337 2437; x_wconf 89' lang='lat' dir='ltr'>dam</span> <span class='ocrx_word' id='word_1_253' title='bbox 357 2396 506 2436; x_wconf 85' lang='lat' dir='ltr'>nostri</span> <span class='ocrx_word' id='word_1_254' title='bbox 522 2395 848 2436; x_wconf 88' lang='lat' dir='ltr'>beneficiarius</span> <span class='ocrx_word' id='word_1_255' title='bbox 864 2402 948 2446; x_wconf 89' lang='lat' dir='ltr'>est,</span> <span class='ocrx_word' id='word_1_256' title='bbox 969 2395 1046 2447; x_wconf 91' lang='lat' dir='ltr'>qui</span> <span class='ocrx_word' id='word_1_257' title='bbox 1065 2396 1171 2435; x_wconf 90' lang='lat' dir='ltr'>huic</span> <span class='ocrx_word' id='word_1_258' title='bbox 1189 2396 1388 2446; x_wconf 89' lang='lat' dir='ltr'>collegio</span> <span class='ocrx_word' id='word_1_259' title='bbox 1409 2394 1618 2434; x_wconf 85' lang='lat' dir='ltr'>redditus</span> <span class='ocrx_word' id='word_1_260' title='bbox 1638 2391 1865 2444; x_wconf 90' lang='lat' dir='ltr'>quosdam</span> 
     </span>
     <span class='ocr_line' id='line_1_34' title="bbox 228 2461 1867 2517; baseline -0.004 -10"><span class='ocrx_word' id='word_1_261' title='bbox 228 2479 522 2507; x_wconf 77' lang='lat' dir='ltr'>annexurum</span> <span class='ocrx_word' id='word_1_262' title='bbox 543 2467 749 2507; x_wconf 87' lang='lat' dir='ltr'>innuisse</span> <span class='ocrx_word' id='word_1_263' title='bbox 773 2467 970 2506; x_wconf 79' lang='lat' dir='ltr'>videtur.</span> <span class='ocrx_word' id='word_1_264' title='bbox 1002 2466 1202 2517; x_wconf 85' lang='lat' dir='ltr'>Quidam</span> <span class='ocrx_word' id='word_1_265' title='bbox 1226 2466 1343 2506; x_wconf 89' lang='lat' dir='ltr'>alius</span> <span class='ocrx_word' id='word_1_266' title='bbox 1364 2465 1497 2505; x_wconf 91' lang='lat' dir='ltr'>nobis</span> <span class='ocrx_word' id='word_1_267' title='bbox 1525 2464 1695 2504; x_wconf 89' lang='lat' dir='ltr'>insistit</span> <span class='ocrx_word' id='word_1_268' title='bbox 1726 2461 1867 2513; x_wconf 90' lang='lat' dir='ltr'>pluri-</span> 
     </span>
     <span class='ocr_line' id='line_1_35' title="bbox 231 2535 1869 2590; baseline -0.004 -12"><span class='ocrx_word' id='word_1_269' title='bbox 231 2550 357 2578; x_wconf 89' lang='lat' dir='ltr'>mum</span> <span class='ocrx_word' id='word_1_270' title='bbox 373 2545 422 2578; x_wconf 92' lang='lat' dir='ltr'>ut</span> <span class='ocrx_word' id='word_1_271' title='bbox 442 2538 716 2578; x_wconf 87' lang='lat' dir='ltr'>beneficium</span> <span class='ocrx_word' id='word_1_272' title='bbox 734 2538 998 2590; x_wconf 83' lang='lat' dir='ltr'>quodpiam,</span> <span class='ocrx_word' id='word_1_273' title='bbox 1029 2549 1191 2578; x_wconf 88' lang='lat' dir='ltr'>curam</span> <span class='ocrx_word' id='word_1_274' title='bbox 1221 2538 1484 2577; x_wconf 89' lang='lat' dir='ltr'>animarum</span> <span class='ocrx_word' id='word_1_275' title='bbox 1517 2535 1709 2580; x_wconf 84' lang='lat' dir='ltr'>habens,</span> <span class='ocrx_word' id='word_1_276' title='bbox 1747 2543 1869 2572; x_wconf 91' lang='lat' dir='ltr'>nunc</span> 
     </span>
     <span class='ocr_line' id='line_1_36' title="bbox 182 2603 1869 2661; baseline -0.004 -12"><span class='ocrx_word' id='word_1_277' title='bbox 182 2658 184 2661; x_wconf 11' lang='grc' dir='ltr'><em>Α</em></span> <span class='ocrx_word' id='word_1_278' title='bbox 232 2609 549 2659; x_wconf 86' lang='lat' dir='ltr'>admittamus,</span> <span class='ocrx_word' id='word_1_279' title='bbox 570 2620 797 2649; x_wconf 85' lang='lat' dir='ltr'>concesso</span> <span class='ocrx_word' id='word_1_280' title='bbox 833 2615 990 2648; x_wconf 87' lang='lat' dir='ltr'>tamen</span> <span class='ocrx_word' id='word_1_281' title='bbox 1012 2609 1076 2648; x_wconf 91' lang='lat' dir='ltr'>illi</span> <span class='ocrx_word' id='word_1_282' title='bbox 1097 2621 1185 2648; x_wconf 83' lang='lat' dir='ltr'>vsu</span> <span class='ocrx_word' id='word_1_283' title='bbox 1216 2608 1314 2648; x_wconf 85' lang='lat' dir='ltr'>eius</span> <span class='ocrx_word' id='word_1_284' title='bbox 1332 2605 1486 2659; x_wconf 90' lang='lat' dir='ltr'>quoad</span> <span class='ocrx_word' id='word_1_285' title='bbox 1521 2605 1709 2645; x_wconf 75' lang='lat' dir='ltr'>vixerit:</span> <span class='ocrx_word' id='word_1_286' title='bbox 1748 2603 1869 2655; x_wconf 84' lang='lat' dir='ltr'>quod</span> 
     </span>
     <span class='ocr_line' id='line_1_37' title="bbox 231 2676 1872 2731; baseline -0.004 -12"><span class='ocrx_word' id='word_1_287' title='bbox 231 2680 419 2730; x_wconf 88' lang='lat' dir='ltr'>quidem</span> <span class='ocrx_word' id='word_1_288' title='bbox 440 2680 715 2720; x_wconf 87' lang='lat' dir='ltr'>beneficium</span> <span class='ocrx_word' id='word_1_289' title='bbox 737 2692 794 2719; x_wconf 79' lang='lat' dir='ltr'>ex</span> <span class='ocrx_word' id='word_1_290' title='bbox 816 2679 904 2720; x_wconf 89' lang='lat' dir='ltr'>hac</span> <span class='ocrx_word' id='word_1_291' title='bbox 925 2680 1040 2719; x_wconf 85' lang='lat' dir='ltr'>vrbe</span> <span class='ocrx_word' id='word_1_292' title='bbox 1063 2679 1350 2731; x_wconf 85' lang='lat' dir='ltr'>parasangis</span> <span class='ocrx_word' id='word_1_293' title='bbox 1387 2683 1588 2730; x_wconf 86' lang='lat' dir='ltr'>quatuor</span> <span class='ocrx_word' id='word_1_294' title='bbox 1623 2676 1763 2716; x_wconf 86' lang='lat' dir='ltr'>distat</span> <span class='ocrx_word' id='word_1_295' title='bbox 1791 2683 1872 2713; x_wconf 84' lang='lat' dir='ltr'>aut</span> 
     </span>
    </p>
   </div>
   <div class='ocr_carea' id='block_1_3' title="bbox 294 2862 1081 2937">
    <p class='ocr_par' dir='ltr' id='par_1_5' title="bbox 294 2862 1081 2937">
     <span class='ocr_line' id='line_1_38' title="bbox 294 2862 1081 2897; baseline -0.001 -8"><span class='ocrx_word' id='word_1_296' title='bbox 294 2862 302 2881; x_wconf 85' lang='lat'>¹</span> <span class='ocrx_word' id='word_1_297' title='bbox 344 2862 526 2897; x_wconf 88' lang='lat' dir='ltr'>Hispanice</span> <span class='ocrx_word' id='word_1_298' title='bbox 544 2862 827 2889; x_wconf 73' lang='lat' dir='ltr'>Comendadoras</span> <span class='ocrx_word' id='word_1_299' title='bbox 841 2862 884 2889; x_wconf 80' lang='lat' dir='ltr'>de</span> <span class='ocrx_word' id='word_1_300' title='bbox 899 2862 1081 2896; x_wconf 76' lang='lat' dir='ltr'>Santz&#39;ago.</span> 
     </span>
     <span class='ocr_line' id='line_1_39' title="bbox 297 2909 906 2937; baseline -0.003 -1"><span class='ocrx_word' id='word_1_301' title='bbox 297 2909 312 2927; x_wconf 74' lang='lat'>⁴2</span> <span class='ocrx_word' id='word_1_302' title='bbox 349 2909 433 2937; x_wconf 81' lang='lat' dir='ltr'>Erat</span> <span class='ocrx_word' id='word_1_303' title='bbox 450 2910 477 2936; x_wconf 84' lang='lat' dir='ltr'>is</span> <span class='ocrx_word' id='word_1_304' title='bbox 493 2910 529 2937; x_wconf 91' lang='lat' dir='ltr'>P.</span> <span class='ocrx_word' id='word_1_305' title='bbox 545 2909 711 2936; x_wconf 84' lang='lat' dir='ltr'>Martinus</span> <span class='ocrx_word' id='word_1_306' title='bbox 727 2909 906 2936; x_wconf 81' lang='lat' dir='ltr'>Gutierrez</span> 
     </span>
    </p>
   </div>
  </div>
 </body>
</html>
