2028 3328
199 117 270 153 424
716 118 941 156 LITTERAE
959 130 1315 163 QUADRIMESTRES

202 214 519 265 fundamenta,
544 226 662 266 quae
683 217 975 267 temporalia,
999 229 1180 257 summa
1201 218 1278 257 illa
1308 217 1492 256 bonitas
1523 222 1566 256 et
1597 216 1829 267 sapientia

205 297 285 336 per
307 296 392 325 nos
409 284 572 336 jecerit
598 285 878 328 Placentiae.
902 288 1035 328 Nunc
1053 299 1178 338 uero,
1211 298 1316 327 cum
1351 287 1512 327 eadem
1540 288 1617 327 illa
1640 288 1712 327 his
1733 288 1827 327 lite—

205 357 269 396 ris
290 357 612 408 persequenda
635 358 739 408 sint,
765 365 833 398 est
851 370 964 398 sane
983 358 1103 409 quod
1121 358 1222 398 Deo
1240 364 1400 397 nostro
1417 358 1632 407 ingentes
1650 359 1833 409 gratias

207 438 418 478 agamus,
443 428 520 479 qui
554 440 649 468 non
676 429 826 468 minus
855 430 1095 479 copiosam
1129 429 1374 468 materiam
1403 430 1515 468 milii
1538 430 1596 469 ad
1627 430 1827 469 scriben-

208 498 315 538 dum
337 506 576 549 suggerat.
600 499 694 539 Nec
717 500 838 539 enim
862 500 1028 539 minori
1059 500 1328 539 accessione
1356 500 1443 539 hoc
1471 511 1589 551 opus
1620 499 1831 551 procedit

208 569 254 608 in
276 569 388 619 dies,
411 581 551 620 quam
572 570 645 610 ille
667 571 805 610 ardor
836 571 933 619 fuit,
959 583 1048 621 quo
1072 570 1337 610 felic1ssime
1358 571 1627 611 inchoatum
1656 577 1738 610 est.
1764 570 1831 610 In-

210 640 421 689 telligunt
459 642 595 692 plane
631 642 838 681 uniuersi
872 642 999 681 ciues
1038 653 1177 692 quam
1213 642 1271 681 sit
1313 642 1436 682 uitae
1471 642 1591 682 ratio
1628 642 1833 691 diuersa,

211 723 350 762 quam
372 711 585 752 diuersus
612 713 819 752 omnium
856 712 1069 752 ordinum
1097 720 1141 751 et
1170 720 1376 752 actatum
1403 714 1661 762 conuictus,
1695 724 1833 764 quam

212 782 303 822 alia
325 783 626 823 consuetudo.
650 782 817 822 Rarior
835 782 1287 833 estjuramentorum
1301 784 1487 833 abusus,
1508 784 1714 823 rariores
1729 795 1834 822 con-

212 853 456 902 tentiones,
481 854 627 904 rixae,
659 854 992 894 detractiones:
1026 866 1143 905 quae
1175 855 1362 906 quidem
1394 863 1551 906 pestes
1572 861 1717 895 totam
1739 854 1837 894 fere

212 924 377 964 vrbem
397 925 620 964 latissime
641 931 929 975 occuparant
953 924 1048 976 jam
1071 925 1194 966 olim.
1219 925 1378 966 Diuini
1400 926 1540 966 etiam
1570 927 1721 966 cultus
1743 937 1835 965 ma·

210 994 283 1046 jor
304 1006 417 1035 cura
438 1001 506 1035 est
527 1007 667 1046 quam
687 995 839 1035 fuerat
872 996 1100 1046 proximis
1127 997 1198 1036 his
1225 997 1526 1048 temporibus,
1552 997 1706 1042 cautio
1729 997 1839 1036 item

215 1067 261 1105 in
282 1066 407 1106 omni
428 1078 566 1117 opere
587 1064 748 1116 major.
773 1065 1039 1107 Audiuntur
1055 1067 1237 1108 ardenti
1253 1068 1455 1119 quodam
1478 1068 1629 1108 studio
1648 1067 1841 1107 Patrum

216 1137 480 1177 conciones.
505 1136 694 1185 Eorum,
718 1137 794 1187 qui
825 1137 1143 1178 confessiones
1163 1139 1476 1190 frequentant,
1507 1144 1665 1179 tantus
1685 1150 1840 1178 nume-

215 1219 295 1247 rus
325 1214 393 1247 est
424 1214 472 1247 ut
493 1219 576 1247 sex
597 1208 823 1259 patribus,
848 1208 924 1259 qui
955 1209 1078 1249 domi
1113 1215 1233 1260 sunt,
1266 1210 1474 1261 exceptis
1496 1209 1735 1255 fratribus,
1760 1209 1841 1249 uix

216 1279 353 1318 liceat
373 1290 456 1329 per
477 1284 659 1330 tempus
681 1285 828 1318 statas
848 1291 1013 1330 preces
1035 1280 1090 1320 de
1111 1292 1240 1320 more
1268 1281 1439 1321 cotidie
1461 1281 1659 1320 solvere.

295 1349 465 1390 Paucis
479 1350 639 1390 diebus
653 1356 759 1390 ante
773 1350 1184 1401 quadragesimam
1196 1351 1322 1402 Mag.
1340 1351 1568 1403 Baptista,
1588 1364 1614 1391 a
1631 1351 1680 1391 P.
1699 1350 1844 1391 Fran-

218 1421 343 1461 cisco
366 1419 505 1471 Borja
527 1427 751 1461 euocatus
771 1421 1016 1472 Hispalim,
1041 1422 1130 1462 hac
1151 1423 1239 1462 iter
1260 1423 1478 1471 faciebat;
1499 1435 1524 1462 a
1542 1434 1633 1474 quo
1651 1422 1738 1462 uiri
1755 1422 1844 1474 pri-

218 1492 352 1532 marii
374 1491 510 1543 hujus
532 1492 777 1542 ecclesiae,
803 1504 921 1544 quae
943 1493 1168 1534 dioecesis
1191 1500 1331 1545 caput
1352 1500 1435 1544 est,
1460 1495 1539 1534 uix
1560 1494 1717 1534 multis
1744 1504 1844 1545 pre-

219 1564 349 1604 cibus
370 1564 677 1615 impetrarunt
699 1569 747 1603 ut
768 1564 888 1604 diem
905 1576 1049 1605 unum
1069 1565 1336 1606 Placentiae
1358 1566 1724 1605 concionaturus
1752 1576 1847 1604 mo-

218 1641 417 1685 raretur3
442 1635 611 1675 accidit
632 1642 788 1675 autem
808 1643 857 1676 ut
878 1636 916 1675 is
936 1636 1057 1676 foret
1079 1636 1225 1677 festus
1246 1637 1359 1685 dies,
1383 1637 1500 1677 duas
1521 1637 1663 1688 igitur
1685 1636 1847 1676 habuit

219 1706 482 1746 conciones:
503 1707 549 1746 in
567 1706 786 1757 religioso
805 1706 1005 1758 quodam
1022 1708 1309 1748 monasterio
1327 1719 1482 1758 unam,
1507 1709 1705 1748 alteram
1726 1707 1773 1747 in
1795 1718 1850 1746 ea

219 1777 415 1817 ecclesia
428 1789 567 1828 quam
579 1789 726 1829 nuper
740 1778 993 1829 nominaui;
1008 1790 1124 1830 quas
1135 1791 1241 1819 cum
1253 1779 1474 1830 audisset,
1490 1780 1685 1819 multum
1695 1778 1852 1818 solatii

219 1848 341 1899 cepit
357 1849 578 1888 uniuersa
595 1849 774 1892 ciuitas.
796 1850 1037 1890 molestiae
1053 1862 1165 1890 uero
1183 1862 1276 1890 non
1293 1851 1445 1890 minus
1464 1861 1569 1890 cum
1591 1850 1852 1901 accepisset

215 1918 311 1970 jam
330 1917 427 1970 jam
448 1919 575 1959 illum
596 1919 927 1961 discessurum.
953 1921 1185 1961 Continuo
1208 1932 1321 1972 ergo
1340 1928 1531 1961 senatus
1549 1921 1746 1971 cogitur.
1766 1919 1852 1960 Re-

221 1997 373 2029 ctores
390 1996 434 2030 et
448 1991 755 2040 magistratus
777 1991 904 2031 vrbis
927 1992 985 2032 ad
1003 2003 1089 2032 nos
1105 1992 1311 2040 ueniunt,
1330 1999 1460 2032 tanta
1479 1992 1598 2043 septi
1613 1992 1853 2032 hominum

221 2061 496 2112 frequentia,
520 2068 570 2101 ut
591 2063 814 2102 tumultus
836 2063 1002 2114 aliquis
1024 2063 1287 2103 concitatus
1308 2063 1459 2103 uideri
1479 2070 1637 2115 posset
1660 2073 1853 2114 congre-

222 2137 383 2179 gatam
404 2133 744 2173 multitudinem
772 2134 1018 2185 spectanti.
1056 2133 1244 2174 Patrem
1264 2134 1568 2174 villanovam
1597 2135 1741 2174 totius
1770 2133 1854 2173 rei-

222 2203 435 2253 publicae
456 2204 643 2243 nomine
666 2212 802 2244 orant
824 2217 881 2244 ne
912 2205 1172 2256 Baptistam
1200 2205 1290 2245 alio
1317 2205 1485 2254 mittat,
1509 2217 1627 2245 neue
1648 2205 1856 2256 patiatur

226 2275 333 2313 hinc
357 2274 597 2314 discedere
618 2275 657 2314 si
682 2275 942 2327 oppidanos
965 2287 1125 2316 omnes
1146 2287 1319 2327 magno
1340 2277 1479 2316 uellet
1500 2275 1725 2316 beneficio
1747 2275 1856 2315 obli-

225 2356 353 2395 gare.
376 2345 476 2385 Hos
497 2352 776 2386 consecutus
811 2354 881 2387 est
902 2347 1109 2387 vrbanus
1130 2346 1327 2388 Praetor
1355 2359 1461 2388 cum
1488 2347 1776 2399 principibus
1797 2347 1857 2387 ci-

226 2416 401 2457 uitatis:
437 2416 525 2456 hoc
560 2417 617 2457 ab
646 2418 747 2469 ipsa
777 2419 974 2458 ecclesia
1005 2430 1185 2459 summa
1213 2418 1415 2470 quadam
1446 2419 1743 2459 contentione
1779 2430 1857 2470 po—

227 2488 439 2527 stulatur:
464 2489 629 2539 quibus
651 2490 865 2530 omnibus
886 2489 1023 2530 Pater
1040 2489 1280 2541 respondit
1292 2490 1526 2541 integrum
1544 2489 1630 2529 sibi
1648 2501 1741 2529 non
1758 2501 1862 2529 esse

228 2557 285 2596 iis
307 2558 493 2598 obuiam
515 2559 596 2609 ire,
617 2571 734 2611 quae
755 2559 804 2600 P.
828 2560 1112 2601 Franciscus
1129 2561 1294 2612 cuique
1316 2561 1364 2601 in
1385 2560 1619 2600 mandatis
1641 2560 1860 2600 dedisset.

232 2627 315 2668 His
336 2628 521 2679 auditis,
544 2629 779 2670 hominem
800 2631 1082 2679 conducunt,
1109 2632 1186 2683 qui
1207 2630 1394 2672 Patrem
1416 2631 1666 2671 conueniat
1687 2631 1764 2677 ubi
1783 2631 1865 2672 ubi

234 2698 307 2748 sit,
337 2705 380 2738 et
409 2710 548 2750 quam
578 2700 794 2740 maximis
821 2701 968 2752 possit
989 2702 1232 2742 itineribus
1252 2702 1514 2754 Baptistam
1548 2703 1724 2742 anteire
1755 2713 1863 2742 con—

234 2768 408 2808 tendat.
440 2769 606 2810 Petunt
634 2782 687 2810 ea
717 2782 744 2810 a
774 2770 822 2810 P.
852 2771 1123 2822 Francisco,
1157 2785 1278 2825 quae
1307 2784 1468 2813 coram
1489 2785 1515 2812 a
1537 2772 1585 2813 P.
1612 2772 1865 2812 Villanoua

238 2839 391 2878 multis
409 2839 563 2879 uerbis
589 2842 896 2891 postularant:
928 2854 1119 2894 sperare
1146 2855 1209 2894 se,
1241 2843 1465 2894 scribunt,
1501 2843 1653 2894 magis
1687 2843 1734 2883 in
1768 2842 1871 2883 dies.

238 2907 532 2959 profecturos
553 2910 591 2949 si
612 2910 750 2962 Resp.
772 2912 861 2952 ista
883 2912 1140 2954 christiana
1156 2916 1297 2954 talem
1318 2914 1460 2966 digna
1482 2920 1604 2955 esset
1620 2914 1863 2955 conciona-
