2028 3328
834 186 919 223 AN.
949 186 1040 224 1555
1683 188 1756 226 (299

113 282 255 332 mino,
280 282 354 322 cui
375 283 624 334 negocium
651 282 776 323 istud
810 288 960 323 totum
993 283 1262 335 frequenter
1295 284 1679 324 commendamus
1704 291 1749 325 et

113 353 450 393 committimus
472 354 557 394 sub
589 353 788 394 Vestrae
804 353 1108 394 Reuerendae
1130 353 1433 394 Paternitatis
1465 354 1753 405 obedientia„

114 423 177 462 nil
197 423 294 464 fere
315 424 440 464 aliud
461 432 727 476 spectantes
749 431 792 465 et
809 425 1104 476 suspirantes
1120 436 1262 476 quam
1278 425 1438 465 uidere
1461 425 1582 465 diem
1601 426 1744 476 illum,

113 506 207 546 quo
229 494 340 535 nudi
361 494 537 535 nudum
558 495 795 536 Christum
816 496 946 547 sequi
968 496 1225 536 ualeamus.

191 564 263 605 De
284 565 333 605 Ρ.
358 565 597 607 Ursmari¹
619 567 823 618 negotio,
847 567 957 619 quia
978 567 1186 607 nondum
1206 566 1492 618 expeditum,
1518 572 1745 607 tacemus.

192 634 497 677 Reuerendae
520 636 720 678 Vestrae
741 637 1042 678 Paternitatis
1063 637 1280 689 precibus
1303 643 1347 678 et
1383 636 1628 678 sacrificiis
1663 650 1751 678 nos

111 717 274 746 omnes
292 707 542 758 plurimum
565 709 959 750 commendamus.

193 776 412 829 Tornaci,
437 784 606 819 octauo
630 779 703 820 die
724 779 1001 820 Nouembris
1026 779 1140 819 1555.

379 848 432 891 R.
458 850 517 890 V.
542 850 592 890 P.

645 923 862 962 seruulus
884 922 1074 974 inutilis,

966 1065 1221 1117 QtnNTINUs
1254 1066 1531 1108 CHARLART.

191 1274 545 1327 superscriptio
569 1277 619 1316 in
640 1277 795 1318 altera
810 1279 1019 1330 pagina:
1044 1279 1146 1321 R.d0
1175 1280 1223 1321 in
1257 1280 1442 1323 Christo
1478 1281 1620 1332 Patri,
1649 1281 1742 1322 Do·

107 1345 235 1385 mino
254 1346 315 1388 M.
335 1346 517 1397 Ignatio
536 1347 592 1388 de
609 1347 788 1398 Loiola‚
809 1350 1083 1402 Praeposito
1108 1351 1328 1393 Generali
1346 1351 1595 1393 Societatis
1612 1352 1739 1406 Jesu,

111 1415 304 1457 Romae.

187 1487 298 1527 Alsa
332 1500 496 1529 manu:
522 1489 637 1530 1555.
676 1491 894 1533 Tornaci.
919 1491 1168 1543 Quintinus
1190 1494 1417 1536 Charlant
1438 1495 1562 1546 (sic).
1586 1495 1731 1549 5(sc·c)

108 1556 403 1600 Nouembris.

187 1629 251 1669 Et
273 1629 387 1670 alia:
430 1630 604 1682 Questo
627 1636 651 1672 e
672 1639 794 1674 stato
818 1636 894 1675 un'
920 1634 1092 1677 huomo
1110 1644 1260 1678 santo.

202 1700 465 1753 Vestigium
488 1713 620 1743 cerae
640 1703 812 1755 sigilli.

165 1860 176 1880 ¹
216 1860 331 1889 Patris
346 1862 504 1890 Ursmari
520 1862 686 1899 Goysson.
