2028 3328
181 143 248 179 loo
689 143 915 180 LITTERAE
942 155 1300 187 QUADRIMESTRES

831 595 1169 649 OGGXXIX

249 804 477 842 Gerardus
498 805 708 852 Lapidius

299 870 417 907 Patri
438 871 608 917 Ignatio
625 870 678 907 de
698 870 882 918 Loyola.

343 935 575 981 Panormo,
599 937 642 972 14
661 935 862 975 Octobris
884 937 974 975 1554
994 938 1017 973 ¹.

255 1092 328 1133 Ex
350 1093 453 1133 aliis
476 1093 534 1134 id,
560 1093 671 1144 (sic)
694 1093 911 1135 Octobris
932 1094 1045 1134 1554.

256 1165 310 1206 R.
347 1165 396 1205 P.
433 1165 752 1217 Hieronymus
787 1165 1060 1206 Domenech
1098 1165 1406 1206 Prouincialis
1443 1176 1604 1217 aegra,
1640 1167 1686 1205 in
1721 1167 1811 1206 hac

177 1237 438 1286 Prouincia,
457 1237 841 1288 praesentissima
858 1237 1089 1277 medicina
1107 1242 1259 1287 sanat,
1279 1242 1324 1276 et
1340 1248 1472 1286 sana,
1492 1249 1550 1277 ne
1571 1237 1811 1277 debiliten-

174 1315 264 1358 tur,
298 1314 427 1348 tanto
463 1307 616 1348 studio
648 1314 912 1356 conseruat,
946 1314 996 1347 vt
1018 1319 1250 1359 pauperes
1280 1308 1503 1359 adinum,
1528 1309 1810 1359 Vbicumque

174 1381 386 1420 locorum
404 1379 559 1430 fuerit,
581 1385 805 1430 tanquam
827 1378 885 1418 ad
906 1384 1165 1419 extremam
1195 1381 1419 1419 ancoram
1440 1379 1728 1431 confugiant,
1754 1391 1808 1420 ac

174 1462 287 1491 suae
309 1450 592 1490 calamitatis
613 1456 658 1490 et
677 1450 895 1490 miseriae
918 1450 1045 1489 illum
1075 1455 1340 1501 patronum,
1364 1457 1547 1502 patrem
1569 1458 1613 1490 et
1634 1450 1810 1491 adiuto-

173 1533 273 1562 rem
294 1527 538 1573 quaerant:
556 1532 643 1561 nec
665 1521 753 1561 hoc
776 1521 945 1561 mirum
967 1527 1051 1571 est,
1075 1533 1179 1561 cum
1203 1522 1498 1562 eleemosinis
1520 1534 1546 1562 a
1571 1521 1774 1573 Prorege
1794 1522 1808 1540 ²

175 1593 371 1645 aliisque
391 1593 528 1633 bonis
548 1592 665 1632 viris
694 1593 974 1643 corrogatis,
1000 1593 1370 1644 quamplurimos
1391 1594 1677 1644 grauissimo
1699 1605 1810 1645 pau-

174 1664 371 1716 pertatis
393 1675 535 1704 onere
561 1665 698 1713 leuet,
730 1663 897 1703 viduas
932 1664 1095 1715 inopes
1127 1675 1183 1704 ac
1212 1663 1425 1715 afflictas,
1449 1664 1686 1705 beneficiis
1709 1676 1815 1705 ver--

173 1736 335 1787 bisque
357 1736 638 1785 consoletur,
662 1745 798 1774 senes
828 1745 1017 1786 egenos,
1052 1746 1158 1775 cum
1185 1747 1251 1785 re,
1276 1741 1371 1775 tum
1402 1736 1703 1786 consulendo,
1734 1736 1811 1776 ad-

174 1807 317 1848 iuuet.
341 1807 448 1847 Illos
471 1812 642 1857 autem,
666 1806 745 1857 qui
769 1805 1043 1857 parentibus
1074 1807 1226 1847 orbati
1253 1812 1376 1858 sunt,
1407 1818 1494 1847 nec
1514 1807 1692 1847 victum
1720 1808 1815 1847 cul-¹

174 1886 364 1929 tumque
393 1889 476 1929 per
498 1882 700 1917 aetatem
721 1888 946 1928 quaerere
967 1883 1178 1928 possunt,
1208 1877 1255 1918 in
1283 1889 1417 1918 suam
1438 1879 1633 1918 tutelam
1655 1878 1812 1918 luben-

174 1956 245 1990 ter
266 1949 446 2001 recipit,
471 1960 556 1988 nec
578 1948 667 1988 illis
686 1948 866 1988 victum
888 1948 1051 1998 solum,
1076 1960 1240 1988 verum
1257 1949 1399 1989 etiam
1421 1949 1592 2000 omnia,
1615 1960 1734 2001 quae
1752 1949 1812 1989 ad

175 2032 312 2061 Vsum
332 2021 457 2060 vitae
491 2019 738 2071 pertinent,
776 2018 935 2059 sedulo
963 2020 1206 2070 prospicit,
1245 2020 1557 2060 habitationes
1591 2020 1682 2060 illis
1717 2032 1812 2060 non

177 2093 327 2133 minus
348 2091 616 2143 splendidas
637 2102 776 2142 quam
799 2091 924 2130 omni
946 2091 1277 2131 commoditate
1300 2091 1555 2132 instructas
1578 2091 1813 2143 prouidet3,

175 2164 389 2204 foeminis
410 2162 648 2210 indotatis,
678 2173 798 2213 quae
829 2173 878 2201 se
905 2162 1102 2202 honesto
1131 2163 1350 2214 coniugio
1372 2163 1611 2203 deuincire
1632 2165 1815 2213 uolunt,

176 2247 233 2276 ne
254 2234 411 2287 inopia
432 2241 640 2285 coactae,
665 2233 872 2285 peiorem
902 2233 1029 2273 vitae
1058 2234 1374 2274 conditionem
1402 2234 1654 2286 accipiant,
1687 2234 1817 2275 omni

178 2306 354 2347 auxilio
376 2305 623 2346 succurrit.

256 2377 304 2418 P.
329 2377 539 2429 Elpidius
560 2375 574 2395 ³
595 2376 771 2417 iamdiu
793 2376 981 2416 assidue
1003 2376 1127 2428 apud
1148 2375 1330 2417 Ducem
1350 2376 1558 2417 Bibonae
1579 2375 1594 2395 ‘⁴
1614 2385 1684 2416 est
1707 2388 1814 2416 cum

178 2459 350 2500 magno
385 2448 556 2488 fructu:
594 2459 680 2488 nec
712 2447 865 2487 minus
892 2447 1091 2488 aliorum
1120 2447 1361 2488 hominum
1388 2460 1531 2500 quam
1552 2459 1746 2488 suarum
1768 2453 1813 2487 et

179 2520 329 2560 Ducis
350 2531 506 2559 rerum
527 2519 716 2570 satagit.

235 2682 246 2702 ¹
285 2681 518 2716 Apographae
544 2681 577 2708 in
592 2681 716 2715 duplici
739 2680 835 2713 solio,
856 2680 965 2715 primo
992 2681 1054 2708 sub
1068 2689 1103 2708 n.
1131 2680 1192 2715 17³.
1208 2682 1319 2709 altero
1340 2688 1425 2709 vero
1440 2688 1505 2709 non
1519 2681 1815 2708 numerata—Eas

180 2729 459 2764 praecedentium
474 2728 588 2755 Patris
602 2727 747 2755 Botelho
758 2727 955 2755 litterarum
970 2735 1043 2755 esse
1058 2728 1251 2757 versionem
1265 2729 1411 2756 latinam
1424 2728 1525 2756 facile
1540 2728 1666 2755 dixeris
1680 2749 1686 2762 ,
1706 2729 1765 2756 sed
1780 2729 1816 2756 in

182 2776 348 2812 pluribus,
363 2780 400 2803 ut
414 2776 542 2810 legenti
557 2779 665 2810 patet,
680 2775 833 2803 nonnihil
848 2775 1017 2803 differunt.

235 2824 249 2844 2
286 2823 415 2858 Joanne
430 2823 470 2850 de
486 2822 600 2856 Vega.

233 2871 251 2894 ⁸
286 2872 322 2900 P.
338 2872 494 2907 Elpidius
507 2871 674 2906 Ugoletti.

236 2922 251 2941 4
288 2921 411 2949 Petrus
426 2920 465 2947 de
481 2919 589 2954 Luna,
606 2919 727 2947 Comes
741 2920 781 2947 de
796 2920 894 2948 Luna
910 2924 943 2947 et
959 2919 1112 2947 Bibonae
1129 2919 1206 2946 Dux
1222 2923 1316 2953 erat,
1331 2918 1371 2946 de
1384 2918 1480 2953 cujus
1499 2925 1605 2946 uxore
1627 2926 1738 2946 sermo
1760 2919 1819 2947 hic

189 2973 253 3004 est,
268 2973 304 2997 ut
318 2969 436 2996 videre
452 2972 504 2996 est
518 2968 551 2996 in
565 2967 785 3003 praecedenti
799 2968 916 2996 italico
932 2968 1099 3002 exemplo,
1114 2974 1227 3001 supra,
1243 2974 1321 3001 pag.
1339 2967 1399 2995 162.
