2028 3328
931 73 968 109 A
977 83 1014 116 N„
1047 72 1138 109 1554
1794 76 1862 112 140

221 171 475 221 exultante,
499 170 697 210 dicebat.
729 169 912 210 Coniux
947 180 1059 209 uero
1087 169 1200 219 eius,
1232 169 1307 209 ubi
1329 181 1434 209 eum
1458 171 1648 210 morbus
1670 172 1856 221 inuasit,

222 240 282 280 ibi
310 252 422 281 suae
458 241 645 281 uirtutis
678 252 772 281 non
799 240 1020 290 exiguam
1048 240 1234 291 reliquit
1274 241 1561 289 memoria1n3
1601 241 1860 282 distributis

222 311 358 362 enim,
384 323 501 362 quos
523 323 681 352 secum
710 311 918 363 gerebat,
950 310 1153 350 nummis
1184 310 1393 361 (gerebat
1425 317 1581 351 autem
1607 323 1702 352 non
1724 314 1859 353 ualde

220 382 429 432 paucos),
463 382 518 422 iis
547 382 844 434 pauperibus,
870 392 987 432 quos
1017 381 1076 421 ad
1099 393 1148 421 se
1178 382 1340 421 uocari
1367 382 1583 432 iusserat,
1609 388 1652 422 et
1675 383 1857 424 decum-

220 453 333 493 bens
355 461 400 492 et
421 454 640 504 moriens,
664 453 709 493 in
733 452 1091 493 admirationem
1120 452 1296 503 pariter
1317 464 1430 493 suae
1451 454 1700 504 probitatis
1722 460 1765 494 et
1786 455 1858 494 de-

219 524 456 564 uotionem
491 525 762 564 uniuersum
798 523 911 563 illud
946 523 1166 575 oppidum
1204 524 1481 564 commouit.
1521 523 1649 564 Deus
1686 531 1857 575 autem,

221 606 314 645 qua
336 596 743 636 commiseratione
764 595 849 635 hos
869 595 984 635 istos
1005 602 1256 635 conseruat
1277 601 1321 635 et
1338 603 1597 647 promouet,
1631 596 1796 636 eadem
1816 604 1861 636 et

219 665 336 705 alios
357 667 604 719 plerosque
627 667 686 708 ad
706 667 832 707 uiam
853 666 1056 706 iustitiae
1077 672 1285 706 reuocat.

297 736 475 777 Doctor
510 738 700 790 quidam
734 738 1051 789 iurisperitus,
1084 738 1220 777 nobis
1256 744 1363 778 ante
1385 739 1627 789 aduersus,
1652 751 1858 791 eousque

218 814 425 849 mutatus
447 815 529 859 est,
554 816 603 849 ut
624 821 716 849 non
739 809 803 849 illi
824 810 940 849 satis
962 809 1021 849 sit
1044 815 1214 849 octauo
1238 821 1422 861 quoque
1450 810 1523 849 die
1545 811 1861 851 communica-

217 891 283 931 re,
308 886 367 928 et,
390 880 498 920 licet
520 881 656 921 uxori
677 880 736 921 sit
760 880 1026 929 obstrictus,
1052 886 1211 931 sperat
1233 887 1391 920 tamen
1412 880 1511 921 fore
1533 887 1582 921 ut
1603 881 1680 921 illa
1703 893 1859 922 mona-

217 951 413 991 sterium
434 952 637 1003 aliquod,
662 952 759 1004 ipse
780 951 1063 992 Societatem
1084 959 1310 1002 nostram,
1335 952 1641 1003 ingrediatur,

295 1022 587 1063 Adolescens
608 1023 812 1075 quidam,
839 1034 987 1063 annos
1008 1029 1148 1063 natus
1174 1022 1234 1073 19,
1260 1022 1526 1063 Cardinalis
1543 1023 1861 1065 Messanensis

217 1106 275 1134 ex
297 1100 501 1145 cognata
521 1098 681 1147 nepos,
706 1094 912 1146 acceptis
948 1094 1006 1134 ab
1038 1106 1130 1134 uno
1158 1094 1351 1135 Patrum
1378 1101 1647 1136 nostrorum
1684 1096 1858 1136 exerci-

215 1165 307 1216 tiis,
331 1166 440 1206 huic
461 1177 510 1206 se
532 1165 756 1206 Societati
778 1165 967 1216 dicauit,
991 1165 1183 1217 fierique
1211 1166 1381 1217 poterit
1404 1172 1452 1206 ut
1474 1178 1569 1206 non
1591 1167 1734 1206 multo
1755 1173 1860 1219 post

214 1237 416 1278 Romam
438 1249 487 1278 se
509 1237 736 1278 conferat.

291 1308 409 1349 Tres
444 1309 653 1360 uirgines
682 1309 1019 1349 monasterium
1049 1309 1233 1359 ingredi
1261 1315 1542 1361 statuerunt,
1579 1311 1752 1362 plures,
1791 1317 1857 1351 ta-

212 1380 348 1421 metsi
379 1368 527 1420 nolint
555 1381 677 1421 idem
698 1380 870 1432 facere,
894 1392 1029 1421 suam
1058 1387 1217 1421 tamen
1235 1381 1556 1432 uirginitatem
1577 1381 1678 1422 Deo
1700 1394 1857 1422 conse-

209 1457 418 1492 crarunt.
443 1451 684 1503 Quaedam
706 1458 844 1504 rapta
865 1464 890 1492 e
917 1452 1222 1503 monasterio,
1252 1464 1360 1493 cum
1391 1459 1514 1493 esset
1540 1452 1587 1492 16
1609 1465 1854 1504 annorum,

210 1535 266 1563 ac
288 1529 454 1575 postea
481 1524 528 1563 in
558 1523 918 1564 fornicationem
947 1523 1063 1564 duos
1093 1535 1244 1564 annos
1264 1531 1470 1575 uersata,
1494 1524 1620 1565 facta
1642 1526 1857 1576 generali

207 1594 517 1645 confessione,
555 1595 768 1646 promisit
798 1606 848 1635 se
883 1595 942 1635 ad
977 1595 1313 1636 monasterium
1349 1596 1502 1636 redire
1534 1597 1668 1647 uelle,
1707 1608 1855 1649 eoque

207 1666 378 1717 animo,
403 1672 452 1706 ut
473 1666 724 1716 credimus,
748 1678 807 1706 ex
825 1666 914 1706 hac
937 1667 1050 1706 urbe
1075 1667 1305 1707 discessit.
1330 1667 1448 1707 Viro
1472 1667 1658 1708 cuidam
1679 1676 1724 1708 et
1755 1668 1855 1708 eius

206 1738 342 1777 uxori
373 1737 572 1777 daemon
594 1743 896 1788 persuaserat
917 1744 981 1782 ut,
1008 1743 1134 1777 metu
1165 1738 1504 1789 calamitatum,
1537 1745 1855 1779 sacramento-

207 1820 311 1848 rum
331 1820 467 1849 usum
488 1819 681 1860 prorsus
697 1808 1005 1859 negligerent,
1031 1815 1375 1861 caruerantque
1397 1810 1452 1849 iis
1475 1810 1568 1850 iam
1584 1811 1610 1849 5
1631 1817 1711 1850 aut
1732 1810 1757 1850 6
1775 1823 1856 1850 an-

207 1889 307 1930 nos,
331 1879 413 1920 sed
434 1879 722 1930 poenitentia
743 1879 884 1929 ducti,
917 1886 1115 1931 accepta
1145 1880 1453 1930 absolutione,
1488 1886 1531 1920 et
1552 1880 1783 1921 firmiores
1805 1887 1850 1921 et

206 1950 463 1990 alacriores
485 1950 544 1990 ad
566 1961 676 1989 suos
698 1949 948 1990 redierunt.
973 1949 1172 1990 Rediere
1194 1962 1377 2002 quoque
1399 1952 1459 1991 ad
1481 1963 1530 1991 se
1552 1958 1596 1991 et
1618 1952 1676 1991 ad
1696 1951 1850 1992 Deum

203 2033 340 2062 suum
369 2022 654 2073 turpissimis
682 2022 1012 2073 uoluptatibus,
1045 2022 1090 2062 id
1127 2023 1253 2074 quod
1283 2029 1451 2074 patens
1480 2024 1694 2063 omnibus
1725 2029 1843 2070 erat,

204 2093 364 2144 (lediti;
388 2105 570 2133 necnon
593 2093 748 2141 etiam,
773 2093 848 2144 qui
871 2105 898 2132 a
921 2094 1076 2133 multis
1099 2094 1234 2133 annis
1257 2093 1461 2134 confessi
1483 2106 1575 2134 non
1598 2101 1746 2145 erant,
1778 2100 1846 2135 at-

204 2177 292 2217 que
310 2166 431 2206 inter
452 2165 539 2204 hos
560 2175 680 2204 unus
700 2164 798 2214 fuit,
815 2164 893 2216 qui
911 2175 959 2204 se
982 2165 1145 2204 decem
1162 2176 1393 2205 annorum
1410 2166 1563 2217 spatio
1581 2166 1669 2206 hoc
1687 2178 1841 2207 sacra-

204 2243 362 2277 mento
385 2236 657 2288 priuauerat
686 2235 984 2276 Remiserunt
1001 2237 1079 2276 alii
1100 2237 1222 2286 odia,
1238 2237 1330 2288 alii,
1345 2249 1461 2288 quas
1477 2238 1725 2289 habebant,
1739 2239 1848 2279 alie-

206 2319 291 2347 nas
313 2320 486 2348 uxores
508 2307 834 2347 amandarunt.
859 2306 950 2347 Sed
972 2308 1089 2348 haec
1119 2308 1221 2359 quis
1247 2309 1395 2359 possit
1417 2309 1658 2360 sigillatim
1687 2322 1841 2362 perse-

205 2379 304 2431 qui?
325 2391 418 2420 vna
445 2391 536 2419 uox
558 2385 644 2429 est,
668 2379 920 2419 multorum
941 2385 1112 2430 tamen,
1136 2380 1224 2419 sibi
1245 2380 1392 2420 uideri
1414 2381 1583 2432 quietis
1605 2382 1780 2433 aliquid
1802 2389 1847 2423 et

204 2451 412 2491 laetitiae
437 2450 692 2502 spiritualis
714 2449 886 2490 sentire
907 2461 1014 2490 cum
1035 2456 1142 2490 sunt
1172 2450 1219 2490 in
1247 2452 1420 2502 templo
1443 2451 1500 2492 D.
1523 2452 1720 2504 Nicolai,
1744 2465 1848 2494 cae-

202 2529 303 2562 tera
324 2522 496 2562 misera
519 2520 884 2573 perturbataque
905 2521 1067 2562 uideri.
1101 2521 1217 2562 Sunt
1247 2523 1388 2563 etiam
1418 2530 1552 2564 extra
1581 2524 1846 2576 Collegium

202 2593 376 2633 multae
401 2591 720 2633 confessiones
742 2592 948 2642 auditae,
971 2598 1070 2632 tum
1092 2593 1139 2632 in
1161 2593 1485 2645 hospitalibus,
1506 2601 1604 2635 tum
1622 2595 1670 2636 in
1690 2596 1846 2647 priua-

207 2665 267 2704 tis
288 2664 519 2705 domibus.

282 2734 379 2776 Nec
400 2747 509 2775 raro
532 2734 713 2775 consilii
733 2734 920 2786 petendi
942 2745 1086 2775 causa
1108 2735 1199 2775 huc
1213 2737 1504 2786 conuenitur‚
1525 2749 1700 2790 perque
1718 2739 1843 2779 hunc

201 2807 393 2847 modum
426 2806 586 2857 multa,
617 2817 737 2857 quae
764 2805 920 2857 inique
950 2806 1285 2857 retinebantur,
1316 2815 1424 2848 sunt
1451 2809 1682 2850 restituta.
1720 2809 1845 2850 R.d¹1⁵

205 2877 255 2918 P.
289 2877 612 2928 Prouincialis‚
641 2877 811 2917 missus
833 2877 890 2917 ad
915 2876 1052 2917 finem
1080 2877 1187 2930 Julii
1216 2891 1241 2918 a
1264 2879 1469 2931 Prorege
1498 2886 1547 2921 ut
1577 2881 1676 2921 eius
1697 2881 1842 2922 filiam
