2028 3328
236 183 306 221 (508
752 179 977 215 LtTTERAE
998 184 1356 219 QUADRIMESTRES

935 625 1179 680 CDXIX

312 860 358 896 P.
382 860 574 906 Ignatius
596 857 647 894 de
670 856 879 893 Azebedo
906 854 948 900 (Ρ)

360 924 481 961 Patri
501 923 669 970 Ignatio
693 922 746 957 de
766 921 947 967 Loyola.

409 989 688 1036 Ulyssipona.
714 988 728 1023 l
751 985 1023 1033 Septembris
1045 984 1136 1020 1555
1157 984 1184 1016 ¹.

997 1138 1126 1220 Jes†us

550 1338 822 1380 Reuerende
845 1337 1096 1377 admodum
1125 1336 1170 1375 in
1192 1334 1378 1375 Christo
1401 1334 1553 1374 Pater.

320 1413 483 1453 Gratia
512 1419 555 1452 et
587 1423 681 1463 pax
709 1408 882 1450 Christi
914 1408 1092 1447 habitet
1123 1417 1308 1456 semper
1336 1405 1480 1445 corda
1513 1410 1688 1444 nostra.
1725 1403 1876 1454 Quam

236 1483 511 1524 breuissime
540 1492 773 1533 exponam
804 1480 876 1520 his
903 1479 1065 1526 literis,
1096 1489 1216 1528 quae
1244 1476 1473 1526 singulari
1505 1475 1594 1515 Dei
1620 1481 1715 1526 opt.
1747 1486 1872 1514 max.

237 1554 459 1595 beneficio
481 1565 563 1606 per
592 1559 791 1604 quatuor
822 1551 907 1590 hos
938 1561 1119 1590 menses
1148 1554 1283 1600 gesta
1307 1553 1413 1588 sunt
1443 1548 1488 1587 in
1519 1547 1607 1586 hoc
1636 1546 1873 1597 Ulyssipo-

237 1626 368 1666 nensi
391 1625 605 1676 collegio,
630 1630 675 1663 et
697 1623 744 1663 in
766 1621 1034 1674 praesentia
1058 1625 1304 1671 geruntur.

318 1696 552 1747 Principio
574 1695 717 1746 igitur
738 1694 922 1744 integra
945 1703 1107 1732 omnes
1128 1690 1395 1730 ualetudine
1416 1699 1591 1739 sumus,
1610 1699 1696 1728 nec
1719 1687 1875 1728 animo

239 1768 390 1808 minus
412 1779 551 1819 quam
571 1777 769 1817 corpore
785 1765 1011 1805 ualemus.
1030 1762 1163 1802 Bona
1181 1773 1292 1813 pars
1309 1761 1533 1812 temporis
1556 1762 1621 1808 (vt
1639 1759 1748 1799 alibi
1766 1759 1875 1799 scri-

239 1845 366 1890 ptum
383 1838 469 1889 est)
491 1836 864 1878 confessionibus
881 1834 1140 1883 audiendis,
1160 1832 1465 1873 concionibus
1483 1831 1542 1871 ad
1559 1831 1780 1882 populum
1797 1829 1874 1870 ha-

240 1909 400 1950 bendis
421 1909 811 1959 scholasticisque
834 1905 1222 1957 occupationibus
1243 1903 1540 1955 impenditur.
1565 1902 1791 1953 Magnum
1807 1907 1877 1941 est

243 1981 456 2021 omnibus
473 1980 661 2020 diuinae
680 1977 978 2030 quaerendae
995 1976 1174 2028 gloriae
1192 1974 1410 2023 studium,
1431 1980 1475 2014 et
1492 1985 1604 2013 suae
1622 1973 1817 2024 quisque
1833 1978 1877 2012 et

241 2052 562 2103 proximorum
597 2051 735 2091 saluti
772 2050 1020 2100 diligenter
1055 2047 1271 2096 consulit,
1310 2058 1400 2098 quo
1441 2045 1592 2086 omnis
1629 2043 1877 2084 Societatis

240 2129 419 2174 spectat
440 2122 685 2163 industria.
712 2120 890 2161 Diebus
911 2118 1158 2160 dominicis
1178 2129 1234 2158 ac
1254 2117 1387 2157 festis
1409 2116 1662 2156 conciones
1680 2115 1875 2155 crebrae

242 2195 471 2234 habentur
489 2193 615 2234 domi
631 2198 822 2233 nostrae
839 2193 887 2232 in
899 2201 1073 2241 magna
1091 2188 1357 2229 auditorum
1372 2187 1649 2238 frequentia,
1670 2197 1753 2226 nec
1772 2197 1879 2226 cum

241 2265 417 2305 minore
453 2265 716 2304 animarum
752 2262 965 2310 utilitate,
1004 2261 1170 2313 quibus
1205 2259 1261 2300 de
1296 2270 1425 2298 more
1462 2257 1701 2306 absolutis,
1741 2257 1871 2297 multi

241 2347 400 2375 eorum
422 2335 500 2387 qui
521 2334 730 2385 audiunt,
756 2345 859 2374 sese
881 2332 941 2372 ad
963 2330 1298 2372 eucharistiam
1320 2328 1504 2370 ardenti
1535 2328 1740 2380 quodam
1761 2326 1877 2367 desi-

240 2406 367 2446 derio
396 2412 692 2457 comparant:
726 2404 850 2456 quod
879 2402 1088 2444 nonnulli
1115 2401 1295 2442 faciunt
1325 2399 1524 2451 singulis
1554 2397 1875 2446 hebdomadis,

243 2477 319 2517 alii
340 2488 451 2516 uero
475 2476 779 2528 frequentius;
805 2475 973 2527 quibus
1002 2485 1107 2514 cum
1129 2471 1347 2513 satisfieri
1368 2483 1462 2511 non
1490 2470 1639 2522 possit
1662 2470 1878 2520 (magnus

242 2547 362 2587 enim
384 2548 431 2587 fit
453 2547 693 2587 hominum
711 2545 1001 2596 concursus),
1022 2545 1069 2585 in
1086 2543 1319 2596 profestos
1338 2542 1437 2582 dies
1456 2541 1778 2581 confessiones
1796 2539 1876 2580 dis-

244 2619 467 2667 l'eruntur,
505 2629 790 2669 quamquam
824 2617 897 2656 his
929 2616 1071 2656 etiam
1102 2615 1265 2655 diebus
1296 2612 1454 2653 multis
1491 2610 1879 2663 occupationibus

245 2688 406 2728 Patres
429 2695 692 2738 teneantur,
718 2687 1110 2728 scholasticorum
1137 2683 1455 2724 confessiones
1485 2682 1741 2722 audientes.
1767 2681 1878 2721 Cae-

244 2768 448 2799 terorum
469 2766 640 2806 autem,
671 2769 872 2810 quorum
897 2769 1046 2808 nuper
1072 2755 1276 2804 memini,
1310 2754 1517 2794 charitas
1544 2765 1638 2792 non
1667 2751 1879 2803 vulgaris

245 2841 424 2869 moram
446 2841 628 2869 omnem
650 2836 693 2869 et
715 2828 979 2869 molestiam
998 2828 1229 2879 patienter
1245 2825 1369 2866 ferre
1386 2825 1518 2865 solet:
1537 2828 1788 2875 expectant
1804 2822 1877 2862 be-

301 2991 307 3006 ¹
351 2987 595 3022 Apographum
613 2989 644 3015 in
660 2988 738 3015 folio
755 2987 891 3022 duplici,
907 2995 941 3014 n.
959 2986 1021 3014 5‘38.
1041 2985 1090 3013 Ex
1106 2987 1173 3013 vol.
1193 2985 1272 3012 anni
1289 2984 1366 3012 1556.
