2028 3328
847 32 876 67 A
891 42 927 68 Ν.
965 31 1055 68 1555
1702 30 1772 67 287

837 480 1081 535 GOGLV

212 712 258 749 P.
288 713 446 749 Petrus
466 711 668 749 Navarro

261 776 384 814 Patri
404 777 573 823 ignatio
594 775 647 813 de
666 774 851 822 Loyola.

307 841 517 888 Granata,
539 842 562 879 5
577 840 808 878 Februarii
829 839 920 878 1555
940 838 963 874 ¹.

914 1028 1011 1106 nis

221 1263 494 1305 Reuerende
513 1263 763 1302 admodum
786 1262 831 1302 in
853 1262 1037 1302 Christo
1061 1260 1213 1301 Pater.

224 1336 389 1377 Gratia
424 1342 467 1375 et
495 1346 588 1386 pax
614 1333 723 1386 Jesu
751 1333 924 1374 Christi
950 1332 1208 1373 seruatoris
1243 1332 1391 1372 nostri
1427 1332 1485 1371 sit
1516 1342 1700 1383 semper
1732 1331 1778 1371 in

141 1407 368 1448 cordibus
384 1406 572 1446 nostris.
599 1405 764 1445 Amen.

224 1478 377 1529 Quum
410 1477 526 1517 haec
558 1477 777 1528 epistola,
810 1487 929 1527 quae
959 1475 1017 1515 ad
1044 1481 1109 1524 te,
1139 1486 1366 1526 perquam
1402 1473 1595 1513 colende
1625 1473 1778 1524 Pater,

148 1550 349 1590 mittitur
371 1561 428 1588 ex
450 1548 586 1587 huius
622 1546 825 1587 ciuitatis
846 1545 1071 1597 Collegio,
1097 1545 1254 1585 diuina
1285 1545 1585 1585 miseratione
1615 1555 1781 1584 recens

142 1626 320 1670 erecto,
345 1618 588 1659 exordium
612 1618 692 1658 tibi
714 1617 946 1657 scribendi
981 1622 1148 1666 sumat,
1175 1628 1346 1668 operae
1368 1616 1569 1667 pretium
1592 1615 1703 1655 duxi
1726 1615 1783 1654 ab

149 1692 298 1742 initio,
321 1702 440 1742 quae
462 1691 688 1729 hactenus
709 1694 843 1739 gesta
865 1694 986 1739 sunt,
1011 1688 1174 1727 ordine
1195 1687 1277 1727 tibi
1297 1698 1507 1727 narrare.

226 1762 275 1803 In
300 1762 420 1802 hanc
443 1760 601 1812 appuli
623 1759 862 1800 ciuitatem
883 1765 932 1799 vt
956 1759 1001 1799 in
1024 1770 1078 1798 ea
1102 1769 1292 1809 agerem
1327 1758 1387 1809 id,
1412 1770 1502 1809 quo
1524 1757 1784 1808 Collegium

149 1835 238 1874 hoc
261 1832 485 1874 Societati
513 1832 780 1880 donaretur,
811 1830 1078 1881 factumque
1109 1830 1172 1869 ita
1209 1835 1278 1869 est
1298 1835 1349 1869 Vt
1384 1829 1781 1876 desiderabamus,

148 1912 288 1958 atque
323 1904 472 1956 pridie
509 1910 639 1942 ortus
670 1901 904 1953 Deiparae
932 1901 1150 1951 Virginis,
1175 1900 1353 1940 Mariae
1387 1900 1499 1940 illud
1535 1899 1781 1951 occupaui-

146 1989 265 2018 mus.
289 1976 394 2028 Ipso
418 1980 570 2015 autem
593 1974 665 2013 die
686 1973 886 2024 primum
908 1984 1095 2012 sacrum
1117 1972 1164 2011 in
1186 1984 1239 2012 eo
1261 1971 1473 2012 fecimus.
1498 1970 1648 2012 Situm
1669 1982 1784 2010 vero

145 2055 216 2089 est
251 2047 341 2087 hoc
377 2045 638 2096 Collegium
672 2044 718 2084 in
753 2044 927 2095 optimo
964 2043 1168 2083 ciuitatis
1205 2045 1325 2093 loco,
1364 2043 1495 2083 iuxta
1535 2042 1784 2082 ecclesiam

148 2130 315 2170 nempe
352 2116 610 2166 matricem,
646 2115 776 2155 iuxta
805 2114 1176 2164 vniuersitatem,
1214 2114 1345 2154 iuxta
1380 2114 1533 2154 forum
1568 2113 1786 2153 iudiciale

150 2190 348 2240 regium.
375 2188 554 2228 Domus
576 2187 676 2238 ipsa
700 2192 768 2225 est
790 2185 1003 2236 salubris,
1025 2197 1163 2236 quam
1182 2186 1251 2225 sol
1273 2185 1330 2225 ab
1349 2191 1453 2224 ortu
1482 2185 1541 2224 ad
1564 2195 1785 2224 occasum

147 2272 296 2312 usque
326 2259 526 2299 hiemem
558 2268 743 2307 semper
769 2255 890 2296 ferit.
915 2256 1145 2307 Tempore
1180 2267 1294 2295 vero
1329 2268 1476 2295 verno
1513 2256 1653 2296 habet
1690 2256 1785 2307 qui-

145 2332 254 2372 dem
275 2329 511 2371 domicilia
542 2327 692 2368 aestui
728 2327 841 2367 satis
865 2327 1125 2367 commoda.
1158 2326 1383 2367 Cubicula
1411 2334 1567 2366 autem
1590 2334 1785 2378 possunt

147 2403 206 2444 ad
230 2401 398 2453 viginti
420 2411 564 2451 usque
587 2398 788 2449 dilatari3
812 2405 880 2438 est
915 2397 1040 2450 quod
1070 2410 1142 2438 me
1170 2410 1263 2437 non
1295 2397 1593 2438 mediocriter
1621 2409 1785 2438 conso-

145 2475 282 2524 letur,
306 2473 351 2513 id
374 2472 564 2520 scilicet,
590 2469 714 2521 quod
747 2476 1080 2521 praeterquam
1107 2468 1231 2519 quod
1265 2468 1311 2508 in
1333 2468 1487 2509 medio
1512 2469 1718 2508 ciuitatis
1740 2476 1783 2509 et

148 2546 396 2585 domorum
426 2542 566 2582 situm
593 2542 667 2592 sit,
696 2546 886 2580 nactum
916 2546 985 2580 est
1016 2539 1229 2590 profecto
1253 2550 1475 2591 magnam
1501 2540 1778 2580 libertatem.

148 2616 308 2657 Potest
329 2615 451 2655 enim
472 2613 519 2652 in
540 2612 721 2652 duobus
743 2611 1140 2661 deambulatoriis,
1171 2622 1289 2662 quae
1320 2610 1474 2655 habet,
1500 2612 1622 2652 ultro
1646 2611 1783 2651 citro-

146 2699 238 2739 que
259 2687 378 2727 citra
414 2685 559 2724 Vllum
588 2682 971 2734 impedimentum
1006 2681 1310 2722 deambulari.
1336 2681 1626 2722 Concessum
1657 2693 1789 2734 prae-

206 2847 216 2867 ¹
262 2845 512 2879 Autographae
528 2843 652 2877 duplici
676 2842 766 2877 folio,
788 2842 896 2876 primo
912 2849 942 2869 n.
957 2841 1020 2875 563,
1038 2842 1147 2869 altero
1166 2849 1245 2869 vero
1260 2849 1325 2869 non
1341 2846 1530 2872 numerato.
