2028 3328
214 148 262 184 *20
732 150 957 188 LITTnRAE
977 162 1336 194 QUADizinb-simzs

945 601 1115 654 CCCI

281 829 549 868 Guilielmus

329 894 455 932 Patri
472 896 644 943 Ignatio
666 896 718 933 de
740 897 919 944 Loyola.

375 959 586 1007 Bononia,
608 961 654 998 23
672 961 789 1008 Junii
812 962 902 999 1554
922 962 945 996 ¹.

974 1162 1071 1228 iiis

283 1382 383 1422 Pax
404 1382 478 1424 X.i
505 1383 565 1423 sit
587 1395 770 1435 semper
790 1384 1050 1433 nobiscum,
1075 1390 1163 1424 etc.

282 1452 465 1504 Paucis,
481 1453 755 1494 Reuerende
774 1461 921 1506 pater,
936 1461 986 1495 vt
1009 1455 1300 1495 obedientiae
1318 1460 1574 1506 praecepto
1593 1460 1636 1494 et
1653 1454 1702 1494 P.
1719 1460 1842 1503 tuae,

200 1524 357 1576 quoad
377 1531 556 1576 potero,
581 1524 888 1577 satisfaciam,
911 1538 980 1576 ea,
1003 1537 1122 1577 quae
1138 1525 1272 1576 Dns.‚
1291 1526 1521 1565 bonorum
1542 1525 1748 1565 omnium
1767 1537 1843 1565 au-

200 1601 320 1645 ctor,
352 1608 434 1647 per
463 1608 563 1647 nos,
597 1596 780 1636 infirma
811 1596 949 1636 valde
978 1597 1126 1648 ipsius
1158 1597 1483 1647 instrumenta,
1514 1596 1742 1648 proximis
1772 1597 1844 1636 his

201 1667 440 1707 mensibus
474 1668 698 1718 gesserit,
735 1668 995 1719 explicabo.
1036 1667 1091 1708 Et
1127 1680 1182 1708 ne
1219 1668 1439 1719 cuiquam
1473 1668 1531 1708 sit
1561 1679 1843 1720 persuasum

200 1737 405 1778 minores
426 1750 511 1778 nos
533 1738 671 1778 modo
697 1750 838 1790 quam
859 1738 1087 1779 hactenus
1109 1750 1507 1779 consueueramus
1529 1739 1842 1791 spiritualium

199 1814 471 1849 nostrorum
493 1810 706 1850 laborum
726 1810 906 1850 fructus
928 1816 1119 1861 propter
1139 1810 1285 1850 falsos
1307 1811 1411 1850 illos
1434 1822 1662 1860 rumores,
1686 1810 1733 1850 in
1755 1822 1841 1850 nos

198 1880 338 1931 paulo
362 1887 499 1920 antea
522 1881 753 1921 excitatos
769 1883 797 1931 ⁸²,
823 1881 1084 1931 collegisse,
1102 1881 1258 1932 potius
1276 1881 1542 1921 huiusmodi
1563 1881 1841 1932 tragoediae

196 1950 451 1991 effecerunt
488 1958 535 1992 ut
571 1951 790 2003 permulti
825 1951 1052 2003 proximis
1079 1951 1207 1992 hisce
1238 1951 1612 1992 Resurrectionis
1634 1964 1690 1992 ac
1723 1952 1839 1992 Pen-

200 2023 435 2063 thecostes
454 2022 587 2063 festis
608 2023 667 2063 ad
689 2029 846 2074 patres
868 2028 1068 2072 nostros,
1100 2028 1147 2062 ut
1170 2023 1225 2062 de
1253 2023 1463 2074 peccatis
1485 2022 1837 2074 confiterentur,

199 2094 503 2134 accesserint.

277 2164 494 2205 Accessit
516 2165 636 2205 inter
658 2164 774 2205 alias
796 2170 840 2204 et
861 2164 1025 2204 mulier
1047 2164 1278 2216 quaedam
1299 2164 1387 2204 hac
1410 2165 1572 2205 eadem
1595 2165 1650 2205 de
1673 2177 1832 2215 causa,

199 2246 332 2285 quae,
359 2235 574 2286 quamuis
595 2235 861 2275 meretricio
883 2235 961 2274 illo
979 2235 1210 2286 pessimae
1232 2235 1356 2275 vitae
1378 2246 1551 2286 genere
1573 2236 1840 2287 quindecim

198 2305 333 2345 annis
354 2305 542 2346 foedata
563 2306 730 2356 fuerat,
755 2306 942 2346 Domini
965 2311 1120 2345 tamen.
1141 2306 1308 2357 spiritu
1329 2306 1502 2358 afflata,
1526 2307 1681 2347 hostia
1703 2307 1830 2358 viua,

198 2374 299 2417 Deo
327 2377 534 2428 placens,
564 2382 668 2428 post
696 2377 1039 2417 confessionem
1066 2376 1244 2427 effecta,
1270 2377 1316 2417 in
1338 2383 1468 2418 casta
1498 2384 1636 2430 atque
1663 2379 1835 2429 pudica

197 2447 312 2493 vita,
336 2447 512 2487 crebris
534 2448 672 2488 modo
694 2447 1068 2488 confessionibus
1097 2448 1289 2499 puritati
1320 2448 1527 2498 studens,
1554 2449 1833 2489 continetur.

196 2518 291 2558 Alii
311 2518 593 2559 conditionis
615 2519 801 2570 quidem
821 2530 915 2559 non
936 2518 1138 2569 infimae,
1162 2520 1299 2570 graui
1321 2520 1445 2560 aeris
1468 2520 1608 2560 alieni
1629 2520 1836 2571 pondere

193 2588 358 2629 fraude
392 2601 448 2630 ac
482 2589 674 2630 foenore
706 2589 910 2641 grauati,
941 2600 1114 2640 magna
1149 2590 1337 2630 tandem
1358 2597 1462 2642 post
1490 2590 1836 2631 confessionem

191 2660 477 2711 poenitentia
500 2660 643 2710 ducti,
667 2661 791 2712 patri
811 2666 973 2700 nostro
996 2659 1009 2677 ³
1032 2671 1281 2700 aureorum
1303 2672 1534 2701 summam
1555 2661 1701 2701 ferme
1723 2672 1835 2712 qua-

191 2729 553 2781 dringentorum
582 2731 920 2771 restituendam
954 2730 1240 2771 detulerunt:
1276 2731 1582 2783 plurimisque
1617 2732 1838 2783 precibus

250 2868 262 2888 ¹
300 2868 552 2902 Apographum
566 2867 600 2895 in
615 2867 739 2902 duplici
757 2867 845 2901 solio,
859 2875 911 2894 nn.
929 2868 964 2894 79
978 2872 1010 2895 et
1023 2867 1070 2896 80.

248 2915 262 2935 ἱ
300 2914 388 2943 Vide
404 2915 556 2943 Pomm
573 2914 776 2948 Chrontcon,
793 2920 817 2942 t.
834 2922 882 2944 111.
897 2923 977 2949 pag.
996 2916 1054 2949 132,
1068 2923 1122 2943 nn.
1139 2916 1191 2943 262
1206 2921 1239 2943 et
1254 2916 1316 2943 263.

247 2961 263 2982 ⁸
300 2961 437 2990 Scilicet
456 2962 637 2990 Francisco
652 2962 794 2996 Palmio‚
811 2962 1032 2990 Bononiensis
1048 2963 1164 2991 domus
1180 2964 1364 2998 Superiori.
