<?xml version="1.0" encoding="UTF-8"?>
<!DOCTYPE html PUBLIC "-//W3C//DTD XHTML 1.0 Transitional//EN"
    "http://www.w3.org/TR/xhtml1/DTD/xhtml1-transitional.dtd">
<html xmlns="http://www.w3.org/1999/xhtml" xml:lang="en" lang="en">
 <head>
  <title>
</title>
<meta http-equiv="Content-Type" content="text/html;charset=utf-8" />
  <meta name='ocr-system' content='tesseract 3.04.00' />
  <meta name='ocr-capabilities' content='ocr_page ocr_carea ocr_par ocr_line ocrx_word'/>
</head>
<body>
  <div class='ocr_page' id='page_1' title='image "./litteraequadrime1503lain_0718.png"; bbox 0 0 2028 3328; ppageno 0'>
   <div class='ocr_carea' id='block_1_1' title="bbox 274 204 1395 249">
    <p class='ocr_par' dir='ltr' id='par_1_1' title="bbox 274 204 1395 249">
     <span class='ocr_line' id='line_1_1' title="bbox 274 204 1395 249; baseline 0.001 -8"><span class='ocrx_word' id='word_1_1' title='bbox 274 205 345 241; x_wconf 81' lang='lat'>712</span> <span class='ocrx_word' id='word_1_2' title='bbox 784 204 1011 242; x_wconf 83' lang='lat' dir='ltr'>LITTERAE</span> <span class='ocrx_word' id='word_1_3' title='bbox 1038 215 1395 249; x_wconf 81' lang='lat' dir='ltr'>QUADRIMESTRES</span> 
     </span>
    </p>
   </div>
   <div class='ocr_carea' id='block_1_2' title="bbox 274 301 1931 2905">
    <p class='ocr_par' dir='ltr' id='par_1_2' title="bbox 274 301 1913 1337">
     <span class='ocr_line' id='line_1_2' title="bbox 274 301 1904 353; baseline 0 -11"><span class='ocrx_word' id='word_1_4' title='bbox 274 314 369 342; x_wconf 86' lang='lat' dir='ltr'>rus.</span> <span class='ocrx_word' id='word_1_5' title='bbox 395 301 514 343; x_wconf 92' lang='lat' dir='ltr'>Nam</span> <span class='ocrx_word' id='word_1_6' title='bbox 531 314 636 342; x_wconf 92' lang='lat' dir='ltr'>cum</span> <span class='ocrx_word' id='word_1_7' title='bbox 652 313 812 342; x_wconf 90' lang='lat' dir='ltr'>rarum</span> <span class='ocrx_word' id='word_1_8' title='bbox 829 302 888 342; x_wconf 90' lang='lat' dir='ltr'>sit</span> <span class='ocrx_word' id='word_1_9' title='bbox 907 303 978 342; x_wconf 87' lang='lat' dir='ltr'>his</span> <span class='ocrx_word' id='word_1_10' title='bbox 996 302 1042 342; x_wconf 90' lang='lat' dir='ltr'>in</span> <span class='ocrx_word' id='word_1_11' title='bbox 1060 302 1344 353; x_wconf 78' lang='lat' dir='ltr'>regionibuS,</span> <span class='ocrx_word' id='word_1_12' title='bbox 1365 301 1505 341; x_wconf 87' lang='lat' dir='ltr'>etiam</span> <span class='ocrx_word' id='word_1_13' title='bbox 1522 301 1707 352; x_wconf 88' lang='lat' dir='ltr'>magnis</span> <span class='ocrx_word' id='word_1_14' title='bbox 1724 301 1904 351; x_wconf 80' lang='lat' dir='ltr'>diebus,</span> 
     </span>
     <span class='ocr_line' id='line_1_3' title="bbox 276 372 1905 425; baseline -0.001 -12"><span class='ocrx_word' id='word_1_15' title='bbox 276 378 471 425; x_wconf 82' lang='lat' dir='ltr'>excepto</span> <span class='ocrx_word' id='word_1_16' title='bbox 491 372 737 424; x_wconf 89' lang='lat' dir='ltr'>Paschate,</span> <span class='ocrx_word' id='word_1_17' title='bbox 762 373 973 413; x_wconf 90' lang='lat' dir='ltr'>confiteri</span> <span class='ocrx_word' id='word_1_18' title='bbox 995 379 1039 413; x_wconf 91' lang='lat' dir='ltr'>et</span> <span class='ocrx_word' id='word_1_19' title='bbox 1061 372 1430 420; x_wconf 88' lang='lat' dir='ltr'>communicare,</span> <span class='ocrx_word' id='word_1_20' title='bbox 1455 372 1640 423; x_wconf 82' lang='lat' dir='ltr'>plurimi</span> <span class='ocrx_word' id='word_1_21' title='bbox 1668 377 1824 412; x_wconf 90' lang='lat' dir='ltr'>tamen</span> <span class='ocrx_word' id='word_1_22' title='bbox 1846 372 1905 412; x_wconf 90' lang='lat' dir='ltr'>ad</span> 
     </span>
     <span class='ocr_line' id='line_1_4' title="bbox 276 442 1905 494; baseline -0.001 -10"><span class='ocrx_word' id='word_1_23' title='bbox 276 456 361 484; x_wconf 89' lang='lat' dir='ltr'>nos</span> <span class='ocrx_word' id='word_1_24' title='bbox 389 444 637 485; x_wconf 89' lang='lat' dir='ltr'>confitendi</span> <span class='ocrx_word' id='word_1_25' title='bbox 672 450 716 484; x_wconf 90' lang='lat' dir='ltr'>et</span> <span class='ocrx_word' id='word_1_26' title='bbox 752 444 1130 484; x_wconf 88' lang='lat' dir='ltr'>communicandi</span> <span class='ocrx_word' id='word_1_27' title='bbox 1163 442 1318 494; x_wconf 88' lang='lat' dir='ltr'>gratia</span> <span class='ocrx_word' id='word_1_28' title='bbox 1352 442 1621 494; x_wconf 87' lang='lat' dir='ltr'>frequenter</span> <span class='ocrx_word' id='word_1_29' title='bbox 1657 442 1905 493; x_wconf 79' lang='lat' dir='ltr'>accedunt,</span> 
     </span>
     <span class='ocr_line' id='line_1_5' title="bbox 277 514 1904 568; baseline -0.001 -12"><span class='ocrx_word' id='word_1_30' title='bbox 277 516 554 568; x_wconf 88' lang='lat' dir='ltr'>praesertim</span> <span class='ocrx_word' id='word_1_31' title='bbox 582 516 813 556; x_wconf 90' lang='lat' dir='ltr'>mulieres.</span> <span class='ocrx_word' id='word_1_32' title='bbox 842 516 964 556; x_wconf 87' lang='lat' dir='ltr'>Inter</span> <span class='ocrx_word' id='word_1_33' title='bbox 1001 527 1117 566; x_wconf 84' lang='lat' dir='ltr'>quas</span> <span class='ocrx_word' id='word_1_34' title='bbox 1150 514 1279 554; x_wconf 89' lang='lat' dir='ltr'>fuere</span> <span class='ocrx_word' id='word_1_35' title='bbox 1313 515 1578 564; x_wconf 78' lang='lat' dir='ltr'>nonnullae,</span> <span class='ocrx_word' id='word_1_36' title='bbox 1616 526 1750 566; x_wconf 89' lang='lat' dir='ltr'>quae,</span> <span class='ocrx_word' id='word_1_37' title='bbox 1783 520 1904 566; x_wconf 90' lang='lat' dir='ltr'>post-</span> 
     </span>
     <span class='ocr_line' id='line_1_6' title="bbox 278 585 1904 639; baseline -0.001 -12"><span class='ocrx_word' id='word_1_38' title='bbox 278 598 419 639; x_wconf 88' lang='lat' dir='ltr'>quam</span> <span class='ocrx_word' id='word_1_39' title='bbox 439 587 611 627; x_wconf 89' lang='lat' dir='ltr'>nostris</span> <span class='ocrx_word' id='word_1_40' title='bbox 634 586 876 626; x_wconf 73' lang='lat' dir='ltr'>confessae</span> <span class='ocrx_word' id='word_1_41' title='bbox 898 592 1018 637; x_wconf 88' lang='lat' dir='ltr'>sunt,</span> <span class='ocrx_word' id='word_1_42' title='bbox 1044 585 1330 636; x_wconf 79' lang='lat' dir='ltr'>impudicam</span> <span class='ocrx_word' id='word_1_43' title='bbox 1352 597 1492 637; x_wconf 92' lang='lat' dir='ltr'>quam</span> <span class='ocrx_word' id='word_1_44' title='bbox 1513 597 1618 625; x_wconf 91' lang='lat' dir='ltr'>cum</span> <span class='ocrx_word' id='word_1_45' title='bbox 1647 585 1809 625; x_wconf 84' lang='lat' dir='ltr'>alienis</span> <span class='ocrx_word' id='word_1_46' title='bbox 1840 585 1904 626; x_wconf 91' lang='lat' dir='ltr'>ui·</span> 
     </span>
     <span class='ocr_line' id='line_1_7' title="bbox 278 656 1909 709; baseline -0.001 -11"><span class='ocrx_word' id='word_1_47' title='bbox 278 658 343 698; x_wconf 90' lang='lat' dir='ltr'>ris</span> <span class='ocrx_word' id='word_1_48' title='bbox 364 657 671 698; x_wconf 84' lang='lat' dir='ltr'>traducebant</span> <span class='ocrx_word' id='word_1_49' title='bbox 688 658 848 702; x_wconf 88' lang='lat' dir='ltr'>vitam,</span> <span class='ocrx_word' id='word_1_50' title='bbox 869 668 1061 709; x_wconf 88' lang='lat' dir='ltr'>prorsus</span> <span class='ocrx_word' id='word_1_51' title='bbox 1079 656 1432 705; x_wconf 86' lang='lat' dir='ltr'>abdicauerunt,</span> <span class='ocrx_word' id='word_1_52' title='bbox 1455 668 1509 696; x_wconf 90' lang='lat' dir='ltr'>ac</span> <span class='ocrx_word' id='word_1_53' title='bbox 1526 656 1728 708; x_wconf 89' lang='lat' dir='ltr'>propriis</span> <span class='ocrx_word' id='word_1_54' title='bbox 1745 667 1909 696; x_wconf 91' lang='lat' dir='ltr'>recon—</span> 
     </span>
     <span class='ocr_line' id='line_1_8' title="bbox 281 727 1912 780; baseline -0.001 -11"><span class='ocrx_word' id='word_1_55' title='bbox 281 729 465 769; x_wconf 87' lang='lat' dir='ltr'>ciliatae</span> <span class='ocrx_word' id='word_1_56' title='bbox 486 729 602 769; x_wconf 85' lang='lat' dir='ltr'>viris</span> <span class='ocrx_word' id='word_1_57' title='bbox 622 740 794 780; x_wconf 82' lang='lat' dir='ltr'>magna</span> <span class='ocrx_word' id='word_1_58' title='bbox 817 739 940 768; x_wconf 91' lang='lat' dir='ltr'>nunc</span> <span class='ocrx_word' id='word_1_59' title='bbox 963 738 1068 767; x_wconf 90' lang='lat' dir='ltr'>cum</span> <span class='ocrx_word' id='word_1_60' title='bbox 1090 727 1425 779; x_wconf 84' lang='lat' dir='ltr'>tranquillitate</span> <span class='ocrx_word' id='word_1_61' title='bbox 1446 728 1626 776; x_wconf 88' lang='lat' dir='ltr'>viuunt;</span> <span class='ocrx_word' id='word_1_62' title='bbox 1651 727 1770 767; x_wconf 88' lang='lat' dir='ltr'>aliae</span> <span class='ocrx_word' id='word_1_63' title='bbox 1787 739 1912 767; x_wconf 91' lang='lat' dir='ltr'>erro-</span> 
     </span>
     <span class='ocr_line' id='line_1_9' title="bbox 280 797 1908 851; baseline -0.001 -11"><span class='ocrx_word' id='word_1_64' title='bbox 280 811 356 840; x_wconf 90' lang='lat' dir='ltr'>res</span> <span class='ocrx_word' id='word_1_65' title='bbox 376 811 564 851; x_wconf 90' lang='lat' dir='ltr'>prauos,</span> <span class='ocrx_word' id='word_1_66' title='bbox 588 800 754 851; x_wconf 88' lang='lat' dir='ltr'>quibus</span> <span class='ocrx_word' id='word_1_67' title='bbox 775 799 895 838; x_wconf 86' lang='lat' dir='ltr'>male</span> <span class='ocrx_word' id='word_1_68' title='bbox 916 809 1170 849; x_wconf 82' lang='lat' dir='ltr'>persuasae</span> <span class='ocrx_word' id='word_1_69' title='bbox 1192 797 1418 838; x_wconf 86' lang='lat' dir='ltr'>hactenus</span> <span class='ocrx_word' id='word_1_70' title='bbox 1436 798 1762 849; x_wconf 76' lang='lat' dir='ltr'>adhaeserant,</span> <span class='ocrx_word' id='word_1_71' title='bbox 1787 810 1813 838; x_wconf 89' lang='lat' dir='ltr'>a</span> <span class='ocrx_word' id='word_1_72' title='bbox 1830 810 1908 838; x_wconf 90' lang='lat' dir='ltr'>no-</span> 
     </span>
     <span class='ocr_line' id='line_1_10' title="bbox 281 869 1911 921; baseline -0.001 -10"><span class='ocrx_word' id='word_1_73' title='bbox 281 872 392 911; x_wconf 87' lang='lat' dir='ltr'>stris</span> <span class='ocrx_word' id='word_1_74' title='bbox 413 871 683 921; x_wconf 89' lang='lat' dir='ltr'>instructae,</span> <span class='ocrx_word' id='word_1_75' title='bbox 707 870 1008 921; x_wconf 90' lang='lat' dir='ltr'>reliquerunt,</span> <span class='ocrx_word' id='word_1_76' title='bbox 1033 875 1077 909; x_wconf 88' lang='lat' dir='ltr'>et</span> <span class='ocrx_word' id='word_1_77' title='bbox 1092 876 1144 909; x_wconf 89' lang='lat' dir='ltr'>vt</span> <span class='ocrx_word' id='word_1_78' title='bbox 1162 876 1269 909; x_wconf 88' lang='lat' dir='ltr'>ante</span> <span class='ocrx_word' id='word_1_79' title='bbox 1287 875 1644 920; x_wconf 89' lang='lat' dir='ltr'>consueuerant,</span> <span class='ocrx_word' id='word_1_80' title='bbox 1664 869 1836 909; x_wconf 91' lang='lat' dir='ltr'>ieiunia</span> <span class='ocrx_word' id='word_1_81' title='bbox 1854 880 1911 909; x_wconf 92' lang='lat' dir='ltr'>ac</span> 
     </span>
     <span class='ocr_line' id='line_1_11' title="bbox 282 940 1909 993; baseline -0.001 -11"><span class='ocrx_word' id='word_1_82' title='bbox 282 943 373 982; x_wconf 88' lang='lat' dir='ltr'>alia</span> <span class='ocrx_word' id='word_1_83' title='bbox 394 942 469 993; x_wconf 90' lang='lat' dir='ltr'>pia</span> <span class='ocrx_word' id='word_1_84' title='bbox 493 942 776 982; x_wconf 85' lang='lat' dir='ltr'>christianae</span> <span class='ocrx_word' id='word_1_85' title='bbox 798 940 1038 991; x_wconf 85' lang='lat' dir='ltr'>religionis</span> <span class='ocrx_word' id='word_1_86' title='bbox 1060 952 1202 992; x_wconf 88' lang='lat' dir='ltr'>opera</span> <span class='ocrx_word' id='word_1_87' title='bbox 1225 940 1376 980; x_wconf 91' lang='lat' dir='ltr'>denuo</span> <span class='ocrx_word' id='word_1_88' title='bbox 1400 946 1663 990; x_wconf 85' lang='lat' dir='ltr'>excercent,</span> <span class='ocrx_word' id='word_1_89' title='bbox 1687 940 1794 980; x_wconf 91' lang='lat' dir='ltr'>licet</span> <span class='ocrx_word' id='word_1_90' title='bbox 1815 951 1909 980; x_wconf 86' lang='lat' dir='ltr'>non</span> 
     </span>
     <span class='ocr_line' id='line_1_12' title="bbox 282 1011 1913 1064; baseline -0.002 -11"><span class='ocrx_word' id='word_1_91' title='bbox 282 1025 430 1064; x_wconf 90' lang='lat' dir='ltr'>parua</span> <span class='ocrx_word' id='word_1_92' title='bbox 453 1024 557 1053; x_wconf 91' lang='lat' dir='ltr'>cum</span> <span class='ocrx_word' id='word_1_93' title='bbox 579 1012 858 1061; x_wconf 85' lang='lat' dir='ltr'>difficultate,</span> <span class='ocrx_word' id='word_1_94' title='bbox 890 1011 1282 1062; x_wconf 89' lang='lat' dir='ltr'>quemadmodum</span> <span class='ocrx_word' id='word_1_95' title='bbox 1303 1017 1347 1051; x_wconf 91' lang='lat' dir='ltr'>et</span> <span class='ocrx_word' id='word_1_96' title='bbox 1375 1011 1599 1063; x_wconf 82' lang='lat' dir='ltr'>plurimae</span> <span class='ocrx_word' id='word_1_97' title='bbox 1621 1011 1776 1051; x_wconf 88' lang='lat' dir='ltr'>multis</span> <span class='ocrx_word' id='word_1_98' title='bbox 1806 1022 1913 1052; x_wconf 89' lang='lat' dir='ltr'>cum</span> 
     </span>
     <span class='ocr_line' id='line_1_13' title="bbox 282 1081 1910 1135; baseline -0.001 -11"><span class='ocrx_word' id='word_1_99' title='bbox 282 1083 538 1135; x_wconf 82' lang='lat' dir='ltr'>lachrymis</span> <span class='ocrx_word' id='word_1_100' title='bbox 560 1090 667 1123; x_wconf 89' lang='lat' dir='ltr'>sunt</span> <span class='ocrx_word' id='word_1_101' title='bbox 687 1082 860 1122; x_wconf 87' lang='lat' dir='ltr'>nostris</span> <span class='ocrx_word' id='word_1_102' title='bbox 876 1082 1047 1122; x_wconf 89' lang='lat' dir='ltr'>fassae.</span> <span class='ocrx_word' id='word_1_103' title='bbox 1066 1081 1116 1123; x_wconf 86' lang='lat' dir='ltr'>Si</span> <span class='ocrx_word' id='word_1_104' title='bbox 1133 1082 1320 1134; x_wconf 86' lang='lat' dir='ltr'>quando</span> <span class='ocrx_word' id='word_1_105' title='bbox 1338 1082 1460 1122; x_wconf 93' lang='lat' dir='ltr'>enim</span> <span class='ocrx_word' id='word_1_106' title='bbox 1483 1083 1692 1122; x_wconf 90' lang='lat' dir='ltr'>ieiunant</span> <span class='ocrx_word' id='word_1_107' title='bbox 1709 1088 1788 1122; x_wconf 90' lang='lat' dir='ltr'>aut</span> <span class='ocrx_word' id='word_1_108' title='bbox 1806 1094 1910 1122; x_wconf 92' lang='lat' dir='ltr'>con-</span> 
     </span>
     <span class='ocr_line' id='line_1_14' title="bbox 284 1153 1913 1205; baseline -0.001 -10"><span class='ocrx_word' id='word_1_109' title='bbox 284 1153 470 1195; x_wconf 88' lang='lat' dir='ltr'>fitentur</span> <span class='ocrx_word' id='word_1_110' title='bbox 492 1155 714 1205; x_wconf 88' lang='lat' dir='ltr'>crebrius,</span> <span class='ocrx_word' id='word_1_111' title='bbox 740 1166 765 1193; x_wconf 87' lang='lat' dir='ltr'>a</span> <span class='ocrx_word' id='word_1_112' title='bbox 788 1153 942 1194; x_wconf 87' lang='lat' dir='ltr'>multis</span> <span class='ocrx_word' id='word_1_113' title='bbox 971 1153 1262 1204; x_wconf 88' lang='lat' dir='ltr'>deridentur,</span> <span class='ocrx_word' id='word_1_114' title='bbox 1286 1153 1350 1194; x_wconf 87' lang='lat' dir='ltr'>ita</span> <span class='ocrx_word' id='word_1_115' title='bbox 1372 1161 1422 1194; x_wconf 84' lang='lat' dir='ltr'>vt</span> <span class='ocrx_word' id='word_1_116' title='bbox 1450 1154 1539 1194; x_wconf 91' lang='lat' dir='ltr'>hac</span> <span class='ocrx_word' id='word_1_117' title='bbox 1569 1154 1750 1194; x_wconf 89' lang='lat' dir='ltr'>ratione</span> <span class='ocrx_word' id='word_1_118' title='bbox 1779 1154 1913 1205; x_wconf 87' lang='lat' dir='ltr'>pleri-</span> 
     </span>
     <span class='ocr_line' id='line_1_15' title="bbox 284 1224 1913 1278; baseline -0.001 -12"><span class='ocrx_word' id='word_1_119' title='bbox 284 1238 371 1278; x_wconf 90' lang='lat' dir='ltr'>que</span> <span class='ocrx_word' id='word_1_120' title='bbox 394 1238 498 1266; x_wconf 92' lang='lat' dir='ltr'>cum</span> <span class='ocrx_word' id='word_1_121' title='bbox 518 1226 771 1266; x_wconf 90' lang='lat' dir='ltr'>Nicodemo</span> <span class='ocrx_word' id='word_1_122' title='bbox 788 1225 848 1265; x_wconf 93' lang='lat' dir='ltr'>ad</span> <span class='ocrx_word' id='word_1_123' title='bbox 865 1224 1209 1265; x_wconf 85' lang='lat' dir='ltr'>confessionem</span> <span class='ocrx_word' id='word_1_124' title='bbox 1226 1231 1270 1265; x_wconf 92' lang='lat' dir='ltr'>et</span> <span class='ocrx_word' id='word_1_125' title='bbox 1287 1225 1518 1277; x_wconf 89' lang='lat' dir='ltr'>colloquia</span> <span class='ocrx_word' id='word_1_126' title='bbox 1536 1231 1804 1265; x_wconf 88' lang='lat' dir='ltr'>nostrorum</span> <span class='ocrx_word' id='word_1_127' title='bbox 1819 1237 1913 1265; x_wconf 90' lang='lat' dir='ltr'>non</span> 
     </span>
     <span class='ocr_line' id='line_1_16' title="bbox 284 1296 1041 1337; baseline -0.001 0"><span class='ocrx_word' id='word_1_128' title='bbox 284 1297 373 1337; x_wconf 91' lang='lat' dir='ltr'>nisi</span> <span class='ocrx_word' id='word_1_129' title='bbox 394 1297 552 1337; x_wconf 87' lang='lat' dir='ltr'>furtim</span> <span class='ocrx_word' id='word_1_130' title='bbox 574 1296 798 1337; x_wconf 88' lang='lat' dir='ltr'>accedere</span> <span class='ocrx_word' id='word_1_131' title='bbox 820 1296 1041 1337; x_wconf 89' lang='lat' dir='ltr'>audeant.</span> 
     </span>
    </p>

    <p class='ocr_par' dir='ltr' id='par_1_3' title="bbox 282 1367 1922 2054">
     <span class='ocr_line' id='line_1_17' title="bbox 363 1367 1918 1420; baseline 0 -12"><span class='ocrx_word' id='word_1_132' title='bbox 363 1368 483 1409; x_wconf 90' lang='lat' dir='ltr'>Male</span> <span class='ocrx_word' id='word_1_133' title='bbox 505 1369 627 1408; x_wconf 91' lang='lat' dir='ltr'>enim</span> <span class='ocrx_word' id='word_1_134' title='bbox 656 1368 779 1420; x_wconf 88' lang='lat' dir='ltr'>apud</span> <span class='ocrx_word' id='word_1_135' title='bbox 805 1368 977 1419; x_wconf 91' lang='lat' dir='ltr'>vulgus</span> <span class='ocrx_word' id='word_1_136' title='bbox 1007 1367 1244 1419; x_wconf 90' lang='lat' dir='ltr'>audimus,</span> <span class='ocrx_word' id='word_1_137' title='bbox 1276 1373 1522 1420; x_wconf 85' lang='lat' dir='ltr'>postquam</span> <span class='ocrx_word' id='word_1_138' title='bbox 1557 1368 1918 1408; x_wconf 87' lang='lat' dir='ltr'>concionatores</span> 
     </span>
     <span class='ocr_line' id='line_1_18' title="bbox 283 1439 1916 1492; baseline -0.001 -12"><span class='ocrx_word' id='word_1_139' title='bbox 283 1440 471 1492; x_wconf 91' lang='lat' dir='ltr'>quidam</span> <span class='ocrx_word' id='word_1_140' title='bbox 505 1439 595 1480; x_wconf 88' lang='lat' dir='ltr'>huc</span> <span class='ocrx_word' id='word_1_141' title='bbox 629 1445 946 1490; x_wconf 89' lang='lat' dir='ltr'>accesserunt,</span> <span class='ocrx_word' id='word_1_142' title='bbox 985 1439 1063 1491; x_wconf 93' lang='lat' dir='ltr'>qui</span> <span class='ocrx_word' id='word_1_143' title='bbox 1097 1439 1331 1491; x_wconf 89' lang='lat' dir='ltr'>placentia</span> <span class='ocrx_word' id='word_1_144' title='bbox 1364 1440 1533 1491; x_wconf 90' lang='lat' dir='ltr'>populo</span> <span class='ocrx_word' id='word_1_145' title='bbox 1568 1445 1835 1491; x_wconf 91' lang='lat' dir='ltr'>proponunt</span> <span class='ocrx_word' id='word_1_146' title='bbox 1873 1445 1916 1480; x_wconf 90' lang='lat' dir='ltr'>et</span> 
     </span>
     <span class='ocr_line' id='line_1_19' title="bbox 285 1511 1917 1563; baseline -0.001 -11"><span class='ocrx_word' id='word_1_147' title='bbox 285 1523 576 1563; x_wconf 88' lang='lat' dir='ltr'>quacumque</span> <span class='ocrx_word' id='word_1_148' title='bbox 599 1511 779 1551; x_wconf 86' lang='lat' dir='ltr'>ratione</span> <span class='ocrx_word' id='word_1_149' title='bbox 800 1517 997 1563; x_wconf 90' lang='lat' dir='ltr'>possunt</span> <span class='ocrx_word' id='word_1_150' title='bbox 1019 1522 1106 1551; x_wconf 89' lang='lat' dir='ltr'>nos</span> <span class='ocrx_word' id='word_1_151' title='bbox 1133 1511 1314 1551; x_wconf 88' lang='lat' dir='ltr'>cunctis</span> <span class='ocrx_word' id='word_1_152' title='bbox 1342 1522 1514 1551; x_wconf 83' lang='lat' dir='ltr'>exosos</span> <span class='ocrx_word' id='word_1_153' title='bbox 1543 1511 1758 1551; x_wconf 88' lang='lat' dir='ltr'>reddunt.</span> <span class='ocrx_word' id='word_1_154' title='bbox 1790 1511 1917 1551; x_wconf 87' lang='lat' dir='ltr'>Haec</span> 
     </span>
     <span class='ocr_line' id='line_1_20' title="bbox 284 1582 1912 1635; baseline -0.001 -12"><span class='ocrx_word' id='word_1_155' title='bbox 284 1589 439 1624; x_wconf 89' lang='lat' dir='ltr'>autem</span> <span class='ocrx_word' id='word_1_156' title='bbox 459 1582 557 1624; x_wconf 90' lang='lat' dir='ltr'>fieri</span> <span class='ocrx_word' id='word_1_157' title='bbox 578 1589 628 1623; x_wconf 83' lang='lat' dir='ltr'>vt</span> <span class='ocrx_word' id='word_1_158' title='bbox 650 1583 854 1623; x_wconf 84' lang='lat' dir='ltr'>maxime</span> <span class='ocrx_word' id='word_1_159' title='bbox 875 1589 1068 1635; x_wconf 89' lang='lat' dir='ltr'>propter</span> <span class='ocrx_word' id='word_1_160' title='bbox 1091 1583 1215 1623; x_wconf 90' lang='lat' dir='ltr'>hunc</span> <span class='ocrx_word' id='word_1_161' title='bbox 1237 1583 1460 1634; x_wconf 90' lang='lat' dir='ltr'>populum</span> <span class='ocrx_word' id='word_1_162' title='bbox 1481 1582 1714 1633; x_wconf 87' lang='lat' dir='ltr'>dolemus,</span> <span class='ocrx_word' id='word_1_163' title='bbox 1737 1582 1802 1622; x_wconf 90' lang='lat' dir='ltr'>ita</span> <span class='ocrx_word' id='word_1_164' title='bbox 1835 1594 1912 1622; x_wconf 92' lang='lat' dir='ltr'>no-</span> 
     </span>
     <span class='ocr_line' id='line_1_21' title="bbox 283 1653 1917 1706; baseline -0.001 -11"><span class='ocrx_word' id='word_1_165' title='bbox 283 1661 379 1695; x_wconf 86' lang='lat' dir='ltr'>stra</span> <span class='ocrx_word' id='word_1_166' title='bbox 402 1667 459 1695; x_wconf 78' lang='lat' dir='ltr'>ex</span> <span class='ocrx_word' id='word_1_167' title='bbox 479 1661 613 1706; x_wconf 87' lang='lat' dir='ltr'>parte</span> <span class='ocrx_word' id='word_1_168' title='bbox 632 1654 908 1706; x_wconf 83' lang='lat' dir='ltr'>gaudemus,</span> <span class='ocrx_word' id='word_1_169' title='bbox 933 1654 1056 1706; x_wconf 90' lang='lat' dir='ltr'>quod</span> <span class='ocrx_word' id='word_1_170' title='bbox 1078 1654 1208 1705; x_wconf 86' lang='lat' dir='ltr'>digni</span> <span class='ocrx_word' id='word_1_171' title='bbox 1238 1654 1495 1695; x_wconf 88' lang='lat' dir='ltr'>habeamur</span> <span class='ocrx_word' id='word_1_172' title='bbox 1525 1654 1700 1706; x_wconf 91' lang='lat' dir='ltr'>aliquid</span> <span class='ocrx_word' id='word_1_173' title='bbox 1728 1653 1917 1694; x_wconf 81' lang='lat' dir='ltr'>aduersi</span> 
     </span>
     <span class='ocr_line' id='line_1_22' title="bbox 284 1725 1917 1778; baseline -0.001 -12"><span class='ocrx_word' id='word_1_174' title='bbox 284 1738 367 1778; x_wconf 90' lang='lat' dir='ltr'>pro</span> <span class='ocrx_word' id='word_1_175' title='bbox 390 1727 577 1767; x_wconf 89' lang='lat' dir='ltr'>nomine</span> <span class='ocrx_word' id='word_1_176' title='bbox 600 1726 774 1767; x_wconf 91' lang='lat' dir='ltr'>Christi</span> <span class='ocrx_word' id='word_1_177' title='bbox 795 1725 907 1777; x_wconf 90' lang='lat' dir='ltr'>pati.</span> <span class='ocrx_word' id='word_1_178' title='bbox 930 1725 1035 1766; x_wconf 91' lang='lat' dir='ltr'>Non</span> <span class='ocrx_word' id='word_1_179' title='bbox 1057 1726 1180 1766; x_wconf 90' lang='lat' dir='ltr'>enim</span> <span class='ocrx_word' id='word_1_180' title='bbox 1202 1726 1353 1765; x_wconf 87' lang='lat' dir='ltr'>solum</span> <span class='ocrx_word' id='word_1_181' title='bbox 1373 1725 1529 1766; x_wconf 83' lang='lat' dir='ltr'>verbis</span> <span class='ocrx_word' id='word_1_182' title='bbox 1550 1737 1635 1765; x_wconf 90' lang='lat' dir='ltr'>nos</span> <span class='ocrx_word' id='word_1_183' title='bbox 1654 1726 1775 1765; x_wconf 92' lang='lat' dir='ltr'>clam</span> <span class='ocrx_word' id='word_1_184' title='bbox 1795 1725 1917 1766; x_wconf 89' lang='lat' dir='ltr'>lace·</span> 
     </span>
     <span class='ocr_line' id='line_1_23' title="bbox 283 1796 1918 1849; baseline -0.001 -11"><span class='ocrx_word' id='word_1_185' title='bbox 283 1805 402 1849; x_wconf 88' lang='lat' dir='ltr'>rant,</span> <span class='ocrx_word' id='word_1_186' title='bbox 428 1798 510 1838; x_wconf 85' lang='lat' dir='ltr'>sed</span> <span class='ocrx_word' id='word_1_187' title='bbox 531 1803 575 1838; x_wconf 90' lang='lat' dir='ltr'>et</span> <span class='ocrx_word' id='word_1_188' title='bbox 595 1797 827 1848; x_wconf 88' lang='lat' dir='ltr'>lapidibus</span> <span class='ocrx_word' id='word_1_189' title='bbox 849 1796 1083 1838; x_wconf 86' lang='lat' dir='ltr'>fenestras</span> <span class='ocrx_word' id='word_1_190' title='bbox 1105 1797 1425 1837; x_wconf 89' lang='lat' dir='ltr'>cubiculorum</span> <span class='ocrx_word' id='word_1_191' title='bbox 1445 1802 1714 1837; x_wconf 89' lang='lat' dir='ltr'>nostrorum</span> <span class='ocrx_word' id='word_1_192' title='bbox 1735 1808 1791 1837; x_wconf 89' lang='lat' dir='ltr'>ac</span> <span class='ocrx_word' id='word_1_193' title='bbox 1807 1803 1918 1837; x_wconf 90' lang='lat' dir='ltr'>tem—</span> 
     </span>
     <span class='ocr_line' id='line_1_24' title="bbox 282 1868 1920 1922; baseline -0.001 -13"><span class='ocrx_word' id='word_1_194' title='bbox 282 1870 346 1922; x_wconf 88' lang='lat' dir='ltr'>pli</span> <span class='ocrx_word' id='word_1_195' title='bbox 367 1868 683 1919; x_wconf 87' lang='lat' dir='ltr'>confringunt.</span> <span class='ocrx_word' id='word_1_196' title='bbox 706 1868 757 1908; x_wconf 91' lang='lat' dir='ltr'>In</span> <span class='ocrx_word' id='word_1_197' title='bbox 779 1879 962 1908; x_wconf 91' lang='lat' dir='ltr'>summa</span> <span class='ocrx_word' id='word_1_198' title='bbox 984 1868 1031 1909; x_wconf 94' lang='lat' dir='ltr'>id</span> <span class='ocrx_word' id='word_1_199' title='bbox 1052 1868 1184 1909; x_wconf 92' lang='lat' dir='ltr'>multi</span> <span class='ocrx_word' id='word_1_200' title='bbox 1206 1868 1494 1908; x_wconf 88' lang='lat' dir='ltr'>contendunt</span> <span class='ocrx_word' id='word_1_201' title='bbox 1516 1880 1572 1908; x_wconf 89' lang='lat' dir='ltr'>ac</span> <span class='ocrx_word' id='word_1_202' title='bbox 1593 1868 1848 1908; x_wconf 92' lang='lat' dir='ltr'>moliuntur</span> <span class='ocrx_word' id='word_1_203' title='bbox 1868 1873 1920 1908; x_wconf 86' lang='lat' dir='ltr'>vt</span> 
     </span>
     <span class='ocr_line' id='line_1_25' title="bbox 283 1939 1922 1994; baseline -0.002 -13"><span class='ocrx_word' id='word_1_204' title='bbox 283 1941 488 1994; x_wconf 88' lang='lat' dir='ltr'>Jesuitae</span> <span class='ocrx_word' id='word_1_205' title='bbox 528 1939 611 1991; x_wconf 90' lang='lat' dir='ltr'>(sic</span> <span class='ocrx_word' id='word_1_206' title='bbox 650 1940 772 1980; x_wconf 84' lang='lat' dir='ltr'>enim</span> <span class='ocrx_word' id='word_1_207' title='bbox 811 1951 898 1980; x_wconf 89' lang='lat' dir='ltr'>nos</span> <span class='ocrx_word' id='word_1_208' title='bbox 937 1939 1192 1991; x_wconf 87' lang='lat' dir='ltr'>appellant)</span> <span class='ocrx_word' id='word_1_209' title='bbox 1233 1939 1580 1991; x_wconf 88' lang='lat' dir='ltr'>quamprimum</span> <span class='ocrx_word' id='word_1_210' title='bbox 1618 1939 1727 1979; x_wconf 91' lang='lat' dir='ltr'>hinc</span> <span class='ocrx_word' id='word_1_211' title='bbox 1768 1939 1922 1990; x_wconf 86' lang='lat' dir='ltr'>expel-</span> 
     </span>
     <span class='ocr_line' id='line_1_26' title="bbox 286 2014 457 2054; baseline 0.012 -2"><span class='ocrx_word' id='word_1_212' title='bbox 286 2014 457 2054; x_wconf 89' lang='lat' dir='ltr'>lantur.</span> 
     </span>
    </p>

    <p class='ocr_par' dir='ltr' id='par_1_4' title="bbox 288 2081 1931 2905">
     <span class='ocr_line' id='line_1_27' title="bbox 365 2081 1922 2136; baseline -0.003 -11"><span class='ocrx_word' id='word_1_213' title='bbox 365 2084 628 2135; x_wconf 86' lang='lat' dir='ltr'>Caeterum,</span> <span class='ocrx_word' id='word_1_214' title='bbox 649 2096 739 2136; x_wconf 93' lang='lat' dir='ltr'>quo</span> <span class='ocrx_word' id='word_1_215' title='bbox 756 2084 909 2135; x_wconf 91' lang='lat' dir='ltr'>magis</span> <span class='ocrx_word' id='word_1_216' title='bbox 926 2089 1127 2123; x_wconf 91' lang='lat' dir='ltr'>conatur</span> <span class='ocrx_word' id='word_1_217' title='bbox 1144 2083 1343 2124; x_wconf 90' lang='lat' dir='ltr'>daemon</span> <span class='ocrx_word' id='word_1_218' title='bbox 1359 2094 1442 2134; x_wconf 87' lang='lat' dir='ltr'>per</span> <span class='ocrx_word' id='word_1_219' title='bbox 1459 2095 1569 2123; x_wconf 89' lang='lat' dir='ltr'>suos</span> <span class='ocrx_word' id='word_1_220' title='bbox 1587 2082 1813 2122; x_wconf 87' lang='lat' dir='ltr'>satellites</span> <span class='ocrx_word' id='word_1_221' title='bbox 1829 2081 1922 2121; x_wconf 83' lang='lat' dir='ltr'>fru-</span> 
     </span>
     <span class='ocr_line' id='line_1_28' title="bbox 290 2152 1922 2207; baseline -0.003 -10"><span class='ocrx_word' id='word_1_222' title='bbox 290 2162 417 2197; x_wconf 89' lang='lat' dir='ltr'>ctum</span> <span class='ocrx_word' id='word_1_223' title='bbox 438 2157 610 2196; x_wconf 93' lang='lat' dir='ltr'>bonum</span> <span class='ocrx_word' id='word_1_224' title='bbox 631 2154 873 2207; x_wconf 91' lang='lat' dir='ltr'>impedire,</span> <span class='ocrx_word' id='word_1_225' title='bbox 897 2162 1167 2195; x_wconf 90' lang='lat' dir='ltr'>nostrorum</span> <span class='ocrx_word' id='word_1_226' title='bbox 1199 2154 1574 2194; x_wconf 89' lang='lat' dir='ltr'>aestimationem</span> <span class='ocrx_word' id='word_1_227' title='bbox 1602 2152 1922 2204; x_wconf 78' lang='lat' dir='ltr'>deprimendo,</span> 
     </span>
     <span class='ocr_line' id='line_1_29' title="bbox 289 2224 1921 2279; baseline -0.002 -12"><span class='ocrx_word' id='word_1_228' title='bbox 289 2239 343 2268; x_wconf 90' lang='lat' dir='ltr'>eo</span> <span class='ocrx_word' id='word_1_229' title='bbox 365 2227 518 2278; x_wconf 90' lang='lat' dir='ltr'>magis</span> <span class='ocrx_word' id='word_1_230' title='bbox 540 2226 664 2279; x_wconf 91' lang='lat' dir='ltr'>apud</span> <span class='ocrx_word' id='word_1_231' title='bbox 684 2226 858 2278; x_wconf 88' lang='lat' dir='ltr'>probos</span> <span class='ocrx_word' id='word_1_232' title='bbox 875 2226 991 2266; x_wconf 92' lang='lat' dir='ltr'>bene</span> <span class='ocrx_word' id='word_1_233' title='bbox 1008 2225 1238 2274; x_wconf 88' lang='lat' dir='ltr'>audimus,</span> <span class='ocrx_word' id='word_1_234' title='bbox 1262 2237 1318 2265; x_wconf 90' lang='lat' dir='ltr'>ac</span> <span class='ocrx_word' id='word_1_235' title='bbox 1334 2224 1514 2265; x_wconf 91' lang='lat' dir='ltr'>fructus</span> <span class='ocrx_word' id='word_1_236' title='bbox 1530 2225 1718 2276; x_wconf 91' lang='lat' dir='ltr'>pietatis</span> <span class='ocrx_word' id='word_1_237' title='bbox 1736 2224 1921 2265; x_wconf 86' lang='lat' dir='ltr'>crescit.</span> 
     </span>
     <span class='ocr_line' id='line_1_30' title="bbox 290 2296 1923 2349; baseline -0.002 -11"><span class='ocrx_word' id='word_1_238' title='bbox 290 2298 410 2338; x_wconf 91' lang='lat' dir='ltr'>Nam</span> <span class='ocrx_word' id='word_1_239' title='bbox 431 2304 475 2338; x_wconf 89' lang='lat' dir='ltr'>et</span> <span class='ocrx_word' id='word_1_240' title='bbox 499 2309 634 2338; x_wconf 89' lang='lat' dir='ltr'>sacra</span> <span class='ocrx_word' id='word_1_241' title='bbox 654 2303 816 2337; x_wconf 89' lang='lat' dir='ltr'>nostra</span> <span class='ocrx_word' id='word_1_242' title='bbox 838 2297 1043 2349; x_wconf 87' lang='lat' dir='ltr'>quotidie</span> <span class='ocrx_word' id='word_1_243' title='bbox 1073 2297 1230 2348; x_wconf 87' lang='lat' dir='ltr'>plures</span> <span class='ocrx_word' id='word_1_244' title='bbox 1252 2296 1502 2347; x_wconf 88' lang='lat' dir='ltr'>accedunt,</span> <span class='ocrx_word' id='word_1_245' title='bbox 1533 2302 1577 2336; x_wconf 90' lang='lat' dir='ltr'>et</span> <span class='ocrx_word' id='word_1_246' title='bbox 1608 2301 1923 2343; x_wconf 81' lang='lat' dir='ltr'>sacramenta,</span> 
     </span>
     <span class='ocr_line' id='line_1_31' title="bbox 288 2366 1923 2420; baseline -0.002 -11"><span class='ocrx_word' id='word_1_247' title='bbox 288 2375 339 2409; x_wconf 85' lang='lat' dir='ltr'>vt</span> <span class='ocrx_word' id='word_1_248' title='bbox 361 2369 578 2419; x_wconf 86' lang='lat' dir='ltr'>diximus,</span> <span class='ocrx_word' id='word_1_249' title='bbox 602 2368 900 2420; x_wconf 88' lang='lat' dir='ltr'>frequentant</span> <span class='ocrx_word' id='word_1_250' title='bbox 920 2369 1059 2418; x_wconf 89' lang='lat' dir='ltr'>longe</span> <span class='ocrx_word' id='word_1_251' title='bbox 1081 2367 1304 2407; x_wconf 90' lang='lat' dir='ltr'>crebrius.</span> <span class='ocrx_word' id='word_1_252' title='bbox 1328 2366 1419 2407; x_wconf 88' lang='lat' dir='ltr'>Sed</span> <span class='ocrx_word' id='word_1_253' title='bbox 1435 2367 1542 2407; x_wconf 90' lang='lat' dir='ltr'>nolo</span> <span class='ocrx_word' id='word_1_254' title='bbox 1561 2366 1634 2406; x_wconf 91' lang='lat' dir='ltr'>his</span> <span class='ocrx_word' id='word_1_255' title='bbox 1654 2366 1826 2406; x_wconf 86' lang='lat' dir='ltr'>diutius</span> <span class='ocrx_word' id='word_1_256' title='bbox 1842 2366 1923 2406; x_wconf 91' lang='lat' dir='ltr'>im-</span> 
     </span>
     <span class='ocr_line' id='line_1_32' title="bbox 291 2437 1926 2491; baseline -0.002 -11"><span class='ocrx_word' id='word_1_257' title='bbox 291 2440 465 2480; x_wconf 90' lang='lat' dir='ltr'>morari</span> <span class='ocrx_word' id='word_1_258' title='bbox 491 2446 542 2480; x_wconf 84' lang='lat' dir='ltr'>vt</span> <span class='ocrx_word' id='word_1_259' title='bbox 568 2440 756 2491; x_wconf 88' lang='lat' dir='ltr'>pietatis</span> <span class='ocrx_word' id='word_1_260' title='bbox 786 2439 937 2480; x_wconf 88' lang='lat' dir='ltr'>officia</span> <span class='ocrx_word' id='word_1_261' title='bbox 968 2451 994 2478; x_wconf 89' lang='lat' dir='ltr'>a</span> <span class='ocrx_word' id='word_1_262' title='bbox 1022 2438 1197 2479; x_wconf 86' lang='lat' dir='ltr'>nostris</span> <span class='ocrx_word' id='word_1_263' title='bbox 1224 2438 1430 2478; x_wconf 85' lang='lat' dir='ltr'>exhibita</span> <span class='ocrx_word' id='word_1_264' title='bbox 1456 2438 1681 2478; x_wconf 90' lang='lat' dir='ltr'>nonnulla</span> <span class='ocrx_word' id='word_1_265' title='bbox 1719 2437 1926 2478; x_wconf 89' lang='lat' dir='ltr'>breuiter</span> 
     </span>
     <span class='ocr_line' id='line_1_33' title="bbox 292 2508 1924 2562; baseline -0.002 -11"><span class='ocrx_word' id='word_1_266' title='bbox 292 2511 644 2562; x_wconf 90' lang='lat' dir='ltr'>subiungamus.</span> <span class='ocrx_word' id='word_1_267' title='bbox 667 2510 955 2562; x_wconf 87' lang='lat' dir='ltr'>Frequenter</span> <span class='ocrx_word' id='word_1_268' title='bbox 978 2509 1036 2549; x_wconf 91' lang='lat' dir='ltr'>ad</span> <span class='ocrx_word' id='word_1_269' title='bbox 1057 2508 1266 2549; x_wconf 87' lang='lat' dir='ltr'>infirmos</span> <span class='ocrx_word' id='word_1_270' title='bbox 1294 2514 1602 2549; x_wconf 88' lang='lat' dir='ltr'>accersuntur</span> <span class='ocrx_word' id='word_1_271' title='bbox 1623 2508 1794 2558; x_wconf 90' lang='lat' dir='ltr'>nostri,</span> <span class='ocrx_word' id='word_1_272' title='bbox 1830 2508 1924 2560; x_wconf 90' lang='lat' dir='ltr'>qui-</span> 
     </span>
     <span class='ocr_line' id='line_1_34' title="bbox 292 2579 1928 2633; baseline -0.002 -11"><span class='ocrx_word' id='word_1_273' title='bbox 292 2583 489 2622; x_wconf 90' lang='lat' dir='ltr'>buscum</span> <span class='ocrx_word' id='word_1_274' title='bbox 518 2587 563 2621; x_wconf 91' lang='lat' dir='ltr'>et</span> <span class='ocrx_word' id='word_1_275' title='bbox 589 2586 868 2633; x_wconf 90' lang='lat' dir='ltr'>pernoctant</span> <span class='ocrx_word' id='word_1_276' title='bbox 895 2579 1103 2630; x_wconf 92' lang='lat' dir='ltr'>subinde,</span> <span class='ocrx_word' id='word_1_277' title='bbox 1138 2585 1182 2620; x_wconf 90' lang='lat' dir='ltr'>et</span> <span class='ocrx_word' id='word_1_278' title='bbox 1216 2579 1471 2620; x_wconf 86' lang='lat' dir='ltr'>salutiferis</span> <span class='ocrx_word' id='word_1_279' title='bbox 1501 2590 1583 2619; x_wconf 92' lang='lat' dir='ltr'>eos</span> <span class='ocrx_word' id='word_1_280' title='bbox 1616 2579 1928 2619; x_wconf 83' lang='lat' dir='ltr'>sacramentis</span> 
     </span>
     <span class='ocr_line' id='line_1_35' title="bbox 297 2650 1926 2704; baseline -0.002 -11"><span class='ocrx_word' id='word_1_281' title='bbox 297 2653 509 2693; x_wconf 88' lang='lat' dir='ltr'>muniunt</span> <span class='ocrx_word' id='word_1_282' title='bbox 530 2663 704 2703; x_wconf 89' lang='lat' dir='ltr'>magna</span> <span class='ocrx_word' id='word_1_283' title='bbox 726 2664 832 2693; x_wconf 91' lang='lat' dir='ltr'>cum</span> <span class='ocrx_word' id='word_1_284' title='bbox 853 2652 1063 2704; x_wconf 90' lang='lat' dir='ltr'>ipsorum</span> <span class='ocrx_word' id='word_1_285' title='bbox 1085 2651 1404 2691; x_wconf 90' lang='lat' dir='ltr'>consolatione</span> <span class='ocrx_word' id='word_1_286' title='bbox 1426 2657 1470 2691; x_wconf 89' lang='lat' dir='ltr'>et</span> <span class='ocrx_word' id='word_1_287' title='bbox 1494 2651 1692 2691; x_wconf 91' lang='lat' dir='ltr'>aliorum</span> <span class='ocrx_word' id='word_1_288' title='bbox 1713 2650 1926 2690; x_wconf 89' lang='lat' dir='ltr'>aedifica-</span> 
     </span>
     <span class='ocr_line' id='line_1_36' title="bbox 294 2720 1929 2774; baseline -0.001 -11"><span class='ocrx_word' id='word_1_289' title='bbox 294 2723 435 2763; x_wconf 89' lang='lat' dir='ltr'>tione.</span> <span class='ocrx_word' id='word_1_290' title='bbox 470 2723 578 2764; x_wconf 88' lang='lat' dir='ltr'>Fuit</span> <span class='ocrx_word' id='word_1_291' title='bbox 612 2730 656 2764; x_wconf 91' lang='lat' dir='ltr'>et</span> <span class='ocrx_word' id='word_1_292' title='bbox 690 2723 737 2763; x_wconf 89' lang='lat' dir='ltr'>in</span> <span class='ocrx_word' id='word_1_293' title='bbox 772 2724 879 2763; x_wconf 88' lang='lat' dir='ltr'>aula</span> <span class='ocrx_word' id='word_1_294' title='bbox 914 2721 1121 2763; x_wconf 74' lang='lat' dir='ltr'>Sere.mae</span> <span class='ocrx_word' id='word_1_295' title='bbox 1154 2721 1364 2772; x_wconf 87' lang='lat' dir='ltr'>Reginae</span> <span class='ocrx_word' id='word_1_296' title='bbox 1403 2721 1654 2762; x_wconf 84' lang='lat' dir='ltr'>Bohemiae</span> <span class='ocrx_word' id='word_1_297' title='bbox 1690 2720 1702 2741; x_wconf 90' lang='lat'>¹</span> <span class='ocrx_word' id='word_1_298' title='bbox 1739 2721 1929 2774; x_wconf 88' lang='lat' dir='ltr'>quidam</span> 
     </span>
     <span class='ocr_line' id='line_1_37' title="bbox 297 2792 1926 2845; baseline -0.001 -12"><span class='ocrx_word' id='word_1_299' title='bbox 297 2793 452 2834; x_wconf 90' lang='lat' dir='ltr'>Turca</span> <span class='ocrx_word' id='word_1_300' title='bbox 473 2799 625 2834; x_wconf 89' lang='lat' dir='ltr'>aetate</span> <span class='ocrx_word' id='word_1_301' title='bbox 645 2794 739 2834; x_wconf 92' lang='lat' dir='ltr'>iam</span> <span class='ocrx_word' id='word_1_302' title='bbox 759 2799 1004 2845; x_wconf 88' lang='lat' dir='ltr'>prouecta,</span> <span class='ocrx_word' id='word_1_303' title='bbox 1035 2793 1115 2845; x_wconf 91' lang='lat' dir='ltr'>qui</span> <span class='ocrx_word' id='word_1_304' title='bbox 1147 2804 1174 2833; x_wconf 90' lang='lat' dir='ltr'>a</span> <span class='ocrx_word' id='word_1_305' title='bbox 1204 2792 1407 2844; x_wconf 90' lang='lat' dir='ltr'>quodam</span> <span class='ocrx_word' id='word_1_306' title='bbox 1436 2792 1636 2832; x_wconf 90' lang='lat' dir='ltr'>fratrum</span> <span class='ocrx_word' id='word_1_307' title='bbox 1656 2799 1926 2833; x_wconf 91' lang='lat' dir='ltr'>nostrorum</span> 
     </span>
     <span class='ocr_line' id='line_1_38' title="bbox 300 2862 1931 2905; baseline -0.001 -1"><span class='ocrx_word' id='word_1_308' title='bbox 300 2863 617 2904; x_wconf 84' lang='lat' dir='ltr'>catechizatus</span> <span class='ocrx_word' id='word_1_309' title='bbox 639 2871 683 2904; x_wconf 91' lang='lat' dir='ltr'>et</span> <span class='ocrx_word' id='word_1_310' title='bbox 703 2865 859 2904; x_wconf 91' lang='lat' dir='ltr'>multis</span> <span class='ocrx_word' id='word_1_311' title='bbox 881 2864 1290 2905; x_wconf 88' lang='lat' dir='ltr'>adhortationibus</span> <span class='ocrx_word' id='word_1_312' title='bbox 1319 2864 1365 2903; x_wconf 91' lang='lat' dir='ltr'>in</span> <span class='ocrx_word' id='word_1_313' title='bbox 1395 2862 1598 2903; x_wconf 92' lang='lat' dir='ltr'>Domino</span> <span class='ocrx_word' id='word_1_314' title='bbox 1627 2863 1931 2903; x_wconf 88' lang='lat' dir='ltr'>confirmatus</span> 
     </span>
    </p>
   </div>
   <div class='ocr_carea' id='block_1_3' title="bbox 352 3022 965 3058">
    <p class='ocr_par' dir='ltr' id='par_1_5' title="bbox 352 3022 965 3058">
     <span class='ocr_line' id='line_1_39' title="bbox 352 3022 965 3058; baseline 0.002 -8"><span class='ocrx_word' id='word_1_315' title='bbox 352 3022 363 3043; x_wconf 87' lang='lat'>¹</span> <span class='ocrx_word' id='word_1_316' title='bbox 402 3023 490 3051; x_wconf 86' lang='lat' dir='ltr'>Vide</span> <span class='ocrx_word' id='word_1_317' title='bbox 506 3031 624 3058; x_wconf 87' lang='lat' dir='ltr'>supra.</span> <span class='ocrx_word' id='word_1_318' title='bbox 636 3031 714 3058; x_wconf 85' lang='lat' dir='ltr'>pag.</span> <span class='ocrx_word' id='word_1_319' title='bbox 726 3024 793 3058; x_wconf 84' lang='lat'>390,</span> <span class='ocrx_word' id='word_1_320' title='bbox 808 3029 924 3052; x_wconf 85' lang='lat' dir='ltr'>annot.</span> <span class='ocrx_word' id='word_1_321' title='bbox 941 3025 965 3051; x_wconf 73' lang='lat'>1.</span> 
     </span>
    </p>
   </div>
  </div>
 </body>
</html>
