2028 3328
238 110 308 147 720
736 109 963 147 LITTERAE
987 121 1348 153 QUADmMEsrREs

321 205 569 246 Caeterum
595 206 757 246 Patres
787 218 843 246 ac
870 206 1062 246 Fratres
1094 206 1148 245 de
1184 208 1332 246 salute
1363 207 1527 247 melius
1558 207 1651 247 iam
1681 207 1869 247 habent:

240 289 383 328 porro
405 278 646 329 hucusque
668 289 761 317 non
781 278 980 326 exiguus
1001 276 1178 317 idcirco
1202 277 1465 328 insumptus
1487 284 1555 317 est
1573 278 1719 327 labor,
1740 276 1874 327 cujus

241 355 482 400 expertem
503 348 839 388 Paternitatem
860 355 989 388 tuam
1010 347 1137 387 Deus
1160 359 1368 387 summus
1395 354 1614 388 aeternus
1635 348 1712 388 diu
1739 348 1874 388 nobis

243 419 462 471 dignetur
483 431 689 460 seruare.

321 490 622 542 Methymnae
645 490 809 542 Campi
830 490 854 530 4
875 489 1112 530 Kalendas
1132 489 1383 542 januarias
1409 489 1523 529 1555.

320 562 624 602 Paternitatis
646 568 751 601 tuae
774 561 991 601 minimus
1013 566 1057 600 et
1080 559 1300 611 indignus
1322 559 1506 600 filiolus.

1368 686 1395 731 †

1049 741 1076 786 †
1104 738 1332 790 JOSEPHUS
1362 750 1423 779 DE
1454 737 1656 778 AcosTA.

323 935 675 986 Sztperscrtptso
712 934 761 973 2'12
797 937 970 985 quarta
999 933 1208 985 pagina:
1237 933 1336 987 jhs.
1366 933 1468 974 R.d0
1498 933 1765 974 Admodum
1792 933 1874 973 Pa-

243 1008 303 1047 tri
324 1014 484 1047 nostro
503 1006 730 1057 Magistro
753 1004 934 1056 Ignatio
957 1003 1012 1044 de
1033 1005 1226 1056 Loyola,
1252 1005 1526 1057 Praeposito
1553 1004 1764 1056 generali
1796 1002 1874 1044 So-

244 1131 426 1171 cietatis
445 1131 568 1184 Jesu,
592 1132 619 1177 †
640 1130 830 1170 Romae.

322 1202 433 1242 Alsa
455 1213 615 1241 manu:
650 1200 749 1241 1556
771 1200 893 1251 (sic).
918 1201 1194 1252 Methymna
1217 1200 1396 1252 Campi.
1430 1199 1824 1251 Quadrimestres.
1850 1198 1875 1237 4

245 1274 392 1313 calen.
421 1272 646 1325 Januarii.

337 1344 597 1395 If‘estsgsnm
619 1355 750 1383 cerae
771 1342 943 1394 sigilli.

910 1769 1207 1825 ODXLIV

317 1999 475 2037 Petrus
491 1999 744 2037 Ludovicus
765 1998 928 2036 Beuter

365 2064 487 2102 Patri
506 2064 675 2112 Ignatio
695 2064 748 2101 de
768 2063 953 2111 Loyola.

413 2129 632 2174 Valentia,
654 2128 700 2166 29
720 2128 980 2166 Decembris
1002 2129 1094 2166 1555
1115 2128 1141 2163 ¹.

1013 2247 1111 2325 usis

328 2408 429 2448 Pax
449 2407 640 2459 Christi,
666 2414 755 2449 etc.
1790 2462 1792 2466 7

327 2478 415 2519 Tot
435 2486 541 2520 sunt
563 2479 805 2531 beneficia,
829 2480 930 2521 R.de
955 2479 1023 2531 P.‚
1048 2491 1167 2532 quae
1190 2492 1216 2520 a
1238 2479 1339 2520 Deo
1363 2484 1457 2530 opt.
1482 2490 1607 2518 max.
1632 2477 1767 2518 nobis
1790 2476 1882 2516 col-

250 2550 362 2590 llata
396 2556 503 2590 sunt
539 2551 611 2591 his
647 2558 848 2603 quatuor
880 2551 1131 2600 mensibus,
1170 2557 1267 2591 tam
1302 2551 1349 2590 in
1385 2550 1524 2590 rebus
1558 2547 1883 2600 spiritualibus

251 2632 390 2672 quam
410 2621 456 2661 in
476 2623 826 2672 temporalibus,
851 2629 900 2663 ut
920 2634 980 2663 ex
1000 2633 1164 2662 eorum
1185 2621 1578 2672 contemplatione
1596 2620 1711 2660 satis
1728 2619 1882 2670 ampla

251 2691 438 2731 occasio
467 2691 689 2732 offeratur
718 2692 940 2733 laudandi
969 2699 1013 2733 et
1042 2691 1350 2733 benedicendi
1379 2691 1545 2740 Deum,
1581 2702 1685 2731 cum
1715 2690 1760 2730 in
1792 2689 1881 2729 hoe

252 2761 459 2812 Collegio
488 2763 642 2813 plures
670 2763 840 2803 fratres
871 2765 963 2804 sint
993 2775 1133 2815 quam
1159 2768 1297 2803 antea
1327 2762 1539 2803 solebant
1560 2773 1685 2812 esse,
1710 2767 1754 2800 et
1783 2766 1881 2800 tam

307 2919 317 2937 ¹
355 2919 603 2954 Autographae
621 2920 747 2955 duplici
761 2921 795 2948 in
811 2922 903 2957 folio,
917 2930 971 2949 nn.
985 2922 1039 2950 468
1050 2926 1083 2950 et
1098 2922 1160 2950 469.
