2028 3328
878 161 961 198 ΑΝ.
993 160 1084 200 1555
1724 162 1798 200 019

163 258 396 299 Dominus
416 259 553 311 Jesus
574 271 657 311 pro
679 270 762 299 sua
785 258 942 299 diuina
965 259 1211 298 clementia
1234 259 1491 298 christiano
1513 260 1699 299 nominc
1723 261 1791 299 in-

164 330 377 382 signitos,
402 337 451 371 vt
468 342 712 371 curramus
729 341 890 370 omnes
906 329 952 369 in
974 329 1164 369 odorem
1186 335 1528 380 vnguentorum
1547 331 1680 380 illius,
1702 343 1794 371 vno

166 413 260 451 ore,
286 402 507 442 concordi
523 401 796 453 jubilatione
818 408 861 441 et
882 406 1036 440 mente
1058 411 1259 451 syncera
1282 406 1505 451 perpetuo
1539 401 1603 440 illi
1631 401 1793 452 depro-

165 480 345 512 mentes
366 473 566 513 laudem.

208 589 210 592 y
244 542 332 583 Hic
354 543 492 583 finem
512 543 670 583 verbis
691 543 942 594 imponam,
966 542 1019 582 R.
1052 541 1119 592 P„
1158 542 1256 582 Tua
1290 541 1476 581 interim
1511 542 1793 583 Reuerentia

163 626 249 653 nos
270 614 371 654 Deo
394 622 486 666 opt.
512 626 634 654 max.
660 614 714 664 (si
735 613 903 665 placet)
925 613 1285 663 commendabit,
1315 618 1544 664 quatenus
1572 613 1790 663 dignetur

166 696 250 725 sua
273 686 573 726 inenarrabili
595 687 801 726 bonitate
823 685 959 725 nobis
979 685 1024 724 in
1046 684 1118 724 his
1148 684 1366 736 procellis
1397 684 1695 735 suppeditare
1725 684 1789 724 vi-

163 768 254 807 res,
277 768 334 796 ne
357 757 414 795 ab
436 758 590 808 aliquo
614 763 825 797 nostrum
846 767 1051 807 vnquam
1073 755 1323 795 victoriam
1344 760 1551 806 reportet
1572 755 1790 806 antiquus

162 827 324 877 hostis,
349 827 523 878 dicens,
544 827 806 879 praeualuz'
821 828 1057 867 aduersus
1074 838 1192 866 eum.
1212 826 1309 866 Nec
1327 827 1548 876 exiguam
1565 837 1694 877 spem
1711 826 1791 866 ha-

161 898 323 938 bemus
363 899 407 938 in
449 899 738 939 orationibus
778 898 956 939 R.d0¹1¹m
994 897 1185 938 Patrum
1220 909 1275 937 ac
1313 896 1533 947 fratrum,
1576 897 1652 947 qui
1690 897 1796 937 istic

164 976 325 1020 agunt,
350 970 518 1021 quibus
539 981 784 1021 speramus
804 981 891 1009 nos
915 969 1126 1009 adiutum
1148 968 1221 1008 iri.

245 1039 363 1080 Vale
384 1040 596 1091 feliciter,
620 1040 673 1081 R.
696 1041 745 1081 Ρ.
769 1041 816 1081 in
837 1040 1024 1081 Christo
1043 1040 1168 1092 Jesu,
1198 1039 1274 1079 cui
1304 1040 1453 1078 honor
1484 1047 1528 1078 et
1563 1039 1713 1089 gloria
1743 1039 1790 1078 in

162 1111 289 1150 omni
311 1123 442 1151 aeuo.

241 1181 454 1222 Lutetiae
475 1182 776 1233 Parisiorum,
801 1182 873 1222 die
894 1182 1100 1222 secunda
1120 1182 1293 1221 mensis
1315 1180 1600 1232 Septembris
1622 1181 1737 1221 1555.

242 1252 313 1292 De
335 1253 662 1293 commissione
683 1252 775 1294 Rdi
797 1252 892 1293 D.¹1i
912 1252 1066 1293 Patris
1086 1251 1348 1301 Paschasii‚

882 1396 1056 1435 Seruus
1077 1395 1445 1446 indignissimus,

947 1538 1181 1578 NICOLAUS
1212 1539 1522 1579 BELLEFILLE.

241 1754 593 1805 Superscrz'ptio
628 1755 678 1794 in
705 1757 878 1806 quarta
899 1756 1108 1806 pagina:
1138 1755 1239 1795 R.d0
1274 1757 1319 1796 in
1354 1756 1474 1807 Xpo.
1512 1757 1639 1797 Patri
1677 1756 1782 1796 ΠΡΟ

160 1825 342 1876 Ignatio
364 1826 420 1865 de
442 1825 638 1876 Loyola‚
662 1825 935 1877 Praeposito
954 1827 1173 1868 Generali
1192 1827 1443 1868 Societatis
1459 1828 1661 1868 nominis
1677 1827 1787 1880 Jesu

159 1896 206 1936 in
226 1897 419 1937 aedibus
439 1897 610 1937 Beatae
632 1897 810 1938 Mariae
831 1899 950 1938 della
972 1898 1158 1939 Strada.
1180 1899 1373 1939 Romae.

239 1967 350 2007 Alia
366 1979 530 2008 manu:
554 1967 667 2008 1555.
692 1968 898 2009 Parisiis.
923 1969 1302 2020 Quadrimestres
1322 1970 1348 2010 2
1377 1969 1679 2022 Septembris.

251 2038 512 2089 Vestigium
534 2050 665 2079 cerae
684 2039 856 2090 sigilli.
1524 2039 1526 2041 ’
