<?xml version="1.0" encoding="UTF-8"?>
<!DOCTYPE html PUBLIC "-//W3C//DTD XHTML 1.0 Transitional//EN"
    "http://www.w3.org/TR/xhtml1/DTD/xhtml1-transitional.dtd">
<html xmlns="http://www.w3.org/1999/xhtml" xml:lang="en" lang="en">
 <head>
  <title>
</title>
<meta http-equiv="Content-Type" content="text/html;charset=utf-8" />
  <meta name='ocr-system' content='tesseract 3.04.00' />
  <meta name='ocr-capabilities' content='ocr_page ocr_carea ocr_par ocr_line ocrx_word'/>
</head>
<body>
  <div class='ocr_page' id='page_1' title='image "./litteraequadrime1503lain_0646.png"; bbox 0 0 2028 3328; ppageno 0'>
   <div class='ocr_carea' id='block_1_1' title="bbox 221 156 1356 201">
    <p class='ocr_par' dir='ltr' id='par_1_1' title="bbox 221 156 1356 201">
     <span class='ocr_line' id='line_1_1' title="bbox 221 156 1356 201; baseline 0.005 -10"><span class='ocrx_word' id='word_1_1' title='bbox 221 156 293 192; x_wconf 68' lang='lat'>640</span> <span class='ocrx_word' id='word_1_2' title='bbox 752 160 977 196; x_wconf 76' lang='lat' dir='ltr'>LITTERAE</span> <span class='ocrx_word' id='word_1_3' title='bbox 998 171 1356 201; x_wconf 66' lang='lat' dir='ltr'><strong>QUADRIMESTRES</strong></span> 
     </span>
    </p>
   </div>
   <div class='ocr_carea' id='block_1_2' title="bbox 220 253 1856 2862">
    <p class='ocr_par' dir='ltr' id='par_1_2' title="bbox 220 253 1856 2152">
     <span class='ocr_line' id='line_1_2' title="bbox 225 253 1854 308; baseline 0.004 -16"><span class='ocrx_word' id='word_1_4' title='bbox 225 253 367 293; x_wconf 89' lang='lat' dir='ltr'>distat</span> <span class='ocrx_word' id='word_1_5' title='bbox 388 254 567 295; x_wconf 86' lang='lat' dir='ltr'>duobus</span> <span class='ocrx_word' id='word_1_6' title='bbox 588 256 877 297; x_wconf 81' lang='lat' dir='ltr'>milliaribus.</span> <span class='ocrx_word' id='word_1_7' title='bbox 901 257 967 297; x_wconf 84' lang='lat' dir='ltr'>Eo</span> <span class='ocrx_word' id='word_1_8' title='bbox 989 258 1129 297; x_wconf 90' lang='lat' dir='ltr'>etiam</span> <span class='ocrx_word' id='word_1_9' title='bbox 1146 257 1218 297; x_wconf 91' lang='lat' dir='ltr'>die</span> <span class='ocrx_word' id='word_1_10' title='bbox 1236 268 1318 308; x_wconf 87' lang='lat' dir='ltr'>per</span> <span class='ocrx_word' id='word_1_11' title='bbox 1340 257 1519 297; x_wconf 77' lang='lat' dir='ltr'>litteras</span> <span class='ocrx_word' id='word_1_12' title='bbox 1541 264 1736 308; x_wconf 82' lang='lat' dir='ltr'>rogatus</span> <span class='ocrx_word' id='word_1_13' title='bbox 1753 271 1854 300; x_wconf 91' lang='lat' dir='ltr'>sum</span> 
     </span>
     <span class='ocr_line' id='line_1_3' title="bbox 225 324 1853 379; baseline 0.004 -16"><span class='ocrx_word' id='word_1_14' title='bbox 225 337 251 363; x_wconf 82' lang='lat' dir='ltr'>a</span> <span class='ocrx_word' id='word_1_15' title='bbox 283 324 534 366; x_wconf 87' lang='lat' dir='ltr'>Canonicis</span> <span class='ocrx_word' id='word_1_16' title='bbox 564 333 607 367; x_wconf 90' lang='lat' dir='ltr'>et</span> <span class='ocrx_word' id='word_1_17' title='bbox 634 327 816 368; x_wconf 88' lang='lat' dir='ltr'>ciuibus</span> <span class='ocrx_word' id='word_1_18' title='bbox 845 328 1001 379; x_wconf 86' lang='lat' dir='ltr'>oppidi</span> <span class='ocrx_word' id='word_1_19' title='bbox 1028 328 1184 368; x_wconf 85' lang='lat' dir='ltr'>Lozou</span> <span class='ocrx_word' id='word_1_20' title='bbox 1215 327 1241 377; x_wconf 90' lang='lat'>¹,</span> <span class='ocrx_word' id='word_1_21' title='bbox 1273 327 1507 379; x_wconf 82' lang='lat' dir='ltr'>Episcopo</span> <span class='ocrx_word' id='word_1_22' title='bbox 1529 329 1700 369; x_wconf 90' lang='lat' dir='ltr'>subditi</span> <span class='ocrx_word' id='word_1_23' title='bbox 1731 331 1853 370; x_wconf 88' lang='lat' dir='ltr'>ciuili</span> 
     </span>
     <span class='ocr_line' id='line_1_4' title="bbox 220 394 1854 450; baseline 0.004 -15"><span class='ocrx_word' id='word_1_24' title='bbox 220 394 338 445; x_wconf 85' lang='lat' dir='ltr'>jure,</span> <span class='ocrx_word' id='word_1_25' title='bbox 363 396 409 436; x_wconf 92' lang='lat' dir='ltr'>in</span> <span class='ocrx_word' id='word_1_26' title='bbox 431 397 571 437; x_wconf 87' lang='lat' dir='ltr'>ferias</span> <span class='ocrx_word' id='word_1_27' title='bbox 591 397 647 438; x_wconf 88' lang='lat' dir='ltr'>D.</span> <span class='ocrx_word' id='word_1_28' title='bbox 672 398 879 449; x_wconf 82' lang='lat' dir='ltr'>Taurini,</span> <span class='ocrx_word' id='word_1_29' title='bbox 903 400 1001 439; x_wconf 89' lang='lat' dir='ltr'>eius</span> <span class='ocrx_word' id='word_1_30' title='bbox 1029 399 1117 438; x_wconf 91' lang='lat' dir='ltr'>loci</span> <span class='ocrx_word' id='word_1_31' title='bbox 1147 398 1346 450; x_wconf 90' lang='lat' dir='ltr'>patroni,</span> <span class='ocrx_word' id='word_1_32' title='bbox 1376 399 1536 450; x_wconf 90' lang='lat' dir='ltr'>quinto</span> <span class='ocrx_word' id='word_1_33' title='bbox 1567 397 1854 450; x_wconf 76' lang='lat' dir='ltr'>Septembris</span> 
     </span>
     <span class='ocr_line' id='line_1_5' title="bbox 225 467 1851 521; baseline 0.003 -15"><span class='ocrx_word' id='word_1_34' title='bbox 225 467 544 517; x_wconf 89' lang='lat' dir='ltr'>celebrandas,</span> <span class='ocrx_word' id='word_1_35' title='bbox 574 469 739 519; x_wconf 89' lang='lat' dir='ltr'>quibus</span> <span class='ocrx_word' id='word_1_36' title='bbox 764 470 908 520; x_wconf 89' lang='lat' dir='ltr'>petita</span> <span class='ocrx_word' id='word_1_37' title='bbox 935 470 1146 521; x_wconf 88' lang='lat' dir='ltr'>praestiti</span> <span class='ocrx_word' id='word_1_38' title='bbox 1174 469 1427 509; x_wconf 89' lang='lat' dir='ltr'>honorifice</span> <span class='ocrx_word' id='word_1_39' title='bbox 1454 481 1480 509; x_wconf 92' lang='lat' dir='ltr'>a</span> <span class='ocrx_word' id='word_1_40' title='bbox 1507 469 1750 511; x_wconf 77' lang='lat' dir='ltr'>Praefecto</span> <span class='ocrx_word' id='word_1_41' title='bbox 1777 483 1851 512; x_wconf 85' lang='lat' dir='ltr'>ex-</span> 
     </span>
     <span class='ocr_line' id='line_1_6' title="bbox 224 537 1854 593; baseline 0.003 -17"><span class='ocrx_word' id='word_1_42' title='bbox 224 543 401 589; x_wconf 90' lang='lat' dir='ltr'>ceptus.</span> <span class='ocrx_word' id='word_1_43' title='bbox 426 537 569 579; x_wconf 80' lang='lat' dir='ltr'>Sexto</span> <span class='ocrx_word' id='word_1_44' title='bbox 589 537 888 591; x_wconf 83' lang='lat' dir='ltr'>Septembris,</span> <span class='ocrx_word' id='word_1_45' title='bbox 911 552 1112 591; x_wconf 88' lang='lat' dir='ltr'>pransus</span> <span class='ocrx_word' id='word_1_46' title='bbox 1128 540 1307 591; x_wconf 90' lang='lat' dir='ltr'>negotii</span> <span class='ocrx_word' id='word_1_47' title='bbox 1323 540 1545 591; x_wconf 89' lang='lat' dir='ltr'>spiritalis</span> <span class='ocrx_word' id='word_1_48' title='bbox 1561 541 1714 591; x_wconf 89' lang='lat' dir='ltr'>gratia</span> <span class='ocrx_word' id='word_1_49' title='bbox 1732 543 1854 593; x_wconf 89' lang='lat' dir='ltr'>apud</span> 
     </span>
     <span class='ocr_line' id='line_1_7' title="bbox 224 607 1854 662; baseline 0.002 -14"><span class='ocrx_word' id='word_1_50' title='bbox 224 607 474 649; x_wconf 80' lang='lat' dir='ltr'>Dominam</span> <span class='ocrx_word' id='word_1_51' title='bbox 495 609 668 650; x_wconf 89' lang='lat' dir='ltr'>Montis</span> <span class='ocrx_word' id='word_1_52' title='bbox 694 610 877 660; x_wconf 91' lang='lat' dir='ltr'>Morini,</span> <span class='ocrx_word' id='word_1_53' title='bbox 906 617 1009 662; x_wconf 88' lang='lat' dir='ltr'>post</span> <span class='ocrx_word' id='word_1_54' title='bbox 1038 611 1285 651; x_wconf 91' lang='lat' dir='ltr'>lectionem</span> <span class='ocrx_word' id='word_1_55' title='bbox 1312 611 1626 662; x_wconf 83' lang='lat' dir='ltr'>theologicam</span> <span class='ocrx_word' id='word_1_56' title='bbox 1657 614 1854 652; x_wconf 85' lang='lat' dir='ltr'>accersi-</span> 
     </span>
     <span class='ocr_line' id='line_1_8' title="bbox 225 680 1853 734; baseline 0.002 -15"><span class='ocrx_word' id='word_1_57' title='bbox 225 688 300 719; x_wconf 87' lang='lat' dir='ltr'>tus</span> <span class='ocrx_word' id='word_1_58' title='bbox 320 691 422 720; x_wconf 89' lang='lat' dir='ltr'>sum</span> <span class='ocrx_word' id='word_1_59' title='bbox 444 692 470 720; x_wconf 93' lang='lat' dir='ltr'>a</span> <span class='ocrx_word' id='word_1_60' title='bbox 487 680 895 721; x_wconf 87' lang='lat' dir='ltr'>Reuerendissimo</span> <span class='ocrx_word' id='word_1_61' title='bbox 918 681 1120 721; x_wconf 90' lang='lat' dir='ltr'>Domino</span> <span class='ocrx_word' id='word_1_62' title='bbox 1141 682 1441 733; x_wconf 86' lang='lat' dir='ltr'>Euscopiam.</span> <span class='ocrx_word' id='word_1_63' title='bbox 1471 683 1595 734; x_wconf 90' lang='lat' dir='ltr'>apud</span> <span class='ocrx_word' id='word_1_64' title='bbox 1616 695 1754 734; x_wconf 89' lang='lat' dir='ltr'>quem</span> <span class='ocrx_word' id='word_1_65' title='bbox 1775 683 1853 723; x_wconf 92' lang='lat' dir='ltr'>ho—</span> 
     </span>
     <span class='ocr_line' id='line_1_9' title="bbox 224 751 1853 804; baseline 0.002 -14"><span class='ocrx_word' id='word_1_66' title='bbox 224 751 438 802; x_wconf 86' lang='lat' dir='ltr'>spitatus,</span> <span class='ocrx_word' id='word_1_67' title='bbox 463 751 685 802; x_wconf 80' lang='lat' dir='ltr'>postridie</span> <span class='ocrx_word' id='word_1_68' title='bbox 707 751 939 803; x_wconf 85' lang='lat' dir='ltr'>Ryomum</span> <span class='ocrx_word' id='word_1_69' title='bbox 961 752 1198 803; x_wconf 83' lang='lat' dir='ltr'>profectus</span> <span class='ocrx_word' id='word_1_70' title='bbox 1219 764 1335 792; x_wconf 87' lang='lat' dir='ltr'>sum.</span> <span class='ocrx_word' id='word_1_71' title='bbox 1355 753 1516 804; x_wconf 90' lang='lat' dir='ltr'>Itaque</span> <span class='ocrx_word' id='word_1_72' title='bbox 1531 753 1661 793; x_wconf 77' lang='lat' dir='ltr'>feriis</span> <span class='ocrx_word' id='word_1_73' title='bbox 1678 754 1853 794; x_wconf 69' lang='lat' dir='ltr'>Natiui</span> 
     </span>
     <span class='ocr_line' id='line_1_10' title="bbox 224 821 1853 875; baseline 0.002 -14"><span class='ocrx_word' id='word_1_74' title='bbox 224 821 333 861; x_wconf 88' lang='lat' dir='ltr'>tatis</span> <span class='ocrx_word' id='word_1_75' title='bbox 355 821 528 862; x_wconf 85' lang='lat' dir='ltr'>Sacrae</span> <span class='ocrx_word' id='word_1_76' title='bbox 549 822 761 873; x_wconf 84' lang='lat' dir='ltr'>Virginis</span> <span class='ocrx_word' id='word_1_77' title='bbox 782 823 914 862; x_wconf 86' lang='lat' dir='ltr'>binas</span> <span class='ocrx_word' id='word_1_78' title='bbox 937 822 1059 874; x_wconf 81' lang='lat' dir='ltr'>apud</span> <span class='ocrx_word' id='word_1_79' title='bbox 1081 822 1137 863; x_wconf 90' lang='lat' dir='ltr'>D.</span> <span class='ocrx_word' id='word_1_80' title='bbox 1164 823 1409 874; x_wconf 83' lang='lat' dir='ltr'>Virginem</span> <span class='ocrx_word' id='word_1_81' title='bbox 1431 825 1681 865; x_wconf 89' lang='lat' dir='ltr'>conciones</span> <span class='ocrx_word' id='word_1_82' title='bbox 1697 825 1853 875; x_wconf 88' lang='lat' dir='ltr'>habui,</span> 
     </span>
     <span class='ocr_line' id='line_1_11' title="bbox 229 893 1854 948; baseline 0.002 -16"><span class='ocrx_word' id='word_1_83' title='bbox 229 904 371 943; x_wconf 89' lang='lat' dir='ltr'>quum</span> <span class='ocrx_word' id='word_1_84' title='bbox 393 893 532 933; x_wconf 83' lang='lat' dir='ltr'>Vnica</span> <span class='ocrx_word' id='word_1_85' title='bbox 554 894 713 933; x_wconf 88' lang='lat' dir='ltr'>haberi</span> <span class='ocrx_word' id='word_1_86' title='bbox 736 894 871 933; x_wconf 89' lang='lat' dir='ltr'>solita</span> <span class='ocrx_word' id='word_1_87' title='bbox 893 894 966 943; x_wconf 89' lang='lat' dir='ltr'>sit,</span> <span class='ocrx_word' id='word_1_88' title='bbox 990 905 1095 933; x_wconf 88' lang='lat' dir='ltr'>cum</span> <span class='ocrx_word' id='word_1_89' title='bbox 1116 900 1246 934; x_wconf 90' lang='lat' dir='ltr'>tanto</span> <span class='ocrx_word' id='word_1_90' title='bbox 1268 895 1427 946; x_wconf 90' lang='lat' dir='ltr'>populi</span> <span class='ocrx_word' id='word_1_91' title='bbox 1455 895 1688 946; x_wconf 85' lang='lat' dir='ltr'>confluxu,</span> <span class='ocrx_word' id='word_1_92' title='bbox 1712 908 1854 948; x_wconf 91' lang='lat' dir='ltr'>quan-</span> 
     </span>
     <span class='ocr_line' id='line_1_12' title="bbox 226 964 1851 1018; baseline 0.002 -15"><span class='ocrx_word' id='word_1_93' title='bbox 226 969 323 1003; x_wconf 86' lang='lat' dir='ltr'>tum</span> <span class='ocrx_word' id='word_1_94' title='bbox 344 964 477 1003; x_wconf 90' lang='lat' dir='ltr'>locus</span> <span class='ocrx_word' id='word_1_95' title='bbox 499 976 666 1015; x_wconf 85' lang='lat' dir='ltr'>capere</span> <span class='ocrx_word' id='word_1_96' title='bbox 688 965 850 1015; x_wconf 91' lang='lat' dir='ltr'>potuit.</span> <span class='ocrx_word' id='word_1_97' title='bbox 882 964 1122 1015; x_wconf 81' lang='lat' dir='ltr'>Canonici,</span> <span class='ocrx_word' id='word_1_98' title='bbox 1147 977 1252 1005; x_wconf 93' lang='lat' dir='ltr'>cum</span> <span class='ocrx_word' id='word_1_99' title='bbox 1279 965 1542 1017; x_wconf 87' lang='lat' dir='ltr'>Praepositi</span> <span class='ocrx_word' id='word_1_100' title='bbox 1569 967 1851 1018; x_wconf 89' lang='lat' dir='ltr'>praesentia,</span> 
     </span>
     <span class='ocr_line' id='line_1_13' title="bbox 223 1034 1854 1089; baseline 0.003 -16"><span class='ocrx_word' id='word_1_101' title='bbox 223 1034 390 1085; x_wconf 88' lang='lat' dir='ltr'>gratiis</span> <span class='ocrx_word' id='word_1_102' title='bbox 411 1035 543 1084; x_wconf 90' lang='lat' dir='ltr'>actis,</span> <span class='ocrx_word' id='word_1_103' title='bbox 566 1035 878 1074; x_wconf 83' lang='lat' dir='ltr'>nummarium</span> <span class='ocrx_word' id='word_1_104' title='bbox 899 1035 1180 1087; x_wconf 86' lang='lat' dir='ltr'>stipendium</span> <span class='ocrx_word' id='word_1_105' title='bbox 1204 1037 1469 1077; x_wconf 87' lang='lat' dir='ltr'>obtulerunt</span> <span class='ocrx_word' id='word_1_106' title='bbox 1491 1037 1617 1087; x_wconf 89' lang='lat' dir='ltr'>mihi,</span> <span class='ocrx_word' id='word_1_107' title='bbox 1637 1038 1714 1089; x_wconf 92' lang='lat' dir='ltr'>qui</span> <span class='ocrx_word' id='word_1_108' title='bbox 1731 1038 1854 1078; x_wconf 88' lang='lat' dir='ltr'>dole-</span> 
     </span>
     <span class='ocr_line' id='line_1_14' title="bbox 223 1105 1855 1160; baseline 0.003 -16"><span class='ocrx_word' id='word_1_109' title='bbox 223 1105 336 1145; x_wconf 85' lang='lat' dir='ltr'>bant</span> <span class='ocrx_word' id='word_1_110' title='bbox 357 1117 428 1145; x_wconf 92' lang='lat' dir='ltr'>me</span> <span class='ocrx_word' id='word_1_111' title='bbox 450 1105 563 1145; x_wconf 89' lang='lat' dir='ltr'>nihil</span> <span class='ocrx_word' id='word_1_112' title='bbox 585 1106 843 1153; x_wconf 85' lang='lat' dir='ltr'>admittere;</span> <span class='ocrx_word' id='word_1_113' title='bbox 869 1113 916 1146; x_wconf 90' lang='lat' dir='ltr'>at</span> <span class='ocrx_word' id='word_1_114' title='bbox 938 1106 1061 1146; x_wconf 91' lang='lat' dir='ltr'>hunc</span> <span class='ocrx_word' id='word_1_115' title='bbox 1079 1106 1327 1147; x_wconf 88' lang='lat' dir='ltr'>Societatis</span> <span class='ocrx_word' id='word_1_116' title='bbox 1348 1119 1527 1148; x_wconf 91' lang='lat' dir='ltr'>morem</span> <span class='ocrx_word' id='word_1_117' title='bbox 1544 1120 1646 1148; x_wconf 90' lang='lat' dir='ltr'>esse</span> <span class='ocrx_word' id='word_1_118' title='bbox 1666 1120 1855 1160; x_wconf 91' lang='lat' dir='ltr'>respon-</span> 
     </span>
     <span class='ocr_line' id='line_1_15' title="bbox 224 1176 1852 1231; baseline 0.003 -16"><span class='ocrx_word' id='word_1_119' title='bbox 224 1176 284 1223; x_wconf 89' lang='lat' dir='ltr'>di,</span> <span class='ocrx_word' id='word_1_120' title='bbox 316 1187 374 1216; x_wconf 92' lang='lat' dir='ltr'>ne</span> <span class='ocrx_word' id='word_1_121' title='bbox 406 1177 604 1227; x_wconf 90' lang='lat' dir='ltr'>amplius</span> <span class='ocrx_word' id='word_1_122' title='bbox 630 1183 868 1227; x_wconf 76' lang='lat' dir='ltr'>Vrgerent3</span> <span class='ocrx_word' id='word_1_123' title='bbox 898 1176 1197 1229; x_wconf 66' lang='lat' dir='ltr'>praepositus</span> <span class='ocrx_word' id='word_1_124' title='bbox 1228 1178 1284 1218; x_wconf 92' lang='lat' dir='ltr'>D.</span> <span class='ocrx_word' id='word_1_125' title='bbox 1315 1178 1530 1230; x_wconf 82' lang='lat' dir='ltr'>Virginis</span> <span class='ocrx_word' id='word_1_126' title='bbox 1556 1178 1852 1231; x_wconf 76' lang='lat' dir='ltr'>Ryomens1s,</span> 
     </span>
     <span class='ocr_line' id='line_1_16' title="bbox 224 1247 1855 1302; baseline 0.003 -16"><span class='ocrx_word' id='word_1_127' title='bbox 224 1247 431 1287; x_wconf 89' lang='lat' dir='ltr'>studiosa</span> <span class='ocrx_word' id='word_1_128' title='bbox 452 1247 653 1299; x_wconf 90' lang='lat' dir='ltr'>quadam</span> <span class='ocrx_word' id='word_1_129' title='bbox 681 1249 992 1289; x_wconf 87' lang='lat' dir='ltr'>aemulatione</span> <span class='ocrx_word' id='word_1_130' title='bbox 1022 1249 1305 1301; x_wconf 87' lang='lat' dir='ltr'>alteriusque</span> <span class='ocrx_word' id='word_1_131' title='bbox 1335 1250 1504 1300; x_wconf 90' lang='lat' dir='ltr'>prioris</span> <span class='ocrx_word' id='word_1_132' title='bbox 1531 1251 1728 1302; x_wconf 89' lang='lat' dir='ltr'>hospitis</span> <span class='ocrx_word' id='word_1_133' title='bbox 1758 1263 1855 1302; x_wconf 90' lang='lat' dir='ltr'>per-</span> 
     </span>
     <span class='ocr_line' id='line_1_17' title="bbox 223 1318 1852 1373; baseline 0.003 -16"><span class='ocrx_word' id='word_1_134' title='bbox 223 1318 459 1368; x_wconf 79' lang='lat' dir='ltr'>missione,</span> <span class='ocrx_word' id='word_1_135' title='bbox 489 1330 562 1358; x_wconf 93' lang='lat' dir='ltr'>me</span> <span class='ocrx_word' id='word_1_136' title='bbox 595 1319 640 1358; x_wconf 91' lang='lat' dir='ltr'>in</span> <span class='ocrx_word' id='word_1_137' title='bbox 670 1319 833 1359; x_wconf 91' lang='lat' dir='ltr'>alienis</span> <span class='ocrx_word' id='word_1_138' title='bbox 862 1320 1054 1360; x_wconf 90' lang='lat' dir='ltr'>aedibus</span> <span class='ocrx_word' id='word_1_139' title='bbox 1079 1320 1311 1371; x_wconf 88' lang='lat' dir='ltr'>hospitari</span> <span class='ocrx_word' id='word_1_140' title='bbox 1337 1321 1529 1361; x_wconf 89' lang='lat' dir='ltr'>minime</span> <span class='ocrx_word' id='word_1_141' title='bbox 1564 1333 1732 1373; x_wconf 91' lang='lat' dir='ltr'>passus</span> <span class='ocrx_word' id='word_1_142' title='bbox 1768 1329 1852 1363; x_wconf 90' lang='lat' dir='ltr'>est.</span> 
     </span>
     <span class='ocr_line' id='line_1_18' title="bbox 223 1389 1853 1444; baseline 0.003 -16"><span class='ocrx_word' id='word_1_143' title='bbox 223 1389 382 1440; x_wconf 88' lang='lat' dir='ltr'>Itaque</span> <span class='ocrx_word' id='word_1_144' title='bbox 403 1389 588 1429; x_wconf 89' lang='lat' dir='ltr'>aedium</span> <span class='ocrx_word' id='word_1_145' title='bbox 609 1390 743 1441; x_wconf 92' lang='lat' dir='ltr'>copia</span> <span class='ocrx_word' id='word_1_146' title='bbox 765 1390 880 1430; x_wconf 91' lang='lat' dir='ltr'>mihi</span> <span class='ocrx_word' id='word_1_147' title='bbox 901 1390 1106 1441; x_wconf 86' lang='lat' dir='ltr'>offertur,</span> <span class='ocrx_word' id='word_1_148' title='bbox 1130 1391 1298 1442; x_wconf 90' lang='lat' dir='ltr'>piaque</span> <span class='ocrx_word' id='word_1_149' title='bbox 1326 1392 1381 1432; x_wconf 90' lang='lat' dir='ltr'>de</span> <span class='ocrx_word' id='word_1_150' title='bbox 1410 1392 1599 1444; x_wconf 89' lang='lat' dir='ltr'>hospitii</span> <span class='ocrx_word' id='word_1_151' title='bbox 1621 1393 1853 1434; x_wconf 90' lang='lat' dir='ltr'>oblatione</span> 
     </span>
     <span class='ocr_line' id='line_1_19' title="bbox 223 1460 1856 1516; baseline 0.003 -17"><span class='ocrx_word' id='word_1_152' title='bbox 223 1460 343 1500; x_wconf 88' lang='lat' dir='ltr'>inter</span> <span class='ocrx_word' id='word_1_153' title='bbox 370 1462 634 1511; x_wconf 90' lang='lat' dir='ltr'>complures</span> <span class='ocrx_word' id='word_1_154' title='bbox 661 1461 905 1501; x_wconf 85' lang='lat' dir='ltr'>altercatio</span> <span class='ocrx_word' id='word_1_155' title='bbox 933 1462 996 1502; x_wconf 90' lang='lat' dir='ltr'>fit.</span> <span class='ocrx_word' id='word_1_156' title='bbox 1026 1461 1327 1513; x_wconf 88' lang='lat' dir='ltr'>Praepositus</span> <span class='ocrx_word' id='word_1_157' title='bbox 1353 1463 1410 1503; x_wconf 93' lang='lat' dir='ltr'>D.</span> <span class='ocrx_word' id='word_1_158' title='bbox 1441 1462 1670 1515; x_wconf 90' lang='lat' dir='ltr'>Virginis,</span> <span class='ocrx_word' id='word_1_159' title='bbox 1703 1464 1781 1516; x_wconf 93' lang='lat' dir='ltr'>qui</span> <span class='ocrx_word' id='word_1_160' title='bbox 1812 1470 1856 1504; x_wconf 91' lang='lat' dir='ltr'>et</span> 
     </span>
     <span class='ocr_line' id='line_1_20' title="bbox 223 1530 1855 1584; baseline 0.003 -14"><span class='ocrx_word' id='word_1_161' title='bbox 223 1530 490 1571; x_wconf 89' lang='lat' dir='ltr'>Canonicus</span> <span class='ocrx_word' id='word_1_162' title='bbox 511 1532 634 1572; x_wconf 89' lang='lat' dir='ltr'>sacri</span> <span class='ocrx_word' id='word_1_163' title='bbox 655 1533 814 1572; x_wconf 89' lang='lat' dir='ltr'>sacelli</span> <span class='ocrx_word' id='word_1_164' title='bbox 834 1532 1130 1584; x_wconf 83' lang='lat' dir='ltr'>Ryomensis,</span> <span class='ocrx_word' id='word_1_165' title='bbox 1160 1545 1342 1574; x_wconf 89' lang='lat' dir='ltr'>summo</span> <span class='ocrx_word' id='word_1_166' title='bbox 1364 1534 1533 1574; x_wconf 84' lang='lat' dir='ltr'>affectu</span> <span class='ocrx_word' id='word_1_167' title='bbox 1559 1535 1855 1575; x_wconf 87' lang='lat' dir='ltr'>desiderabat</span> 
     </span>
     <span class='ocr_line' id='line_1_21' title="bbox 222 1602 1850 1647; baseline 0.003 -5"><span class='ocrx_word' id='word_1_168' title='bbox 222 1602 349 1643; x_wconf 83' lang='lat' dir='ltr'>feriis</span> <span class='ocrx_word' id='word_1_169' title='bbox 370 1603 682 1643; x_wconf 83' lang='lat' dir='ltr'>Exaltationis</span> <span class='ocrx_word' id='word_1_170' title='bbox 698 1603 900 1644; x_wconf 88' lang='lat' dir='ltr'>Sanctae</span> <span class='ocrx_word' id='word_1_171' title='bbox 918 1604 1082 1645; x_wconf 89' lang='lat' dir='ltr'>Crucis</span> <span class='ocrx_word' id='word_1_172' title='bbox 1098 1606 1354 1645; x_wconf 89' lang='lat' dir='ltr'>solemnem</span> <span class='ocrx_word' id='word_1_173' title='bbox 1370 1606 1496 1646; x_wconf 89' lang='lat' dir='ltr'>illam</span> <span class='ocrx_word' id='word_1_174' title='bbox 1513 1606 1788 1647; x_wconf 90' lang='lat' dir='ltr'>concionem</span> <span class='ocrx_word' id='word_1_175' title='bbox 1803 1607 1850 1647; x_wconf 93' lang='lat' dir='ltr'>in</span> 
     </span>
     <span class='ocr_line' id='line_1_22' title="bbox 223 1674 1854 1728; baseline 0.002 -15"><span class='ocrx_word' id='word_1_176' title='bbox 223 1685 359 1714; x_wconf 89' lang='lat' dir='ltr'>sacro</span> <span class='ocrx_word' id='word_1_177' title='bbox 381 1676 553 1714; x_wconf 87' lang='lat' dir='ltr'>sacello</span> <span class='ocrx_word' id='word_1_178' title='bbox 574 1674 838 1715; x_wconf 87' lang='lat' dir='ltr'>habendam</span> <span class='ocrx_word' id='word_1_179' title='bbox 862 1675 1044 1727; x_wconf 85' lang='lat' dir='ltr'>offerre;</span> <span class='ocrx_word' id='word_1_180' title='bbox 1067 1688 1232 1716; x_wconf 88' lang='lat' dir='ltr'>verum</span> <span class='ocrx_word' id='word_1_181' title='bbox 1254 1677 1362 1728; x_wconf 91' lang='lat' dir='ltr'>quia</span> <span class='ocrx_word' id='word_1_182' title='bbox 1391 1676 1576 1717; x_wconf 85' lang='lat' dir='ltr'>Biliomi</span> <span class='ocrx_word' id='word_1_183' title='bbox 1602 1677 1854 1718; x_wconf 88' lang='lat' dir='ltr'>solemnior</span> 
     </span>
     <span class='ocr_line' id='line_1_23' title="bbox 224 1744 1851 1799; baseline 0.002 -15"><span class='ocrx_word' id='word_1_184' title='bbox 224 1744 378 1795; x_wconf 86' lang='lat' dir='ltr'>agitur</span> <span class='ocrx_word' id='word_1_185' title='bbox 399 1745 643 1794; x_wconf 86' lang='lat' dir='ltr'>festiuitas,</span> <span class='ocrx_word' id='word_1_186' title='bbox 675 1758 760 1786; x_wconf 92' lang='lat' dir='ltr'>nec</span> <span class='ocrx_word' id='word_1_187' title='bbox 789 1747 888 1798; x_wconf 91' lang='lat' dir='ltr'>ipse</span> <span class='ocrx_word' id='word_1_188' title='bbox 915 1747 1030 1786; x_wconf 90' lang='lat' dir='ltr'>satis</span> <span class='ocrx_word' id='word_1_189' title='bbox 1057 1759 1199 1787; x_wconf 90' lang='lat' dir='ltr'>ausus</span> <span class='ocrx_word' id='word_1_190' title='bbox 1228 1753 1298 1787; x_wconf 90' lang='lat' dir='ltr'>est</span> <span class='ocrx_word' id='word_1_191' title='bbox 1328 1759 1401 1787; x_wconf 90' lang='lat' dir='ltr'>me</span> <span class='ocrx_word' id='word_1_192' title='bbox 1428 1748 1645 1799; x_wconf 90' lang='lat' dir='ltr'>precibus</span> <span class='ocrx_word' id='word_1_193' title='bbox 1665 1759 1851 1799; x_wconf 86' lang='lat' dir='ltr'>Vrgere,</span> 
     </span>
     <span class='ocr_line' id='line_1_24' title="bbox 222 1816 1853 1869; baseline 0.002 -14"><span class='ocrx_word' id='word_1_194' title='bbox 222 1828 308 1856; x_wconf 92' lang='lat' dir='ltr'>nec</span> <span class='ocrx_word' id='word_1_195' title='bbox 331 1827 418 1867; x_wconf 86' lang='lat' dir='ltr'>ego</span> <span class='ocrx_word' id='word_1_196' title='bbox 439 1816 567 1868; x_wconf 90' lang='lat' dir='ltr'>potui</span> <span class='ocrx_word' id='word_1_197' title='bbox 594 1817 741 1868; x_wconf 89' lang='lat' dir='ltr'>ipsius</span> <span class='ocrx_word' id='word_1_198' title='bbox 769 1818 894 1857; x_wconf 87' lang='lat' dir='ltr'>votis</span> <span class='ocrx_word' id='word_1_199' title='bbox 922 1817 1189 1869; x_wconf 74' lang='lat' dir='ltr'>suffragari3</span> <span class='ocrx_word' id='word_1_200' title='bbox 1219 1830 1327 1858; x_wconf 89' lang='lat' dir='ltr'>nam</span> <span class='ocrx_word' id='word_1_201' title='bbox 1356 1826 1400 1858; x_wconf 92' lang='lat' dir='ltr'>et</span> <span class='ocrx_word' id='word_1_202' title='bbox 1426 1819 1555 1859; x_wconf 89' lang='lat' dir='ltr'>feriis</span> <span class='ocrx_word' id='word_1_203' title='bbox 1583 1818 1853 1860; x_wconf 87' lang='lat' dir='ltr'>Natiuitatis</span> 
     </span>
     <span class='ocr_line' id='line_1_25' title="bbox 224 1887 1851 1941; baseline 0.002 -15"><span class='ocrx_word' id='word_1_204' title='bbox 224 1887 268 1926; x_wconf 92' lang='lat' dir='ltr'>V</span> <span class='ocrx_word' id='word_1_205' title='bbox 271 1887 496 1937; x_wconf 82' lang='lat' dir='ltr'>irgineae,</span> <span class='ocrx_word' id='word_1_206' title='bbox 525 1887 845 1937; x_wconf 87' lang='lat' dir='ltr'>Biliomenses,</span> <span class='ocrx_word' id='word_1_207' title='bbox 873 1888 981 1928; x_wconf 91' lang='lat' dir='ltr'>licet</span> <span class='ocrx_word' id='word_1_208' title='bbox 1012 1890 1159 1928; x_wconf 88' lang='lat' dir='ltr'>altero</span> <span class='ocrx_word' id='word_1_209' title='bbox 1192 1889 1526 1930; x_wconf 90' lang='lat' dir='ltr'>concionatore</span> <span class='ocrx_word' id='word_1_210' title='bbox 1554 1890 1675 1939; x_wconf 86' lang='lat' dir='ltr'>freti,</span> <span class='ocrx_word' id='word_1_211' title='bbox 1710 1901 1851 1941; x_wconf 89' lang='lat' dir='ltr'>aegre</span> 
     </span>
     <span class='ocr_line' id='line_1_26' title="bbox 224 1958 1852 2011; baseline 0.002 -14"><span class='ocrx_word' id='word_1_212' title='bbox 224 1959 426 1998; x_wconf 79' lang='lat' dir='ltr'>tulerant</span> <span class='ocrx_word' id='word_1_213' title='bbox 446 1958 782 2010; x_wconf 83' lang='lat' dir='ltr'>Ryomensium</span> <span class='ocrx_word' id='word_1_214' title='bbox 810 1967 935 1999; x_wconf 87' lang='lat' dir='ltr'>vota.</span> <span class='ocrx_word' id='word_1_215' title='bbox 966 1958 1109 2011; x_wconf 89' lang='lat' dir='ltr'>Atqui</span> <span class='ocrx_word' id='word_1_216' title='bbox 1139 1960 1245 2011; x_wconf 90' lang='lat' dir='ltr'>piae</span> <span class='ocrx_word' id='word_1_217' title='bbox 1274 1961 1577 2001; x_wconf 89' lang='lat' dir='ltr'>aemulationi</span> <span class='ocrx_word' id='word_1_218' title='bbox 1599 1961 1754 2001; x_wconf 90' lang='lat' dir='ltr'>omnia</span> <span class='ocrx_word' id='word_1_219' title='bbox 1775 1962 1852 2001; x_wconf 89' lang='lat' dir='ltr'>tri—</span> 
     </span>
     <span class='ocr_line' id='line_1_27' title="bbox 222 2029 1853 2084; baseline 0.002 -16"><span class='ocrx_word' id='word_1_220' title='bbox 222 2029 382 2079; x_wconf 75' lang='lat' dir='ltr'>buens,</span> <span class='ocrx_word' id='word_1_221' title='bbox 405 2029 725 2080; x_wconf 87' lang='lat' dir='ltr'>Biliomenses‚</span> <span class='ocrx_word' id='word_1_222' title='bbox 749 2030 1019 2081; x_wconf 87' lang='lat' dir='ltr'>neutiquam</span> <span class='ocrx_word' id='word_1_223' title='bbox 1047 2042 1161 2082; x_wconf 90' lang='lat' dir='ltr'>erga</span> <span class='ocrx_word' id='word_1_224' title='bbox 1183 2043 1256 2071; x_wconf 91' lang='lat' dir='ltr'>me</span> <span class='ocrx_word' id='word_1_225' title='bbox 1285 2031 1502 2083; x_wconf 88' lang='lat' dir='ltr'>offensos,</span> <span class='ocrx_word' id='word_1_226' title='bbox 1532 2033 1715 2072; x_wconf 86' lang='lat' dir='ltr'>ratione</span> <span class='ocrx_word' id='word_1_227' title='bbox 1743 2033 1853 2084; x_wconf 90' lang='lat' dir='ltr'>legi-</span> 
     </span>
     <span class='ocr_line' id='line_1_28' title="bbox 222 2100 538 2152; baseline 0.009 -14"><span class='ocrx_word' id='word_1_228' title='bbox 222 2100 334 2140; x_wconf 84' lang='lat' dir='ltr'>tima</span> <span class='ocrx_word' id='word_1_229' title='bbox 354 2101 538 2152; x_wconf 89' lang='lat' dir='ltr'>pacaui.</span> 
     </span>
    </p>

    <p class='ocr_par' dir='ltr' id='par_1_3' title="bbox 221 2170 1855 2862">
     <span class='ocr_line' id='line_1_29' title="bbox 300 2170 1855 2226; baseline 0.003 -15"><span class='ocrx_word' id='word_1_230' title='bbox 300 2170 405 2211; x_wconf 91' lang='lat' dir='ltr'>Non</span> <span class='ocrx_word' id='word_1_231' title='bbox 428 2172 564 2223; x_wconf 91' lang='lat' dir='ltr'>pauci</span> <span class='ocrx_word' id='word_1_232' title='bbox 586 2184 642 2212; x_wconf 78' lang='lat' dir='ltr'>ex</span> <span class='ocrx_word' id='word_1_233' title='bbox 664 2173 768 2212; x_wconf 87' lang='lat' dir='ltr'>aliis</span> <span class='ocrx_word' id='word_1_234' title='bbox 793 2173 1060 2213; x_wconf 88' lang='lat' dir='ltr'>ciuitatibus</span> <span class='ocrx_word' id='word_1_235' title='bbox 1081 2184 1136 2213; x_wconf 93' lang='lat' dir='ltr'>ac</span> <span class='ocrx_word' id='word_1_236' title='bbox 1160 2173 1275 2214; x_wconf 90' lang='lat' dir='ltr'>locis</span> <span class='ocrx_word' id='word_1_237' title='bbox 1292 2174 1351 2214; x_wconf 89' lang='lat' dir='ltr'>ad</span> <span class='ocrx_word' id='word_1_238' title='bbox 1372 2175 1573 2226; x_wconf 88' lang='lat' dir='ltr'>primum</span> <span class='ocrx_word' id='word_1_239' title='bbox 1591 2175 1764 2215; x_wconf 90' lang='lat' dir='ltr'>missae</span> <span class='ocrx_word' id='word_1_240' title='bbox 1785 2186 1855 2215; x_wconf 90' lang='lat' dir='ltr'>sa-</span> 
     </span>
     <span class='ocr_line' id='line_1_30' title="bbox 222 2242 1855 2296; baseline 0.003 -15"><span class='ocrx_word' id='word_1_241' title='bbox 222 2242 463 2294; x_wconf 82' lang='lat' dir='ltr'>crificium,</span> <span class='ocrx_word' id='word_1_242' title='bbox 494 2244 675 2283; x_wconf 92' lang='lat' dir='ltr'>decimo</span> <span class='ocrx_word' id='word_1_243' title='bbox 702 2243 870 2284; x_wconf 90' lang='lat' dir='ltr'>abhinc</span> <span class='ocrx_word' id='word_1_244' title='bbox 900 2243 987 2294; x_wconf 86' lang='lat' dir='ltr'>die,</span> <span class='ocrx_word' id='word_1_245' title='bbox 1019 2243 1308 2296; x_wconf 87' lang='lat' dir='ltr'>Septembris</span> <span class='ocrx_word' id='word_1_246' title='bbox 1337 2245 1442 2295; x_wconf 67' lang='lat'>22⁰,</span> <span class='ocrx_word' id='word_1_247' title='bbox 1472 2246 1519 2285; x_wconf 90' lang='lat' dir='ltr'>in</span> <span class='ocrx_word' id='word_1_248' title='bbox 1541 2257 1722 2286; x_wconf 88' lang='lat' dir='ltr'>summo</span> <span class='ocrx_word' id='word_1_249' title='bbox 1743 2251 1855 2286; x_wconf 92' lang='lat' dir='ltr'>tem-</span> 
     </span>
     <span class='ocr_line' id='line_1_31' title="bbox 221 2314 1845 2368; baseline 0.002 -15"><span class='ocrx_word' id='word_1_250' title='bbox 221 2314 296 2364; x_wconf 87' lang='lat' dir='ltr'>plo</span> <span class='ocrx_word' id='word_1_251' title='bbox 323 2315 518 2354; x_wconf 87' lang='lat' dir='ltr'>solemni</span> <span class='ocrx_word' id='word_1_252' title='bbox 546 2314 696 2355; x_wconf 84' lang='lat' dir='ltr'>officio</span> <span class='ocrx_word' id='word_1_253' title='bbox 724 2327 751 2354; x_wconf 91' lang='lat' dir='ltr'>a</span> <span class='ocrx_word' id='word_1_254' title='bbox 778 2327 866 2365; x_wconf 91' lang='lat' dir='ltr'>me,</span> <span class='ocrx_word' id='word_1_255' title='bbox 891 2315 978 2355; x_wconf 91' lang='lat' dir='ltr'>Dei</span> <span class='ocrx_word' id='word_1_256' title='bbox 1003 2316 1211 2366; x_wconf 87' lang='lat' dir='ltr'>gratuita</span> <span class='ocrx_word' id='word_1_257' title='bbox 1233 2315 1518 2367; x_wconf 86' lang='lat' dir='ltr'>dignatione,</span> <span class='ocrx_word' id='word_1_258' title='bbox 1544 2315 1845 2368; x_wconf 82' lang='lat' dir='ltr'>offerendum,</span> 
     </span>
     <span class='ocr_line' id='line_1_32' title="bbox 222 2383 1847 2438; baseline 0.002 -14"><span class='ocrx_word' id='word_1_259' title='bbox 222 2383 423 2425; x_wconf 91' lang='lat' dir='ltr'>Vestrae</span> <span class='ocrx_word' id='word_1_260' title='bbox 445 2385 738 2426; x_wconf 89' lang='lat' dir='ltr'>auctoritatis</span> <span class='ocrx_word' id='word_1_261' title='bbox 758 2386 953 2437; x_wconf 90' lang='lat' dir='ltr'>imperio</span> <span class='ocrx_word' id='word_1_262' title='bbox 975 2386 1034 2426; x_wconf 88' lang='lat' dir='ltr'>ad</span> <span class='ocrx_word' id='word_1_263' title='bbox 1061 2385 1321 2427; x_wconf 90' lang='lat' dir='ltr'>Sacerdotii</span> <span class='ocrx_word' id='word_1_264' title='bbox 1351 2387 1629 2438; x_wconf 86' lang='lat' dir='ltr'>dignitatem</span> <span class='ocrx_word' id='word_1_265' title='bbox 1648 2387 1740 2428; x_wconf 83' lang='lat'>21.0</span> <span class='ocrx_word' id='word_1_266' title='bbox 1760 2387 1847 2437; x_wconf 89' lang='lat' dir='ltr'>die,</span> 
     </span>
     <span class='ocr_line' id='line_1_33' title="bbox 222 2454 1849 2510; baseline 0.003 -16"><span class='ocrx_word' id='word_1_267' title='bbox 222 2454 278 2494; x_wconf 91' lang='lat' dir='ltr'>D.</span> <span class='ocrx_word' id='word_1_268' title='bbox 303 2454 542 2496; x_wconf 81' lang='lat' dir='ltr'>Matthaeo</span> <span class='ocrx_word' id='word_1_269' title='bbox 564 2457 794 2507; x_wconf 88' lang='lat' dir='ltr'>dedicato,</span> <span class='ocrx_word' id='word_1_270' title='bbox 818 2457 875 2497; x_wconf 88' lang='lat' dir='ltr'>ab</span> <span class='ocrx_word' id='word_1_271' title='bbox 902 2457 1124 2497; x_wconf 86' lang='lat' dir='ltr'>Antistite</span> <span class='ocrx_word' id='word_1_272' title='bbox 1152 2457 1486 2498; x_wconf 88' lang='lat' dir='ltr'>Clarmontano</span> <span class='ocrx_word' id='word_1_273' title='bbox 1512 2458 1849 2510; x_wconf 78' lang='lat' dir='ltr'>promouendo,</span> 
     </span>
     <span class='ocr_line' id='line_1_34' title="bbox 224 2524 1851 2580; baseline 0.002 -15"><span class='ocrx_word' id='word_1_274' title='bbox 224 2525 269 2564; x_wconf 90' lang='lat' dir='ltr'>in</span> <span class='ocrx_word' id='word_1_275' title='bbox 291 2524 411 2565; x_wconf 89' lang='lat' dir='ltr'>hanc</span> <span class='ocrx_word' id='word_1_276' title='bbox 427 2527 591 2567; x_wconf 86' lang='lat' dir='ltr'>vrbem</span> <span class='ocrx_word' id='word_1_277' title='bbox 613 2527 860 2578; x_wconf 88' lang='lat' dir='ltr'>confluent;</span> <span class='ocrx_word' id='word_1_278' title='bbox 884 2527 1003 2567; x_wconf 89' lang='lat' dir='ltr'>inter</span> <span class='ocrx_word' id='word_1_279' title='bbox 1025 2539 1141 2578; x_wconf 92' lang='lat' dir='ltr'>quos</span> <span class='ocrx_word' id='word_1_280' title='bbox 1162 2527 1289 2568; x_wconf 78' lang='lat' dir='ltr'>D.¹¹¹¹S</span> <span class='ocrx_word' id='word_1_281' title='bbox 1313 2527 1615 2580; x_wconf 87' lang='lat' dir='ltr'>Praepositus</span> <span class='ocrx_word' id='word_1_282' title='bbox 1642 2540 1749 2569; x_wconf 89' lang='lat' dir='ltr'>cum</span> <span class='ocrx_word' id='word_1_283' title='bbox 1769 2529 1851 2569; x_wconf 90' lang='lat' dir='ltr'>ali-</span> 
     </span>
     <span class='ocr_line' id='line_1_35' title="bbox 221 2598 1852 2651; baseline 0.002 -15"><span class='ocrx_word' id='word_1_284' title='bbox 221 2603 333 2646; x_wconf 87' lang='lat' dir='ltr'>quot</span> <span class='ocrx_word' id='word_1_285' title='bbox 354 2598 675 2638; x_wconf 87' lang='lat' dir='ltr'>sacerdotibus</span> <span class='ocrx_word' id='word_1_286' title='bbox 695 2599 868 2650; x_wconf 86' lang='lat' dir='ltr'>pietate</span> <span class='ocrx_word' id='word_1_287' title='bbox 889 2598 1379 2650; x_wconf 88' lang='lat' dir='ltr'>commendatissimis,</span> <span class='ocrx_word' id='word_1_288' title='bbox 1402 2598 1600 2651; x_wconf 87' lang='lat' dir='ltr'>Ryomo,</span> <span class='ocrx_word' id='word_1_289' title='bbox 1623 2598 1852 2640; x_wconf 91' lang='lat' dir='ltr'>Sacerdo—</span> 
     </span>
     <span class='ocr_line' id='line_1_36' title="bbox 222 2666 1853 2721; baseline 0.002 -15"><span class='ocrx_word' id='word_1_290' title='bbox 222 2673 291 2706; x_wconf 89' lang='lat' dir='ltr'>tes</span> <span class='ocrx_word' id='word_1_291' title='bbox 313 2666 537 2708; x_wconf 89' lang='lat' dir='ltr'>Canonici</span> <span class='ocrx_word' id='word_1_292' title='bbox 558 2680 616 2709; x_wconf 90' lang='lat' dir='ltr'>ex</span> <span class='ocrx_word' id='word_1_293' title='bbox 638 2669 808 2720; x_wconf 88' lang='lat' dir='ltr'>oppido</span> <span class='ocrx_word' id='word_1_294' title='bbox 837 2669 1010 2720; x_wconf 87' lang='lat' dir='ltr'>Lozou,</span> <span class='ocrx_word' id='word_1_295' title='bbox 1041 2668 1244 2709; x_wconf 91' lang='lat' dir='ltr'>Domina</span> <span class='ocrx_word' id='word_1_296' title='bbox 1273 2669 1446 2710; x_wconf 90' lang='lat' dir='ltr'>Montis</span> <span class='ocrx_word' id='word_1_297' title='bbox 1474 2669 1659 2721; x_wconf 91' lang='lat' dir='ltr'>Morini,</span> <span class='ocrx_word' id='word_1_298' title='bbox 1688 2682 1713 2710; x_wconf 93' lang='lat' dir='ltr'>e</span> <span class='ocrx_word' id='word_1_299' title='bbox 1739 2681 1853 2711; x_wconf 88' lang='lat' dir='ltr'>suae</span> 
     </span>
     <span class='ocr_line' id='line_1_37' title="bbox 225 2732 1849 2791; baseline 0.004 -16"><span class='ocrx_word' id='word_1_300' title='bbox 225 2736 412 2777; x_wconf 86' lang='lat' dir='ltr'>ditionis</span> <span class='ocrx_word' id='word_1_301' title='bbox 441 2749 580 2790; x_wconf 88' lang='lat' dir='ltr'>pago,</span> <span class='ocrx_word' id='word_1_302' title='bbox 604 2750 710 2779; x_wconf 92' lang='lat' dir='ltr'>cum</span> <span class='ocrx_word' id='word_1_303' title='bbox 740 2750 824 2779; x_wconf 86' lang='lat' dir='ltr'>sua</span> <span class='ocrx_word' id='word_1_304' title='bbox 857 2738 1049 2788; x_wconf 85' lang='lat' dir='ltr'>familia,</span> <span class='ocrx_word' id='word_1_305' title='bbox 1082 2744 1127 2779; x_wconf 90' lang='lat' dir='ltr'>et</span> <span class='ocrx_word' id='word_1_306' title='bbox 1155 2732 1380 2791; x_wconf 33' lang='lat' dir='ltr'>permulti*</span> <span class='ocrx_word' id='word_1_307' title='bbox 1402 2751 1461 2780; x_wconf 86' lang='lat' dir='ltr'>ex</span> <span class='ocrx_word' id='word_1_308' title='bbox 1493 2739 1701 2781; x_wconf 89' lang='lat' dir='ltr'>finitimis</span> <span class='ocrx_word' id='word_1_309' title='bbox 1733 2741 1849 2781; x_wconf 88' lang='lat' dir='ltr'>locis</span> 
     </span>
     <span class='ocr_line' id='line_1_38' title="bbox 223 2807 1844 2862; baseline 0.003 -16"><span class='ocrx_word' id='word_1_310' title='bbox 223 2807 312 2847; x_wconf 87' lang='lat' dir='ltr'>huc</span> <span class='ocrx_word' id='word_1_311' title='bbox 344 2809 672 2849; x_wconf 89' lang='lat' dir='ltr'>conuolabunt.</span> <span class='ocrx_word' id='word_1_312' title='bbox 696 2809 814 2850; x_wconf 90' lang='lat' dir='ltr'>Nam</span> <span class='ocrx_word' id='word_1_313' title='bbox 843 2809 1002 2850; x_wconf 89' lang='lat' dir='ltr'>Rmus.</span> <span class='ocrx_word' id='word_1_314' title='bbox 1032 2810 1293 2861; x_wconf 85' lang='lat' dir='ltr'>Episcopus</span> <span class='ocrx_word' id='word_1_315' title='bbox 1319 2810 1536 2850; x_wconf 86' lang='lat' dir='ltr'>sacrificii</span> <span class='ocrx_word' id='word_1_316' title='bbox 1557 2811 1694 2862; x_wconf 90' lang='lat' dir='ltr'>primi</span> <span class='ocrx_word' id='word_1_317' title='bbox 1723 2811 1844 2852; x_wconf 89' lang='lat' dir='ltr'>diem</span> 
     </span>
    </p>
   </div>
   <div class='ocr_carea' id='block_1_3' title="bbox 279 2965 586 2999">
    <p class='ocr_par' dir='ltr' id='par_1_4' title="bbox 279 2965 586 2999">
     <span class='ocr_line' id='line_1_39' title="bbox 279 2965 586 2999; baseline 0.003 -6"><span class='ocrx_word' id='word_1_318' title='bbox 279 2967 286 2985; x_wconf 93' lang='lat'><strong>¹</strong></span> <span class='ocrx_word' id='word_1_319' title='bbox 327 2965 393 2999; x_wconf 82' lang='lat' dir='ltr'>Sic;</span> <span class='ocrx_word' id='word_1_320' title='bbox 405 2966 586 2994; x_wconf 66' lang='lat' dir='ltr'>Laussou?</span> 
     </span>
    </p>
   </div>
  </div>
 </body>
</html>
