2028 3328
216 163 287 199 388
728 162 953 199 LITTERAE
980 171 1338 205 QUADRnfflsTREs

849 611 1218 666 CCCLXXH

281 843 478 882 Erardus
499 844 791 885 Avantianus,
816 841 1089 884 Leodiensis,

330 909 449 946 Patri
468 909 639 955 Ignatio
659 907 711 944 de
734 907 918 953 Loyola.

376 974 561 1018 Vienna,
581 972 627 1009 ‘27
646 972 813 1019 Aprilis
831 971 921 1008 1555
942 971 965 1005 ¹.

289 1111 454 1152 Gratia
487 1117 529 1150 et
564 1122 657 1162 pax
692 1109 748 1149 D.
782 1108 835 1149 N.
867 1109 978 1161 Jesu
1007 1107 1180 1148 Christi
1212 1106 1444 1146 custodiat
1475 1107 1619 1146 corda
1657 1113 1836 1147 nostra.

210 1183 375 1223 Amen.

287 1253 443 1294 Monet
470 1265 542 1293 me
564 1252 788 1303 temporis
808 1250 1070 1302 praesentis
1099 1250 1232 1301 ratio,
1264 1249 1403 1289 Pater
1432 1249 1684 1290 admodum
1707 1249 1835 1297 ΚΜ,

206 1331 256 1365 vt
276 1325 479 1364 breuiter
501 1324 729 1374 attingam
757 1333 875 1374 quae
903 1333 985 1373 per
1013 1327 1212 1372 quatuor
1232 1332 1356 1360 nunc
1377 1320 1474 1360 fere
1503 1321 1688 1372 elapsos
1711 1333 1834 1361 men-

204 1407 280 1436 ses
300 1395 530 1435 Dominus
550 1394 622 1434 his
643 1394 689 1433 in
710 1393 824 1433 locis
854 1404 937 1444 per
958 1392 1151 1432 minima
1178 1391 1427 1432 Societatis
1456 1397 1646 1432 nostrae
1667 1392 1834 1432 instru-

205 1473 361 1507 menta
384 1466 570 1517 operari
591 1466 811 1516 dignatus
835 1470 917 1504 est.

284 1537 354 1577 Ac
383 1538 583 1589 primum
613 1536 813 1588 quidem,
850 1534 973 1587 quod
1005 1534 1063 1574 ad
1093 1534 1363 1574 scholarum
1391 1540 1660 1574 nostrarum
1695 1535 1833 1575 ratio-

205 1620 310 1648 nem
345 1614 540 1660 spectat,
579 1608 754 1655 eodem,
793 1618 883 1658 quo
918 1605 1169 1657 postremis
1208 1604 1630 1656 quadrimestribus
1669 1605 1835 1646 litteris

203 1679 262 1719 V.
286 1679 335 1719 P.
362 1679 555 1729 accepit,
582 1678 840 1729 procedunt
862 1677 1015 1726 modo,
1040 1676 1258 1716 nimirum
1276 1688 1381 1716 cum
1398 1687 1493 1716 non
1515 1677 1686 1727 exigua
1709 1683 1753 1717 et
1767 1678 1833 1718 lit-

202 1757 408 1790 terarum
434 1756 477 1789 et
500 1749 684 1801 pietatis
707 1748 991 1788 accessione.
1016 1747 1308 1787 Assuescunt
1326 1747 1450 1786 enim
1463 1748 1599 1799 pueri
1617 1754 1660 1787 et
1680 1748 1831 1788 adole-

202 1828 386 1861 scentes
408 1820 618 1860 confiteri
640 1820 839 1870 saepius,
866 1826 909 1858 et
939 1817 1062 1870 quod
1092 1826 1200 1858 ante
1231 1818 1469 1868 grauatim
1498 1830 1552 1858 ac
1575 1820 1701 1859 velut
1729 1831 1833 1859 coa-

201 1892 264 1932 cti
284 1891 533 1941 faciebant,
557 1902 679 1931 nunc
707 1896 811 1942 post
840 1889 1180 1941 experientiam
1210 1889 1428 1929 alacriter
1461 1896 1506 1929 et
1535 1890 1751 1930 certatim
1773 1891 1831 1930 ad

200 1962 493 2002 sacerdotem
534 1961 796 2001 confessuri
836 1967 1105 2012 properant.
1152 1959 1360 2010 Quorum
1402 1960 1611 2011 plerique
1651 1961 1828 2001 confes-

199 2034 345 2074 sionis
380 2034 551 2073 virtute
579 2040 675 2073 tum
702 2043 876 2084 prauas
906 2043 1088 2072 morum
1124 2031 1499 2081 consuetudines,
1535 2038 1633 2071 tum
1662 2032 1831 2084 impios

198 2117 253 2145 ac
292 2105 554 2145 haereticos
593 2115 794 2153 erroreS,
832 2103 1005 2144 sensim
1037 2103 1295 2154 deponunt,
1334 2113 1450 2153 quos
1480 2103 1611 2142 multi
1646 2104 1721 2142 vel
1753 2115 1830 2155 pa-

197 2183 379 2216 rentum
411 2177 691 2227 corruptela,
722 2176 797 2215 vel
823 2180 1184 2227 praeceptorum
1214 2173 1560 2213 haereticorum
1580 2185 1730 2225 praua
1751 2175 1827 2215 do-

195 2247 360 2297 ctrina,
386 2247 655 2287 hauserant.
677 2246 802 2287 Inter
822 2246 907 2286 hos
928 2257 1022 2285 non
1042 2245 1181 2297 pauci
1203 2244 1343 2296 (quod
1364 2244 1651 2285 horrendum
1672 2246 1826 2297 magis

196 2318 295 2368 est),
333 2325 578 2368 parentum
612 2318 835 2358 instantia
872 2317 985 2357 victi
1015 2323 1153 2368 atque
1189 2315 1431 2367 compulsi,
1461 2315 1737 2367 jurauerant
1778 2329 1828 2357 se

195 2400 432 2439 nunquam
466 2400 649 2428 errores
685 2387 951 2428 huiusmodi
987 2387 1269 2438 deserturos3
1310 2386 1407 2427 fere
1448 2392 1604 2426 tamen
1645 2398 1821 2437 omnes,

194 2459 516 2499 confessorum
550 2458 795 2499 sedulitate
830 2458 1059 2510 persuasi,
1098 2456 1200 2498 Deo
1236 2457 1416 2497 scilicet
1452 2457 1605 2508 magis
1641 2458 1829 2498 obedire

194 2535 406 2580 oportere
423 2541 563 2581 quam
580 2529 859 2578 hominihus,
879 2529 1002 2581 quod
1019 2536 1194 2569 temere
1209 2527 1475 2580 juramento
1492 2529 1825 2579 promiserant,

196 2598 319 2639 haud
335 2600 571 2650 grauatim
589 2601 894 2640 resciderunt.
917 2600 1042 2640 Inter
1057 2599 1157 2650 hos,
1177 2599 1256 2651 qui
1273 2598 1488 2640 rudiores
1506 2599 1553 2638 in
1570 2599 1715 2639 latino
1732 2611 1824 2640 ser-

194 2681 330 2709 mone
352 2676 456 2710 sunt
478 2671 814 2711 catechismum
833 2671 1159 2721 germanicum
1180 2670 1237 2710 ab
1260 2682 1353 2710 vno
1375 2676 1588 2710 nostrum
1611 2670 1822 2722 audiunt,

193 2752 330 2790 quem
348 2741 425 2791 qui
446 2747 551 2780 sunt
569 2740 719 2781 forma
746 2746 759 2764 ‘²
780 2747 824 2781 et
844 2741 1031 2792 ingenio
1053 2740 1438 2793 praestantiores,
1463 2747 1568 2792 post
1588 2741 1820 2791 germani-

194 2821 299 2849 cam
320 2810 365 2849 in
386 2812 557 2862 templo
580 2818 740 2851 nostro
763 2812 970 2852 habitam
992 2812 1280 2861 concionem,
1304 2811 1449 2851 multo
1481 2816 1726 2862 spectante
1747 2823 1824 2863 po-

249 2922 257 2940 ¹
298 2921 545 2955 Autographae
561 2922 685 2956 duplici
701 2923 791 2956 folio,
808 2930 862 2950 nn.
877 2923 930 2950 263
945 2929 978 2950 et
994 2923 1055 2950 264.

246 2968 260 2987 ²
297 2968 348 2995 Ita
368 2968 527 3000 Erardus3
543 2969 599 2995 sed
616 2971 720 2997 verbo
736 2970 930 3004 hoeforma
946 2971 1149 3003 cancellato,
1162 2970 1403 3004 superscripsit
1421 2969 1588 2996 Polaticus
1602 2970 1733 3002 gratia.
