2028 3328
213 150 284 185 4ὡὸ
716 148 945 185 LITTERAE
972 158 1332 192 QUADRIMESTRES

213 246 384 285 stantia
402 251 588 285 strenue
605 245 826 296 fungitur,
847 245 1056 285 studiosa
1078 244 1306 284 industria
1329 254 1412 283 suo
1431 243 1614 283 muneri
1635 243 1839 283 intentus

212 316 271 356 ad
288 317 606 367 promouenda
628 315 875 356 Societatis
896 316 1098 367 negotia,
1125 321 1263 365 atque
1290 314 1485 365 Collegii
1506 314 1719 354 iacienda
1741 315 1838 354 fun-

211 387 446 437 damenta,
468 386 896 435 Sacramentorum,
916 393 1010 426 tum
1030 385 1463 431 confessionis,tum
1481 386 1836 436 communionis,

211 470 363 508 sacro,
395 464 439 498 et
472 459 622 498 sacris
650 464 695 498 et
725 457 943 509 profestis
975 457 1156 505 diebUS‚
1189 467 1381 507 operam
1408 456 1525 496 dans
1561 456 1835 507 ministerio,

210 530 423 570 excubiis
458 530 503 569 in
540 529 730 569 aedibus
766 529 1057 568 infirmorum
1087 527 1360 577 inuigilanS,
1398 533 1644 578 Vtramque
1686 534 1834 567 custo-

211 600 335 640 diam
358 600 606 651 publicam,
632 600 896 640 vinctorum
914 598 1246 638 consolationis
1265 598 1432 647 studio,
1457 598 1775 649 frequentans,
1796 604 1840 638 et

212 671 257 710 id
278 682 427 722 genus
448 671 537 722 piis
556 671 773 722 operibus
785 670 928 709 animi
947 669 1249 720 corporisque
1266 668 1392 708 vires
1410 674 1532 708 totas
1549 669 1838 719 impendens.

288 742 573 782 Vniuersum
597 753 777 792 quoque
799 741 995 779 fratrum
1019 740 1281 790 collegium,
1311 746 1535 790 paternae
1567 747 1674 780 tuae
1703 752 1840 792 expe-

211 813 404 853 ctationi
440 813 744 864 respondens,
778 811 930 851 studio
953 811 1159 850 literario
1182 822 1387 862 suaeque
1414 812 1677 851 vocationis
1705 811 1836 852 sedu-

207 884 279 924 lae
301 884 528 924 functioni
550 883 753 923 deditum
776 888 858 931 est,
880 893 1108 933 prospera
1125 882 1393 922 valetudine
1415 882 1660 922 indefessis
1681 883 1837 934 singu-

208 957 358 995 lorum
380 956 617 995 laboribus
645 954 844 994 fauente.
869 953 1035 993 Frater
1063 959 1221 993 noster
1247 952 1452 1005 Jacobus
1481 953 1716 1005 Morellus,
1742 955 1839 1005 phi-

208 1026 476 1077 losophicae
498 1025 676 1076 periodi
696 1030 889 1076 peracto
907 1035 1052 1075 prope
1069 1024 1317 1072 curriculo,
1337 1024 1396 1064 ad
1413 1036 1551 1064 sacra
1574 1025 1838 1076 theologiae

207 1097 360 1137 studia
405 1097 681 1147 accingitur.
724 1094 828 1134 Duo
864 1095 1210 1146 philosophiae,
1248 1095 1430 1145 logicae
1473 1102 1612 1147 atque
1656 1096 1840 1137 ethicae

208 1179 399 1218 operam
421 1174 618 1207 nauant:
644 1167 808 1219 reliqui
829 1167 1123 1218 eloquentiae
1143 1166 1317 1206 latinae
1340 1167 1579 1217 ingenium
1601 1179 1737 1207 omne
1760 1168 1839 1208 im-

206 1240 426 1290 pendunt

287 1310 499 1350 Duorum
521 1310 790 1350 accessione
810 1315 970 1349 noster
993 1309 1141 1349 creuit
1170 1320 1406 1360 numerus,
1437 1321 1635 1361 quorum
1661 1316 1705 1350 et
1733 1322 1836 1362 pro-

205 1382 328 1421 bitas
349 1388 392 1421 et
414 1381 534 1421 iusta
556 1393 640 1432 pro
663 1386 816 1420 aetate
840 1380 1038 1420 eruditio
1060 1380 1346 1420 Vberrimam
1368 1380 1423 1420 de
1445 1392 1494 1421 se
1516 1392 1648 1432 spem
1665 1392 1834 1432 sugge—

205 1454 280 1493 rit.
305 1452 436 1492 Alter
457 1453 638 1501 horum,
669 1453 860 1492 natione
894 1452 1132 1502 picardus,
1162 1452 1244 1491 vix
1275 1463 1449 1492 annum
1479 1452 1637 1503 attigit
1666 1453 1837 1504 vigesi-

204 1535 347 1571 mum,
368 1524 722 1563 humanioribus
738 1523 884 1563 literis
901 1523 1053 1563 adhuc
1071 1523 1306 1572 imbuitur,
1326 1529 1510 1574 natura,
1530 1535 1713 1563 morum
1731 1535 1836 1574 gra-

207 1595 368 1643 uitate,
393 1601 436 1634 et
459 1595 669 1645 corporis
692 1595 816 1635 haud
838 1595 1011 1645 exigua
1032 1594 1337 1645 praestantia,
1369 1595 1630 1634 modestam
1650 1607 1763 1646 prae
1786 1607 1837 1635 se

208 1666 297 1706 fert
325 1666 541 1705 indolem.
580 1665 714 1706 Alter
744 1678 873 1713 vero,
904 1666 1058 1717 patria
1094 1665 1398 1716 ebroicensis,
1431 1666 1838 1717 vndeuigesimum

206 1749 379 1777 annum
402 1737 483 1776 Vix
505 1738 672 1788 attigit,
698 1749 842 1789 nepos
874 1750 931 1777 ex
961 1749 1124 1777 sorore
1161 1736 1358 1776 Doctori
1388 1737 1610 1787 theologo
1643 1737 1834 1777 Benedi-

206 1815 297 1858 cto,
321 1808 618 1848 dominicano
656 1808 682 1859 ¹,
712 1809 940 1859 singulari
966 1809 1142 1859 ingenii
1177 1808 1407 1856 acumine,
1440 1820 1496 1848 ac
1525 1820 1619 1848 non
1648 1808 1838 1859 vulgari

202 1880 249 1919 in
270 1880 583 1920 scholasticae
605 1880 931 1932 disputationis
954 1880 1180 1920 exercitio
1203 1879 1429 1931 profectu,
1453 1879 1652 1930 insignis
1674 1891 1836 1920 euasu-

204 1962 285 1991 rus
312 1951 631 2003 philosophus.

283 2021 549 2074 Religiosus
571 2022 774 2074 quidam,
800 2022 1091 2074 professione
1111 2022 1448 2072 benedictinUS,
1479 2021 1629 2061 sacris
1660 2021 1838 2061 exerci-

202 2093 279 2133 tiis
300 2093 522 2143 eruditus,
548 2094 594 2133 in
617 2105 780 2133 verum
802 2094 910 2133 Diui
938 2093 1179 2133 Benedicti
1200 2092 1478 2144 discipulum
1509 2092 1674 2141 euasit,
1699 2103 1836 2144 quem

202 2165 425 2215 spiritalis
447 2166 565 2204 lucri
586 2165 929 2204 foeneratorem
951 2164 1050 2204 fore
1079 2175 1338 2215 speramus.

283 2235 387 2275 Duo
405 2236 612 2276 animum
633 2236 691 2275 ad
713 2236 974 2275 institutum
990 2234 1238 2275 Societatis
1256 2234 1675 2286 propensissimum
1692 2246 1836 2286 appu·

203 2306 371 2355 lerunt,
410 2318 609 2357 quorum
630 2318 765 2356 Vnus,
790 2305 1024 2345 secundae
1045 2305 1262 2345 licentiae
1291 2305 1653 2355 Baccalaureus,
1678 2304 1834 2345 decre-

204 2377 287 2425 uit,
312 2383 419 2416 ante
440 2376 689 2417 Societatis
720 2377 1002 2427 ingressum,
1033 2376 1277 2427 periodum
1307 2376 1624 2426 theologicam
1644 2387 1833 2427 percur-

204 2458 323 2497 rere;
341 2448 431 2498 qui,
447 2448 535 2487 nisi
551 2448 759 2488 animum
776 2455 936 2499 mutet,
952 2459 1037 2488 sua
1055 2447 1314 2487 eruditione
1332 2458 1387 2486 ac
1403 2446 1646 2497 modestia,
1663 2447 1838 2487 Christi

204 2518 405 2567 gloriam
426 2506 998 2569 illustrabit‚Societatem
1020 2518 1274 2567 decorabit,
1302 2529 1358 2558 ac
1379 2517 1524 2557 verbo
1547 2523 1591 2557 et
1616 2519 1831 2568 exemplo

203 2589 361 2628 multis
382 2589 604 2639 prodesse
625 2591 807 2641 poterit.
832 2590 966 2630 Alter
983 2590 1199 2641 proximo
1218 2588 1479 2640 Septembri
1495 2588 1693 2628 Romam
1710 2600 1836 2628 com-

205 2661 410 2709 migrare
432 2661 689 2711 proposuit.

285 2729 377 2769 Sub
398 2729 537 2769 finem
557 2730 727 2781 Martii,
749 2743 914 2772 sacrae
937 2731 1229 2772 obedientiae
1251 2730 1549 2781 auctoritate,
1575 2730 1633 2770 ad
1655 2740 1834 2781 pagum

265 2910 272 2928 ¹
312 2909 450 2942 joannis
478 2910 671 2944 Benedicti,
705 2911 796 2945 Jean
834 2911 968 2938 Bmzoz‘t.
1006 2912 1088 2940 Vide
1125 2915 1212 2940 inira
1247 2914 1381 2940 litteras
1407 2912 1525 2945 Jacobi
1559 2911 1707 2943 Morelli.
1736 2911 1837 2939 datas

208 2957 261 2984 die
278 2956 311 2982 27
327 2956 420 2989 Julii.
