2028 3328
823 102 904 138 Ax.
937 101 1027 138 1555
1670 102 1741 139 4155

106 208 266 240 noster
287 200 345 240 ad
366 200 592 240 maiorem
613 199 812 250 gloriam
842 206 975 238 suam
997 198 1163 238 efficiet
1184 205 1232 238 ut
1260 200 1411 249 magis
1434 200 1480 239 in
1516 200 1613 239 dies
1634 211 1736 250 pro-

109 271 399 322 grediantur.

187 341 295 382 Alia
317 342 389 382 his
409 340 633 381 beneficia
655 340 782 380 Deus
804 339 883 380 dat
905 338 1009 391 Opt.
1042 339 1183 389 Max„
1224 340 1392 392 quibus
1420 352 1469 380 se
1499 341 1651 391 magis
1672 342 1738 380 615·

107 413 326 465 impertit,
350 424 512 453 eorum
533 412 712 452 animos
734 410 792 450 ad
813 410 1023 450 instituta
1046 410 1295 451 Societatis
1317 411 1608 463 capessenda
1641 423 1740 462 per-

109 496 319 524 mouens.
343 483 551 524 Admissi
573 489 678 523 sunt
699 482 786 522 hoc
809 480 1140 533 quadrimestri
1167 483 1318 533 spatio
1340 483 1386 522 in
1421 483 1509 522 hoc
1531 482 1740 533 Collegio

109 567 167 595 ex
188 555 275 605 his,
298 554 377 607 qui
398 566 447 594 se
468 554 619 605 magis
640 553 739 593 Deo
761 552 1050 603 dediderant,
1075 558 1302 604 erantque
1330 553 1518 605 ingenio
1540 553 1738 604 priores,

112 625 136 665 3
157 625 335 677 primae
357 625 535 675 classis,
565 636 776 676 unusque
810 624 949 664 Pater
985 636 1044 664 ex
1072 624 1366 664 auditoribus
1401 636 1597 664 casuum
1634 636 1743 664 con-

112 696 350 745 scientiae,
375 696 465 736 duo
486 707 672 748 quoque
693 695 887 735 iuvenes
910 695 968 735 ad
990 695 1306 735 seruiendum.
1330 695 1477 735 Multo
1500 696 1658 746 plures
1679 696 1745 736 in-

111 766 420 817 grederentur
442 767 480 807 si
501 772 666 818 portae
686 772 913 818 paterent.
934 766 1251 817 Expectamus
1273 766 1411 806 modo
1436 765 1622 806 Patrem
1650 766 1744 807 Ma-

111 838 313 889 gistrum
333 836 577 888 Mironem,
602 837 661 878 ad
677 837 800 877 hunc
822 848 1030 877 mensem
1048 836 1172 888 Maii,
1195 837 1273 889 qui
1294 837 1470 889 aliquot
1486 838 1745 889 primarum

114 909 332 960 partium,
357 921 384 949 a
405 907 505 949 Deo
533 908 592 949 ad
613 907 861 948 Societatis
882 908 1007 948 uitae
1038 908 1269 948 rationem
1296 907 1647 959 suscipiendam
1667 909 1748 949 im-

117 980 297 1032 pulsos,
341 980 560 1031 accipiat.
588 979 826 1019 Laudetur
846 979 1099 1030 Dominus,
1124 980 1202 1031 qui
1238 980 1395 1020 omnia
1435 992 1519 1020 sua
1540 981 1748 1020 bonitate

119 1050 272 1091 efficit.

196 1122 268 1163 De
288 1123 567 1163 lectionibus
588 1134 711 1163 nunc
733 1122 791 1163 ad
811 1129 855 1162 te
886 1123 1104 1172 scribam,
1125 1121 1227 1162 R.de
1250 1122 1405 1173 Pater,
1431 1134 1485 1162 ac
1521 1122 1750 1174 imprimis

118 1193 174 1234 de
196 1205 266 1244 ea,
291 1206 410 1246 quae
446 1194 768 1234 sacerdotibus
803 1194 1066 1246 exponitur,
1104 1192 1160 1233 de
1192 1194 1380 1233 casibus
1416 1194 1748 1245 conscientiae,

122 1265 197 1305 hic
232 1265 354 1305 enim
385 1265 564 1305 fructus
600 1272 668 1304 est
690 1276 809 1305 unus
845 1277 903 1305 ex
938 1265 1166 1315 omnibus,
1205 1264 1281 1316 qui
1318 1264 1506 1316 decerpi
1539 1271 1749 1316 possunt,

116 1337 256 1387 longe
274 1337 521 1387 maximus,
542 1349 690 1388 neque
708 1337 794 1376 alia
816 1349 865 1376 re
885 1337 1035 1377 maius
1052 1336 1151 1377 Deo
1173 1342 1440 1388 praestatur
1461 1337 1750 1388 obsequium.

114 1407 252 1458 Legit
273 1407 322 1447 P.
346 1408 534 1448 Marcus
556 1407 802 1459 Georgius,
828 1408 904 1459 qui
933 1419 1057 1447 nunc
1092 1413 1162 1447 est
1191 1407 1329 1448 huius
1363 1407 1559 1459 Collegii
1592 1408 1754 1448 Prore-

117 1484 233 1519 ctor.
258 1478 488 1519 Probatur
516 1479 728 1519 omnibus
759 1479 1047 1518 auditoribus
1075 1478 1295 1530 maxime,
1326 1485 1489 1530 estque
1523 1479 1589 1519 eis
1612 1479 1754 1519 utilis-

116 1549 275 1589 simus.
291 1548 408 1590 Sunt
425 1551 695 1601 plerumque
712 1550 814 1601 plus
832 1550 985 1590 minus
1001 1550 1357 1601 quinquaginta,
1374 1550 1625 1590 uirtutibus
1643 1551 1752 1590 mul-

116 1620 176 1660 tis
197 1620 427 1665 adornati.
453 1633 511 1661 ex
532 1621 698 1672 quibus
720 1621 894 1672 aliquot
916 1631 1113 1671 magnos
1148 1621 1195 1660 in
1230 1632 1427 1661 casuum
1462 1621 1659 1661 scientia
1694 1621 1755 1662 fe-

118 1697 281 1732 cerunt
303 1703 596 1743 progressus.
622 1690 803 1743 Ubique
825 1692 962 1743 plane
983 1692 1236 1732 multarum
1266 1703 1439 1741 rerum,
1479 1691 1561 1732 sed
1585 1693 1756 1733 nullius

120 1763 270 1803 maior
291 1765 486 1814 penuria
504 1770 587 1813 est,
612 1774 753 1814 quam
786 1763 1034 1803 doctorum
1069 1763 1403 1815 parochorum,
1442 1775 1561 1815 quae
1585 1764 1754 1816 turpis-

122 1834 289 1874 simam
322 1834 473 1885 gignit
500 1834 546 1873 in
582 1835 753 1885 populo
787 1834 1066 1874 caecitatem
1101 1833 1328 1885 affertque
1363 1834 1638 1874 mortalibus
1665 1835 1756 1875 exi-

121 1905 267 1945 tiosas
289 1905 598 1945 calamitates.
629 1905 763 1946 Nunc
784 1916 1008 1957 magnam
1033 1917 1164 1958 spem
1187 1903 1265 1958 [in]
1289 1905 1390 1946 Deo
1412 1905 1638 1946 habemus
1659 1905 1758 1946 fore

123 1976 275 2026 breui,
305 1982 353 2016 ut
383 1976 610 2016 ecclesiae
631 1975 767 2016 huius
802 1975 1255 2028 Archiepiscopatus
1289 1976 1523 2028 parochos
1556 1977 1759 2017 habeant

125 2047 240 2087 satis
261 2047 471 2087 idoneos.

204 2117 428 2170 Princeps
454 2117 718 2159 Cardinalis
743 2118 767 2170 ¹,
805 2119 928 2159 hunc
967 2125 1149 2160 tantum
1184 2119 1391 2159 fructum
1425 2119 1756 2169 subodoratuS,

124 2188 177 2228 30
203 2189 216 2208 ‘²
237 2189 307 2229 sui
342 2188 791 2242 Archiepiscopatus
820 2191 979 2242 pendit
1010 2191 1257 2242 stipendia.
1294 2190 1567 2230 Ludouicus
1604 2196 1761 2231 autem

124 2259 349 2312 Princeps
374 2259 422 2300 10
441 2261 514 2300 5111
540 2261 776 2312 prioratus
799 2261 975 2302 ordinis
1005 2261 1050 2302 S.
1087 2261 1297 2315 Joannis.
1331 2260 1465 2302 Nunc
1496 2261 1760 2312 considera,

126 2330 227 2370 Rde
246 2330 400 2381 Pater,
425 2331 497 2371 his
516 2330 569 2371 40
589 2331 847 2372 distributis
865 2332 912 2372 in
933 2333 1197 2384 paroecias,
1221 2338 1481 2384 quartoque
1510 2332 1619 2372 hinc
1642 2344 1763 2372 anno

127 2401 338 2452 totidem,
357 2413 497 2453 quam
518 2402 649 2443 breui
669 2403 853 2443 lucrum
871 2403 1037 2455 ingens
1060 2404 1107 2443 in
1127 2404 1216 2444 hae
1235 2404 1515 2455 animarum,
1540 2404 1616 2444 6111
1633 2415 1763 2455 prae-

129 2473 269 2524 positi
297 2480 420 2522 sunt,
458 2473 777 2524 negotiatione
803 2473 894 2514 fiet.
925 2474 1155 2514 Dominus
1176 2480 1374 2515 naturae
1409 2486 1522 2515 suae
1558 2475 1765 2515 bonitate

129 2544 220 2584 hoc
240 2555 424 2595 quoque
446 2556 582 2584 suum
603 2555 720 2596 opus
740 2551 1035 2595 promoueat.
1056 2545 1225 2585 Amen.

210 2614 262 2655 In
293 2615 492 2655 caeteris
519 2621 719 2667 quatuor
745 2615 974 2656 classibus
1002 2616 1424 2666 grammaticorum
1450 2622 1495 2656 et
1525 2616 1766 2658 humanio-

131 2697 236 2726 rum
254 2685 497 2726 lioerarum
518 2686 767 2738 proficiunt
788 2686 904 2726 bene
926 2686 1221 2737 scholastici3
1245 2692 1353 2727 sunt
1383 2692 1540 2727 autem
1571 2688 1764 2739 plerum-

187 2823 196 2843 1
238 2822 416 2856 Henricus,
432 2822 472 2850 de
487 2830 551 2858 quo
563 2823 635 2858 jam
648 2823 849 2858 saepissime
865 2827 916 2851 est
932 2823 1027 2851 facta
1041 2824 1182 2851 mentio.

188 2869 202 2889 2
239 2869 390 2905 Scilicet,
409 2870 645 2898 sacerdotibus
667 2871 719 2898 sui
733 2870 975 2906 Episcopatus,
991 2879 1055 2906 quo
1074 2873 1216 2900 valeant
1238 2872 1374 2900 Eborae
1398 2872 1550 2900 residere
1575 2876 1609 2900 et
1625 2880 1771 2901 casuum

137 2917 367 2945 conscientiae
381 2918 503 2946 studiis
518 2925 657 2946 vacare.
672 2917 759 2946 Vide
775 2918 925 2946 POLAxc1
947 2918 1151 2952 Clzronicon,
1167 2924 1189 2949 t.
1205 2927 1252 2955 111,
1270 2927 1349 2955 pag.
1363 2919 1427 2953 423,
1448 2928 1480 2947 n.
1492 2919 1555 2947 937.

330 2977 462 3013 T.111.
1532 2995 1582 3031 30
