2028 3328
843 149 926 189 AN.
959 149 1049 185 1554
1744 160 1769 185 «ι.

126 258 324 288 uxorem
360 246 689 298 alloqueretur,
728 246 862 297 eique
898 246 1163 286 consuleret
1196 253 1246 287 ut
1277 248 1462 288 reiectis
1497 250 1766 301 deprauatis

127 318 440 370 opinionibus,
479 317 647 369 quibus
678 317 771 356 iarn
798 316 878 356 diu
904 322 975 356 est
1002 316 1193 367 imbuta,
1225 329 1327 357 sese
1355 318 1412 358 ad
1443 319 1679 361 Christum
1701 324 1764 362 in-

127 389 323 430 clinaret
348 388 373 429 ¹.
399 389 575 441 Quibus
597 388 734 428 rebus
755 386 983 428 foeliciter
1004 393 1048 428 et
1069 388 1288 439 religiose
1309 390 1470 440 gestis,
1492 393 1765 441 aggreditur

129 462 294 503 ducem
332 461 482 511 ipsam
516 459 544 510 ⁴³,
576 471 630 500 ac
654 459 942 511 depromptis
976 465 1074 499 tum
1102 459 1381 500 testimoniis
1408 462 1762 512 scripturarum,

128 538 226 572 tum
256 532 377 583 aptis
405 531 678 580 rationibus,
705 530 1008 570 uehementer
1033 530 1218 570 intorsit
1245 531 1344 570 eius
1366 533 1643 583 magistrum
1671 535 1763 574 dia-

128 603 298 653 bolum,
331 603 409 655 qui
439 614 523 643 suo
551 613 681 642 more
715 601 763 641 in
795 601 999 641 foemina
1030 601 1175 641 multa
1201 602 1488 643 tumultuans
1517 611 1560 643 et
1587 606 1761 656 passim

128 680 310 726 patrem
332 674 649 726 interpellans,
672 685 766 713 non
787 684 900 713 uera
923 672 1099 723 audire,
1124 672 1206 712 sed
1226 684 1311 712 sua
1333 673 1449 713 falsa
1468 674 1762 726 impudenter

125 746 341 796 ingerere
361 745 635 786 conabatur.
651 744 729 784 Bis
746 749 910 795 postea
927 755 1030 783 eam
1044 743 1171 793 adiit,
1184 749 1229 783 et
1246 743 1516 796 disceptans
1537 745 1593 786 de
1615 749 1764 788 sacris

124 817 307 867 litteris,
342 817 509 868 quibus
544 816 772 868 apprime,
802 820 851 855 ut
882 814 970 855 sibi
991 814 1191 866 uidetur,
1215 822 1285 855 est
1306 815 1494 867 infecta,
1520 818 1764 868 opiniones

127 888 276 939 diluit,
302 895 572 940 mutamque
599 886 788 927 tandem
815 885 1030 936 reddidit,
1048 891 1112 936 ut,
1132 886 1371 938 patefacta
1391 888 1604 937 ueritate,
1627 895 1672 929 et
1694 902 1759 930 re—

125 959 269 1000 clusis
297 960 430 1008 dolis‚
459 958 720 1011 pertinacia
747 964 792 998 et
820 957 1134 998 obstinatione
1161 958 1304 998 animi
1333 958 1534 1010 quadam
1565 962 1764 1012 opprimi

122 1031 354 1071 uideatur.

200 1107 252 1148 In
287 1108 558 1148 celebritate
587 1118 762 1147 coenae
793 1106 1079 1156 dominicae,
1118 1106 1281 1147 habuit
1316 1106 1454 1147 Pater
1488 1109 1762 1150 concionem

120 1179 317 1230 imperio
339 1179 487 1220 Ducis
508 1179 554 1219 in
576 1178 778 1231 quodam
801 1177 1027 1218 coenobio
1049 1177 1302 1228 Virginum
1324 1178 1500 1219 Christi
1522 1178 1535 1197 ⁷¹
1557 1180 1615 1219 ad
1644 1180 1763 1221 filias

122 1251 255 1291 ducis
277 1257 322 1291 et
343 1262 545 1299 sorores,
572 1250 644 1290 cui
674 1255 718 1289 et
739 1249 967 1289 interesse
989 1249 1265 1289 decreuerat
1296 1249 1419 1299 Dux,
1454 1250 1544 1291 nisi
1565 1259 1761 1302 urgente

124 1321 328 1373 quodam
350 1322 539 1373 negotio
560 1322 724 1361 fuisset
746 1320 1012 1372 impeditus:
1040 1320 1165 1360 misit
1192 1327 1349 1361 tamen
1379 1333 1433 1361 eo
1456 1322 1684 1373 quosdam
1704 1334 1761 1363 ex

120 1393 217 1433 suis
240 1393 405 1433 aulicis
427 1398 472 1433 et
491 1393 681 1433 intimis.

201 1464 340 1504 Pater
363 1476 476 1516 ergo
497 1475 669 1516 magno
691 1464 893 1515 fortique
916 1463 1072 1503 animo
1090 1462 1368 1514 aggreditur
1384 1474 1609 1514 magnum
1625 1470 1670 1505 et
1691 1477 1760 1505 ar—

122 1536 267 1576 duum
302 1548 417 1587 opus
439 1536 485 1575 in
507 1536 594 1575 hac
627 1541 756 1575 tanta
788 1547 945 1575 rerum
973 1534 1238 1574 diuinarum
1263 1534 1532 1585 ignorantia
1562 1541 1606 1575 et
1637 1547 1760 1576 erro-

119 1619 223 1647 rum
245 1608 494 1658 prauitate.
518 1607 589 1647 De
617 1606 925 1647 Sacramento
953 1606 1279 1647 Eucharistiae
1307 1606 1345 1646 is
1376 1606 1573 1647 instituit
1609 1606 1759 1659 dispu-

118 1678 361 1729 tationem,
392 1678 529 1730 idque
565 1678 763 1718 duarum
797 1678 1021 1718 horarum
1063 1677 1297 1717 curriculo
1334 1677 1629 1718 confirmauit
1664 1686 1757 1719 tum

120 1748 284 1799 figuris
306 1755 350 1788 et
372 1749 626 1789 inuolucris
652 1749 825 1789 ueteris
857 1747 1137 1798 testamenti,
1162 1754 1259 1788 tum
1281 1747 1623 1799 Prophetarum
1645 1751 1757 1789 uati>

119 1820 254 1875 ciniis
287 1829 330 1861 et
367 1821 585 1870 oraculis,
623 1826 720 1860 tum
750 1820 1036 1860 authoritate
1063 1819 1339 1871 euangelica
1367 1826 1411 1860 et
1439 1821 1594 1860 uerbis
1615 1821 1758 1873 ipsius

116 1893 325 1940 Domini,
351 1899 447 1932 tum
475 1891 766 1942 testimoniis,
791 1891 921 1931 libris
951 1897 994 1931 et
1021 1891 1264 1931 sententiis
1295 1897 1391 1931 tum
1421 1891 1756 1943 Apostolorum

117 1971 162 2006 et
185 1965 436 2004 multorum
459 1964 822 2015 apostolicorum
844 1969 887 2003 et
910 1962 1172 2015 Martyrum
1193 1969 1237 2003 et
1268 1964 1516 2003 illustrium
1540 1970 1635 2003 tarn
1657 1975 1755 2004 san

123 2037 285 2077 ctitate
321 2048 459 2087 quam
501 2035 763 2087 eloquentia
800 2035 1023 2083 uirorum,
1058 2040 1155 2074 tum
1192 2036 1405 2086 exemplo
1443 2035 1681 2075 nascentis
1716 2043 1756 2075 et

124 2107 335 2148 florentis
367 2107 609 2157 ecclesiae,
640 2118 758 2158 quae
785 2107 991 2158 quotidie
1019 2118 1215 2146 coenam
1242 2106 1416 2147 domini
1444 2107 1625 2146 edebat:
1656 2118 1757 2158 pos-

114 2186 265 2221 tremo
286 2179 660 2231 frequentatione
682 2184 726 2218 et
746 2190 832 2218 usu
853 2184 1055 2230 patrum,
1081 2178 1159 2230 qui
1190 2184 1359 2218 octauo
1382 2189 1566 2230 quoque
1589 2178 1661 2218 die
1682 2189 1758 2228 ge-

113 2251 317 2291 neratim
340 2250 398 2290 ad
419 2261 631 2290 mensam
652 2249 841 2290 Domini
864 2250 1168 2290 accedebant.

198 2322 301 2362 Hac
318 2322 547 2362 concione
569 2322 703 2362 ualde
726 2322 883 2373 angeli
913 2321 1285 2372 delectabantur3
1309 2327 1488 2369 contra,
1514 2326 1757 2372 tantopere

117 2394 269 2434 hostis
288 2394 441 2445 gentis
464 2393 697 2433 humanae
719 2394 995 2443 uexabatur,
1019 2399 1068 2433 ut
1090 2404 1192 2433 sese
1213 2405 1307 2433 non
1328 2393 1530 2444 potuerit
1552 2392 1755 2432 refrena-

114 2478 165 2506 re
188 2466 298 2517 quin
321 2465 568 2506 ecclesiam
590 2464 796 2505 eluderet
816 2465 864 2505 in
885 2465 975 2505 illis
997 2465 1094 2505 suis
1121 2464 1343 2515 cogitatis
1363 2464 1614 2504 furoribus.
1638 2463 1755 2503 Nam

116 2549 227 2577 ecce
251 2538 295 2577 in
327 2538 427 2589 ipso
458 2536 611 2576 medio
640 2536 866 2577 orationis
894 2548 1034 2576 cursu
1064 2535 1477 2576 sceleratissimam
1506 2534 1755 2587 quamdam

116 2609 356 2648 mulierem
384 2609 697 2648 inueteratam
725 2607 771 2647 in
798 2607 943 2647 uariis
966 2607 1260 2659 opinionibus
1289 2607 1336 2646 in
1357 2606 1563 2646 furorem
1585 2612 1629 2646 et
1650 2618 1756 2646 exa-

114 2680 422 2720 nimationem
445 2679 691 2730 conuertit,
715 2690 835 2730 quae
857 2679 955 2719 suis
976 2678 1260 2719 clamoribus
1279 2684 1322 2718 et
1343 2677 1581 2718 furoribus
1604 2677 1753 2728 coepit

169 2842 177 2860 ¹
219 2841 308 2868 Vide
325 2841 451 2868 Cartas
466 2841 508 2868 de
525 2840 557 2867 S.
580 2840 731 2874 [gutiam
745 2844 769 2867 t.
785 2848 831 2873 ιν,
848 2847 926 2874 pag.
941 2839 994 2867 523
1009 2843 1041 2866 et
1056 2847 1142 2874 seq..
1160 2843 1192 2866 et
1210 2838 1358 2866 Pomm-ct
1374 2837 1576 2870 chronicon,
1594 2842 1617 2864 t.
1633 2845 1678 2870 1v,
1699 2838 1754 2864 ubi

116 2889 190 2916 {sse
207 2889 247 2916 de
262 2889 327 2916 hac
342 2889 508 2916 Ducissae
524 2888 709 2916 Ferrariae
727 2889 954 2915 conversione
970 2888 1160 2915 disseritur.

167 2938 180 2955 “-’
220 2936 390 2964 Renatam
407 2937 447 2964 de
463 2936 613 2963 Francia
629 2936 762 2970 (Renee
777 2936 819 2963 de
834 2935 998 2963 Frances.

167 2984 181 3001 Γ·
222 2984 256 3011 1η
273 2985 482 3012 monasterio
499 2984 661 3018 Corporis
676 2983 803 3012 Christi
817 2984 889 3017 (del
905 2983 1011 3020 Carpo
1025 2984 1069 3011 de
1085 2983 1209 3017 Cristo)
1224 2982 1326 3010 dicto.
