2028 3328
221 127 292 165 480
736 129 963 166 LITTERAE
982 138 1341 171 QUADRIMESTRES

301 224 432 264 Licet
454 225 614 275 multa,
646 225 761 265 satis
782 225 976 276 prolixe,
1007 225 1118 264 mihi
1138 224 1299 264 uidear
1322 235 1737 274 commemorasse,
1761 237 1853 265 non

222 300 378 335 tamen
399 302 585 336 tuorum
607 307 852 336 seruorum
886 302 1062 336 statum
1091 294 1446 335 transiliendum
1474 306 1674 346 aequum
1696 297 1851 336 statui.

225 365 398 407 Omnes
419 367 466 407 in
489 378 655 406 munus
678 367 765 407 sibi
786 367 991 407 delatum
1020 366 1307 406 incumbunt.
1346 365 1472 406 D.¹11¹S
1496 365 1727 406 Gonzales
1749 377 1853 418 ego-

222 449 310 489 que
327 437 449 489 (licet
470 437 663 488 indigni)
682 437 803 478 ludis
823 448 1115 489 praesumus.
1139 436 1529 489 Vnumquemque
1547 449 1676 488 pace,
1702 437 1850 477 chari-

223 514 320 549 tate
341 509 631 560 caeterisque
653 509 916 559 uirtutibus,
941 507 1147 547 animum
1183 508 1392 558 expolire
1428 520 1564 548 suum
1597 508 1757 548 labore
1790 509 1854 548 in-

222 586 350 620 tento
386 581 546 620 conari
580 587 707 631 puto:
743 591 833 631 quo
867 580 1034 631 ipsum,
1066 584 1171 629 post
1199 585 1495 629 praesentem
1524 579 1689 630 lucem,
1724 579 1853 620 Deus

222 651 422 702 optimus
443 651 674 691 maximus
695 651 872 702 probet,
897 651 1052 690 foueat
1074 660 1250 700 suaque
1272 650 1423 700 gloria
1443 651 1768 690 communicet.

300 721 520 773 Superest
541 729 589 762 ut
611 721 947 772 (benedictione
970 720 1183 771 elargita)
1206 726 1284 760 tua
1306 720 1571 761 Paternitas
1587 733 1673 761 nos
1693 733 1856 761 omnes

219 792 323 835 Deo
351 793 493 833 etiam
521 798 659 844 atque
687 793 827 832 etiam
855 791 1206 832 commendatos
1228 792 1366 842 uelis,
1392 803 1483 843 quo
1514 792 1614 832 eius
1645 793 1856 832 uolunta-

222 869 315 904 tem
336 870 379 904 et
400 874 714 915 agnoscamus
735 863 886 913 facile,
917 869 960 902 et
988 863 1169 913 integre
1196 863 1363 914 exequi
1390 864 1647 904 ualeamus.

303 935 348 975 V
368 934 474 975 Idus
495 934 619 985 Maii,
645 947 671 974 a
692 934 905 984 Virginis
926 939 1063 985 partu
1088 934 1201 973 1555.

381 1006 469 1046 Per
490 1005 638 1046 nostri
660 1004 752 1044 Rdi
773 1004 821 1044 Ρ.
847 1004 1244 1054 commissionem,

634 1076 761 1116 Tuae
784 1075 1075 1115 obedientiae
1097 1075 1452 1126 indignissimus
1473 1075 1610 1127 filius,

1167 1216 1376 1270 JOANNES
1406 1217 1639 1257 IGNATqu.

301 1430 654 1482 Superscm'ptz'o
672 1429 721 1469 2'12
738 1433 912 1481 quarta
922 1429 1131 1481 pagina:
1147 1433 1175 1478 †
1191 1429 1294 1470 R.d0
1316 1430 1362 1470 in
1384 1429 1540 1471 Cristo
1563 1430 1723 1481 Patri,
1749 1430 1857 1472 D.¹²0

226 1502 407 1553 Ignatio
430 1502 652 1553 Loonae,
686 1502 828 1541 totius
861 1507 1053 1541 nostrae
1073 1500 1322 1542 Societatis
1348 1501 1460 1554 Jesu
1493 1502 1728 1551 Gener-ali,
1751 1501 1858 1542 D.110

224 1584 328 1613 meo
350 1572 723 1613 observandiss.0
743 1572 935 1613 Romae.

302 1643 415 1683 Alia
436 1655 598 1683 manu:
618 1643 732 1683 1555.
756 1643 948 1684 Mutina.
975 1642 1354 1694 Quadrimestres
1378 1643 1422 1683 ll
1448 1643 1573 1684 Maii.
1598 1643 1807 1685 Emend.'

374 1998 623 2026 Praecedentes
639 1998 754 2026 Patris
768 1997 908 2031 Joannis
924 1997 1041 2025 Gnatii
1057 1998 1196 2025 litterae
1211 2005 1231 2025 a
1247 1997 1282 2026 P.
1297 1997 1446 2024 Polanco
1462 1996 1665 2024 emendatae
1682 1996 1704 2023 1.

1029 2140 1061 2192 †

304 2283 403 2323 Pax
420 2283 606 2324 Christi.

305 2353 434 2404 Quae
455 2354 667 2405 proxime
702 2354 819 2394 actis
846 2359 1046 2406 quatuor
1075 2353 1313 2393 mensibus
1341 2364 1424 2404 per
1451 2359 1558 2393 tuos
1579 2354 1626 2394 in
1648 2353 1856 2393 Domino

225 2435 386 2464 seruos
415 2424 654 2476 hic'gesta
680 2430 800 2476 sunt,
839 2424 993 2477 quoad
1029 2424 1305 2464 breuissime
1335 2430 1518 2475 potero,
1551 2423 1614 2464 R.
1651 2423 1718 2473 R,
1759 2435 1859 2476 per-

227 2494 470 2546 stringam.

306 2565 423 2606 Cum
443 2566 585 2618 igitur
601 2578 723 2607 vnus
739 2572 1008 2607 nostrorum
1025 2564 1290 2618 quemdam,
1309 2565 1447 2616 graui
1467 2565 1630 2605 morbo
1651 2565 1729 2605 diu
1751 2577 1860 2606 con-

227 2634 399 2677 fectum
433 2643 572 2689 atque
606 2638 909 2688 pertinaciter
939 2637 1233 2677 salutiferam
1263 2635 1611 2676 confessionem
1637 2648 1857 2677 recusan-

227 2712 334 2757 tem,
357 2707 594 2757 inuiseret,
618 2719 704 2748 nec
727 2709 784 2748 ab
802 2719 857 2748 ea
875 2714 1030 2749 mente
1052 2707 1282 2748 deducere
1302 2718 1390 2747 nec
1407 2707 1500 2747 ullo
1523 2706 1758 2748 deterrere
1778 2719 1857 2759 pa-

227 2782 302 2817 cto
322 2779 514 2829 ualeret,
538 2779 738 2830 tempori
759 2784 868 2819 tunc
889 2779 1055 2820 cedere
1076 2778 1299 2819 decreuit.
1324 2776 1415 2819 Sed
1435 2784 1542 2830 post
1562 2779 1738 2830 aliquot
1759 2777 1859 2819 dies

284 2934 293 2954 ¹
333 2935 419 2962 Vide
434 2944 548 2971 supra,
564 2945 655 2972 pag.,
672 2938 734 2965 474.
750 2941 854 2966 annot
896 2940 920 2967 1.
