2028 3328
816 109 899 146 AN.
931 109 1022 147 1555
1669 112 1743 148 479-

183 208 254 248 Ex
277 207 528 248 Canonicis
550 208 841 259 caeterisque
863 202 1000 247 huius
1017 207 1144 247 urbis
1176 208 1511 257 sacerdotibuS,
1540 208 1617 259 qui
1644 220 1737 248 mo-

103 291 204 319 rem
226 286 269 319 et
291 280 552 319 institutum
573 284 786 318 nostrum
822 278 1167 327 commendare,
1198 289 1391 329 seseque
1420 279 1465 318 in
1494 290 1578 318 nos
1600 279 1733 319 bene-

103 351 235 390 uolos
256 350 443 390 flectere
466 351 705 401 incipiant,
729 349 940 389 nonnulli
957 349 1408 389 inueniuntur.Inter
1431 360 1548 400 quos
1570 361 1737 390 reuera

102 421 176 461 ille
211 421 399 461 minime
421 422 665 473 reperitur,
700 420 777 471 qui
812 432 945 460 suam
981 418 1117 459 fidem
1140 419 1195 470 (si
1218 420 1334 460 bene
1358 419 1622 466 meministi)
1648 432 1733 459 nos

104 493 264 543 templi
285 491 355 531 sui
376 504 461 531 usu
484 491 873 540 communicandi,
897 502 980 541 per
1014 491 1281 530 cautionem
1303 489 1475 537 datam,
1500 501 1593 530 non
1615 491 1734 530 citra

107 574 328 614 magnam
357 563 668 603 temeritatem
696 569 970 614 turpemque
998 562 1085 601 sibi
1114 562 1266 601 labem
1294 573 1552 612 aspersam,
1578 561 1731 611 fregit.

104 634 241 674 Hunc
263 634 308 673 in
329 634 586 685 perniciem
607 639 816 673 nostram
836 632 1120 682 incumbere,
1147 632 1245 672 eius
1268 632 1314 671 in
1332 643 1418 671 nos
1440 643 1584 683 opera
1606 633 1733 672 nullo

103 705 303 756 negocio
326 710 712 745 commonstrant.
731 703 911 756 Quippe
933 703 1011 755 qui
1029 703 1170 753 (solus
1190 703 1311 743 inter
1333 708 1546 743 caeteros
1575 714 1737 743 omnes

104 778 333 828 pastores)
354 777 395 816 ei
411 776 635 827 subditos,
655 775 732 828 qui
749 775 808 815 ad
825 786 909 815 nos
929 774 1180 814 confitendi
1202 774 1356 825 gratia
1379 774 1623 824 accedunt,
1648 773 1736 813 dis-

103 848 293 887 turbare
311 859 365 887 ac
382 858 644 899 repungere
661 847 786 887 nullo
805 844 930 898 [non]
947 851 1086 897 pacto
1114 851 1307 896 perstat.
1328 845 1459 896 Ipsos
1481 845 1527 885 in
1550 846 1738 896 culpam

106 924 149 958 et
172 917 477 958 offensionem
497 929 733 969 magnam,
753 918 799 957 in
821 917 1020 968 capitale
1038 916 1228 962 crimen,
1254 916 1301 956 in
1322 915 1548 967 perfidam
1564 917 1737 956 tenaci-

104 995 260 1040 tatem,
282 989 328 1029 in
345 989 564 1037 schisma,
580 990 627 1029 in
643 987 1175 1029 excommunicationem
1192 987 1426 1037 incidisse,
1442 988 1741 1039 proclamare

102 1073 196 1101 non
225 1060 419 1101 desistit.
450 1060 700 1112 Nunquam
721 1060 834 1111 ipsis
855 1059 1031 1100 Christi
1061 1070 1233 1110 corpus
1254 1059 1734 1098 subministraturum:

102 1144 342 1184 nunquam
377 1132 437 1172 ad
464 1143 599 1172 suum
628 1132 851 1182 templum
885 1131 1063 1171 aditum
1091 1130 1433 1182 praebiturum,
1470 1130 1518 1169 ni
1553 1129 1740 1180 publica

103 1215 253 1255 poena
273 1203 404 1254 prius
424 1203 633 1243 mulctati
654 1203 838 1251 fuerint,
868 1202 1120 1254 protestari
1146 1213 1239 1241 non
1270 1201 1454 1241 desinit.
1478 1200 1627 1251 Quid?
1649 1201 1739 1240 hoc

105 1274 335 1326 superiori
368 1274 560 1326 pascha,
597 1274 706 1314 licet
738 1286 764 1314 a
793 1273 899 1313 D.1¹0
929 1273 1163 1325 Episcopo
1194 1283 1490 1323 summopere
1527 1276 1738 1321 rogatus,

103 1345 195 1385 imo
234 1346 402 1395 iussus,
440 1356 522 1384 eos
553 1345 828 1396 angelorum
863 1355 983 1396 pane
1011 1343 1203 1384 reficere
1233 1343 1401 1383 renuit.
1432 1341 1553 1393 Quid
1582 1342 1738 1393 plura?

103 1416 398 1456 hebdomada
419 1422 598 1466 sancta,
622 1415 841 1456 sacrandi
862 1426 1006 1455 causa
1024 1415 1090 1466 (ut
1107 1415 1251 1454 moris
1267 1414 1352 1464 est)
1370 1414 1534 1454 domos
1553 1424 1743 1465 percur-

104 1499 212 1528 rens
234 1488 444 1538 singulas
467 1488 508 1538 (o
537 1488 656 1528 bone
684 1486 825 1535 Deus,
849 1487 1071 1526 miserere
1098 1487 1282 1538 precor)
1312 1485 1453 1525 aedes
1474 1484 1533 1524 ad
1554 1496 1641 1524 nos
1663 1483 1741 1524 ad-

103 1559 396 1620 uentantium
426 1559 708 1609 transiliens,
740 1570 819 1598 eas
855 1570 976 1609 aqua
1004 1569 1140 1598 sacra
1174 1557 1460 1609 participare
1498 1556 1661 1595 noluit.
1698 1555 1742 1595 Is

104 1638 348 1682 praeterea
366 1642 526 1670 eorum
548 1636 719 1681 patres,
743 1635 931 1680 matres,
956 1629 1203 1679 coniuges,
1228 1629 1354 1668 uelut
1376 1627 1740 1675 consentientes,

104 1702 317 1742 eumdem
354 1701 607 1741 incurrisse
638 1713 846 1741 errorem
880 1702 927 1741 in
956 1700 1163 1740 animum
1191 1699 1388 1740 induxit.
1411 1698 1519 1739 Fuit
1542 1710 1654 1738 sane
1686 1697 1742 1737 ri-

104 1773 322 1824 diculum,
359 1773 437 1812 ubi
472 1784 664 1812 cernere
691 1772 832 1822 licuit,
869 1772 1035 1823 quibus
1061 1771 1321 1811 rationibus
1353 1770 1491 1809 istam
1513 1779 1740 1809 uesanam

105 1850 307 1884 mentem
339 1844 594 1884 consultam
610 1843 762 1883 habet:
787 1843 956 1883 adhibe
979 1854 1061 1882 oro
1085 1842 1306 1891 animum,
1331 1841 1393 1880 mi
1414 1840 1567 1880 Pater.
1592 1839 1741 1879 Huius

105 1916 311 1955 animum
332 1921 462 1955 tanta
483 1915 666 1955 insania
683 1914 731 1954 P.
756 1914 927 1954 Rector
944 1914 1207 1954 absterrere
1225 1918 1470 1964 exoptans,
1490 1911 1532 1951 ei
1550 1910 1738 1950 obuiam

103 1987 242 2037 facto,
267 1992 452 2037 praeter
472 1987 607 2036 plura
636 1985 748 2034 alia,
773 1985 918 2037 ipsius
946 1985 1213 2036 opinionem
1239 1982 1513 2031 refellentia,
1548 1987 1739 2021 nostrae

106 2057 355 2098 Societatis
388 2057 635 2108 priuilegia
668 2057 952 2107 assignauit,
986 2068 1104 2108 quae
1135 2055 1321 2105 quidem
1350 2053 1450 2105 ipse
1486 2052 1744 2103 explodens

105 2141 160 2169 ac
182 2140 266 2180 pro
287 2128 430 2168 nihilo
452 2128 675 2179 pendens,
699 2139 806 2177 non,
830 2127 992 2179 inquit,
1017 2127 1076 2167 ad
1103 2127 1191 2166 hoc
1214 2123 1556 2176 assequendum
1578 2132 1738 2163 uestra

104 2201 264 2240 ualent
284 2199 545 2251 priuilegia,
569 2205 820 2250 propterea
841 2198 965 2250 quod
984 2198 1079 2238 uim
1103 2204 1147 2237 et
1166 2196 1438 2236 facultatem
1460 2206 1610 2244 suam,
1642 2195 1742 2233 sine

107 2272 305 2311 alicuius
339 2270 648 2322 praeiudicio,
688 2268 813 2321 [non]
847 2270 1082 2310 obtinent:
1121 2267 1462 2320 praeiudicium
1495 2276 1582 2305 nec
1616 2264 1743 2305 aliud

106 2343 355 2394 quicquam
383 2347 518 2382 sonat
547 2353 687 2393 quam
713 2347 846 2381 extra
874 2341 1120 2380 iudicium:
1151 2339 1233 2378 sed
1264 2338 1309 2378 id
1336 2337 1385 2377 fit
1417 2342 1550 2377 extra
1586 2347 1742 2376 meum

105 2413 343 2464 iudicium,
373 2424 486 2463 ergo
509 2419 597 2453 etc.
627 2413 694 2452 Ea
717 2419 760 2452 et
782 2413 873 2452 alia
895 2412 950 2452 iis
972 2412 1142 2451 similia
1174 2409 1463 2461 sophismata
1495 2407 1738 2458 colligens,

106 2484 319 2524 manibus
341 2484 469 2523 libris
490 2484 688 2529 refertis,
712 2483 802 2523 huc
825 2489 962 2534 atque
983 2482 1074 2522 huc
1105 2481 1373 2521 discurrens
1394 2511 1401 2530 ‚
1433 2479 1743 2530 plurimorum

104 2561 355 2606 penetrans
377 2555 554 2603 domos,
578 2554 666 2594 ista
689 2565 772 2593 sua
796 2560 1073 2604 argumenta
1095 2551 1363 2602 sophisticis
1385 2549 1742 2590 collectionibus

103 2625 474 2677 tortionibusque
505 2626 844 2677 scripturarum
878 2624 1041 2664 fulcire
1062 2623 1239 2663 nititur:
1276 2628 1326 2661 ut
1347 2621 1425 2672 qui
1446 2621 1506 2660 ad
1542 2632 1628 2660 nos
1668 2633 1742 2660 ac-

105 2697 290 2747 cedunt,
321 2708 575 2748 eorumque
604 2702 823 2747 parentes
859 2702 903 2735 et
929 2695 1169 2745 coniuges,
1201 2691 1738 2733 excommunicationem

105 2767 360 2808 incurrisse
381 2768 628 2819 probatum
656 2778 710 2807 ac
736 2771 958 2806 testatum
980 2766 1070 2805 det.
1103 2763 1141 2805 O
1177 2762 1512 2814 benignissime
1540 2761 1671 2814 Jesu,
1697 2769 1741 2802 te

107 2839 349 2890 deprecor,
373 2838 596 2878 discussis
617 2837 835 2887 tenebris,
862 2838 1013 2876 lucem
1035 2835 1233 2876 rationis
1255 2834 1362 2874 huic
1384 2833 1527 2873 menti
1548 2833 1741 2883 reddas,

109 2906 198 2961 qua
221 2921 385 2950 uerum
407 2921 433 2950 a
454 2909 571 2949 falso
593 2908 860 2949 discernere
881 2912 1036 2959 queat.
