2028 3328
168 144 237 181 110
678 143 904 182 LITTERAE
930 154 1290 188 QUADRIMESTRES

164 241 353 281 cultatis
381 241 577 291 delectu,
611 242 690 293 qui
716 252 766 281 se
793 241 984 292 negotia
1012 247 1175 282 nostra
1207 251 1406 292 syncere
1428 245 1673 280 curaturos
1694 252 1801 292 pro-

164 312 347 352 misere.
372 312 532 364 Itaque
553 312 642 353 hoc
665 312 889 364 temporis
910 312 1107 353 articulo
1136 312 1305 363 viginti
1330 311 1466 351 facile
1487 311 1803 352 nominatissi·

163 384 226 423 mi
257 383 467 434 theologi
499 384 675 424 nostris
709 383 1039 435 diplomatibus
1073 383 1400 423 examinandis
1441 382 1709 433 inuigilant,
1746 389 1801 423 vt

164 455 354 495 tandem
374 455 638 506 vniuersae‚
661 453 884 495 Doctoris
910 454 1097 495 Picardi
1125 454 1404 495 auctoritate
1435 453 1597 494 forsan
1618 465 1801 505 permo-

162 526 358 577 uendae,
387 526 682 577 theologicae
707 526 745 566 F
749 526 967 566 acultatis
988 526 1222 567 communi
1244 525 1432 565 decreto
1454 525 1510 565 de
1532 525 1666 565 nobis
1694 535 1801 564 nos-

162 597 339 649 trisque
372 598 632 649 priuilegiis
666 597 843 637 feratur
876 598 1124 638 sententia.
1153 596 1246 647 Ipsi
1281 596 1484 636 viderint
1515 608 1572 636 ne
1608 594 1801 637 Pontifi-

163 668 286 708 ciam
309 669 653 719 auctoritatem,
677 669 830 720 magis
851 680 992 720 quam
1012 667 1262 709 Societatis
1279 667 1400 719 Jura‚
1425 666 1675 707 offendant.

243 739 366 781 RflfflS
392 739 531 780 Pater
550 746 710 781 noster
730 752 825 780 non
846 740 1122 781 decreuerat
1138 740 1226 779 hoc
1243 745 1454 790 tempore
1471 738 1803 789 theologorum

164 811 358 851 arbitrio
389 822 582 851 causam
608 817 821 851 nostram
848 810 1030 862 offerre,
1060 810 1149 851 nisi
1177 809 1412 861 praesidio
1445 815 1489 849 et
1517 809 1800 849 auctoritate

162 882 280 922 tanti
297 882 386 922 viri
404 882 646 933 impulsus3
665 882 742 933 qui
760 881 946 933 quidem
963 887 1092 922 tanto
1114 893 1200 921 nos
1219 880 1384 920 fauore
1406 880 1718 931 prosequitur,
1748 886 1800 919 vt

161 953 288 992 solus
310 965 366 993 ac
386 953 565 1004 primus
586 953 804 993 videatur
824 958 1035 993 nostrum
1056 963 1173 993 onus
1195 963 1330 991 omne
1360 951 1408 991 in
1439 962 1548 991 suos
1575 950 1796 991 humeros

161 1024 423 1064 sustulisse.
455 1024 574 1064 Nam
594 1024 754 1064 literas
775 1023 1080 1064 immunitatis
1101 1023 1262 1074 regiae
1282 1022 1418 1062 bonis
1440 1022 1496 1062 ab
1518 1021 1751 1073 Episcopo
1789 1020 1798 1040 ¹

161 1094 384 1136 Societati
406 1095 574 1136 dicatis
603 1094 888 1146 irrogandae
909 1094 1003 1135 iam
1023 1094 1161 1135 tertio
1183 1093 1385 1134 describi
1406 1093 1631 1143 nobisque
1653 1093 1795 1143 impe-

160 1172 309 1207 tratas
331 1166 462 1206 reddi
492 1167 690 1207 curauit:
715 1178 833 1218 quae
854 1177 943 1217 reS,
967 1172 1154 1217 praeter
1175 1165 1486 1216 grauissimos
1507 1164 1708 1214 labores,
1734 1162 1799 1203 fa-

161 1238 248 1278 cile
265 1238 608 1289 quinquaginta
625 1244 955 1278 coronatorum
975 1236 1211 1288 impendio
1229 1236 1362 1276 nobis
1380 1235 1681 1276 constitisset.
1702 1233 1800 1275 Nec

159 1309 346 1350 interim
369 1309 555 1350 Patrem
576 1320 747 1360 vrgere
778 1308 968 1358 destitit,
992 1315 1043 1348 vt
1073 1309 1421 1359 eleemosynam
1451 1307 1702 1358 acciperet,
1734 1305 1803 1346 fa-

159 1380 315 1421 miliae
336 1387 527 1421 nostrae
553 1380 929 1432 impendendam:
962 1379 1175 1430 promisit
1205 1391 1254 1419 se
1276 1378 1394 1430 Regi
1421 1379 1434 1398 ²
1456 1378 1696 1429 negotium
1717 1376 1795 1418 So-

158 1452 342 1492 cietatis
371 1452 493 1493 serio
529 1452 986 1502 commendaturum,
1023 1451 1061 1491 si
1089 1451 1299 1501 theologi
1328 1462 1355 1490 a
1383 1450 1557 1490 nostris
1589 1448 1805 1501 partibus

157 1535 252 1563 non
272 1524 503 1564 steterint:
526 1523 652 1564 haud
669 1524 867 1574 vulgare
890 1521 1147 1563 subsidium
1168 1522 1340 1573 templo
1363 1520 1560 1572 Collegii
1581 1526 1796 1560 extruen-

157 1594 216 1635 do
238 1595 497 1646 pollicetur.
524 1593 778 1635 Praediues
799 1600 868 1647 est
895 1606 951 1635 ac
979 1604 1189 1634 summae
1220 1592 1528 1633 auctoritatis.
1559 1590 1800 1632 Facultati

158 1666 468 1717 theologicae,
491 1677 576 1717 pro
598 1677 727 1706 more
750 1672 956 1717 recepto,
987 1666 1088 1717 ipso
1119 1665 1298 1705 decano
1327 1663 1627 1715 efflagitante,
1657 1661 1797 1703 Sena-

157 1743 232 1777 tus
253 1737 406 1777 edicto
428 1749 509 1789 per
526 1736 772 1777 ostiarium
788 1736 1075 1787 denuntiato,
1089 1735 1330 1786 negotium
1343 1734 1519 1775 decreti
1535 1733 1717 1774 ferendi
1734 1733 1800 1773 in—

157 1809 366 1848 iunctum
383 1814 467 1859 est,
487 1814 551 1857 vt,
569 1808 768 1859 abrupta
780 1818 927 1856 mora,
943 1818 1076 1847 suam
1092 1806 1334 1858 proferant
1352 1805 1588 1846 communi
1604 1816 1797 1846 consen-

156 1891 210 1920 su
246 1879 453 1930 theologi
487 1879 787 1920 sententiam.
833 1877 993 1929 Itaque
1038 1877 1309 1929 propediem
1351 1876 1488 1917 finem
1529 1887 1791 1927 speramus:

154 1949 370 1991 Christus
403 1950 521 1991 faxit
557 1961 850 2002 prosperum;
887 1960 998 1990 nam
1031 1949 1128 1989 fere
1163 1948 1370 2000 quotidie
1397 1948 1566 1999 viginti
1600 1947 1795 1998 negotio

156 2021 449 2062 discutiendo
472 2021 798 2061 immorantur.
830 2019 1064 2061 Proximis
1091 2019 1239 2059 literis
1270 2019 1499 2070 intelliget
1529 2016 1800 2058 Paternitas

156 2098 235 2133 tua
256 2092 323 2133 rei
345 2103 633 2133 successum.

234 2163 370 2204 R.mus
398 2163 660 2215 Episcopus
695 2163 1060 2204 Clarmontanus
1097 2162 1252 2202 adhuc
1287 2173 1313 2201 a
1348 2160 1623 2201 Pentecoste
1658 2159 1797 2201 Lute-

153 2235 247 2275 tiae
268 2235 446 2286 haeret,
470 2245 613 2286 aegre
635 2240 743 2275 ante
769 2234 987 2287 hyemem
1014 2245 1100 2274 nos
1126 2233 1390 2273 relicturus.
1423 2231 1617 2284 Recepit
1643 2231 1794 2272 Roma

151 2306 312 2347 literas
338 2318 365 2346 a
394 2306 566 2347 celebri
592 2306 711 2355 viro,
742 2304 994 2357 aliquando
1026 2304 1327 2345 Minimorum
1355 2303 1493 2344 Patre
1516 2302 1739 2344 Generali
1760 2302 1790 2354 ⁵,

152 2377 347 2417 mirifice
382 2376 579 2428 Collegii
607 2375 856 2418 Societatis
884 2375 1084 2416 Romani
1105 2375 1267 2416 laudes
1296 2375 1587 2425 extollentes,
1622 2374 1797 2426 quibus

153 2447 413 2499 Episcopus
430 2449 626 2488 multum
643 2448 900 2488 delectatus
916 2452 1001 2487 est:
1023 2454 1162 2498 vrget
1182 2458 1283 2497 nos,
1304 2452 1353 2486 vt
1371 2445 1633 2496 Collegium
1653 2445 1791 2485 Billo·

153 2530 312 2559 mense
334 2519 571 2569 auspicari
600 2530 919 2570 properemus,
944 2518 1058 2558 nihil
1080 2518 1372 2569 ambigentes
1393 2516 1449 2557 de
1471 2517 1570 2557 eius
1592 2516 1791 2556 liberali-

153 2595 264 2630 tate.
294 2589 511 2630 Asseruit
539 2589 667 2630 Patri
694 2602 743 2630 se
773 2590 947 2630 habere
976 2589 1186 2629 redditus
1218 2600 1302 2629 sex
1332 2588 1526 2628 millium
1560 2587 1792 2627 librarum

152 2660 472 2701 francicarum
507 2673 530 2701 e
564 2661 698 2701 bonis
732 2660 1066 2701 ecclesiasticis
1101 2665 1415 2711 comparatos,
1445 2670 1562 2710 quos
1595 2657 1793 2710 proinde

208 2869 219 2891 ¹
258 2868 562 2896 Claramontanum
578 2867 745 2903 intellige,
761 2867 965 2896 Gulielmum
980 2869 1023 2896 du
1040 2868 1136 2896 Prat-

206 2917 221 2936 2
259 2916 407 2944 Henrico
422 2914 468 2942 11.

208 2965 222 2984 5
259 2965 395 2999 Gaspar
410 2970 430 2990 a
446 2961 550 2992 Fosso
568 2966 621 2992 ve*¹
636 2962 678 2991 de
694 2963 816 2992 Fossa.
834 2963 920 2991 Vide
937 2963 1087 2991 POLANCI
1099 2962 1303 2996 Chronicon,
1318 2965 1338 2990 t.
1356 2968 1403 2996 ιν,
1418 2968 1497 2996 pag.
1510 2961 1574 2997 3211,
1589 2969 1619 2989 n.
1632 2961 1696 2989 693.
