2028 3328
216 109 286 147 764
734 110 960 148 LITTERAE
979 122 1338 155 QUADRIMESTRES

294 205 390 245 Eae
412 206 679 257 conciones,
705 218 823 258 quae
845 207 892 247 in
912 208 1085 259 templo
1106 214 1268 248 nostro
1287 209 1342 248 de
1361 209 1574 249 doctrina
1593 210 1851 251 christiana

216 276 379 316 haberi
401 277 566 327 solent,
591 284 811 318 accurate
829 284 872 318 et
889 279 1135 330 diligenter
1154 279 1220 329 (vt
1239 290 1379 331 saepe
1397 280 1623 331 scripturn
1642 282 1725 331 est)
1745 293 1853 322 con-

220 347 477 397 tinuantur,
501 354 545 388 et
565 348 784 400 frequens
805 360 978 400 magna
1001 361 1106 389 cum
1135 350 1396 390 animorum
1423 351 1622 391 utilitate
1638 358 1681 391 et
1699 353 1852 393 fructu

217 418 275 458 ad
297 430 376 458 eas
396 419 636 460 hominum
657 419 705 460 fit
728 432 1000 460 concursus.
1025 420 1268 460 Habentur
1290 421 1378 461 hae
1399 421 1496 461 fere
1518 433 1703 473 semper
1722 435 1747 463 a
1765 423 1849 463 Pa-

215 496 285 529 tre
306 489 560 530 Melchiore
583 490 715 542 Cota,
739 492 973 531 interdum
994 491 1136 531 etiam
1160 492 1398 543 (quoniam
1425 492 1464 532 is
1493 498 1573 532 aut
1599 493 1646 533 in
1679 495 1850 545 templo

220 560 426 600 maximo
447 567 526 601 aut
549 561 595 601 in
618 562 722 602 aliis
743 562 878 602 huius
899 562 1029 602 vrbis
1048 563 1234 614 templis
1250 574 1586 614 nonnunquam
1603 565 1855 604 conciona-

218 631 308 681 tur)
330 642 503 682 magna
527 644 708 684 quoque
731 633 1019 673 audientium
1050 634 1404 684 approbatione,
1437 635 1494 674 ab
1522 646 1576 674 eo
1604 642 1738 686 patre
1767 635 1852 676 ha-

218 702 399 753 bentur,
425 703 501 754 qui
523 704 840 743 conscientiae
863 715 1003 743 casus
1025 705 1217 755 exponit
1240 704 1267 742 ¹.
1296 705 1473 745 Eorum
1501 711 1670 755 autem,
1695 707 1773 757 qui
1795 706 1854 745 ad

217 772 303 813 has
339 774 591 814 conciones
621 775 920 824 conueniunt,
951 786 1062 826 pars
1093 776 1314 823 maxima,
1347 776 1570 827 multique
1601 783 1847 828 praeterea

218 844 295 884 alii
322 856 601 896 unoquoque
623 857 783 885 mense
804 843 817 862 ²
846 846 902 885 de
929 846 1137 896 peccatis
1168 846 1461 886 confitentur.
1494 847 1544 887 Id
1571 848 1713 887 etiam
1740 859 1852 888 non-

218 916 328 955 nulli
359 922 528 956 octauo
556 928 738 968 quoque
771 917 844 956 die
871 917 1086 957 factitant
1115 923 1158 957 et
1180 924 1537 958 sacrosanctum
1559 917 1734 959 Christi
1755 930 1854 959 cor-

219 998 305 1037 pus
327 987 576 1037 accipiunt.
601 987 651 1026 ln
673 987 747 1027 his
767 987 907 1027 rebus
928 987 1093 1028 Patres
1116 996 1387 1029 uersantur:
1411 1000 1572 1029 eorum
1601 989 1854 1029 confessio-

219 1069 302 1098 nes
324 1058 532 1108 audiunt,
557 1058 634 1108 qui
656 1058 781 1109 apud
801 1069 888 1098 nos
908 1059 1056 1098 literis
1077 1059 1189 1099 dant
1211 1070 1425 1110 operam;
1448 1059 1608 1099 eadem
1633 1059 1688 1099 de
1711 1071 1855 1100 causa

221 1140 271 1168 se
294 1129 352 1169 ad
374 1136 598 1179 aegrotos
629 1141 769 1180 saepe
798 1129 1067 1180 conferunt;
1102 1132 1352 1181 generales
1382 1131 1576 1171 audiunt
1605 1130 1858 1171 confessio-

219 1210 325 1251 nes;
351 1200 471 1240 inter
492 1212 587 1248 eos,
613 1201 690 1251 qui
712 1201 818 1240 odio
836 1200 1078 1251 dissident,
1098 1202 1303 1252 gratiam
1323 1207 1630 1253 componunt,
1651 1202 1854 1242 animam

225 1278 419 1322 agentes
441 1272 487 1311 in
509 1272 610 1322 ipso
632 1273 759 1312 uitae
781 1272 992 1312 discessu
1013 1272 1244 1313 adiuvant
1265 1275 1300 1323 ὃς
1325 1273 1565 1324 multaque
1587 1273 1677 1313 alia
1705 1273 1859 1313 huius-

222 1342 347 1382 modi
387 1342 447 1382 ad
487 1342 794 1383 christianam
834 1343 1057 1394 pietatem
1094 1344 1377 1395 pertinentia
1416 1343 1620 1384 efficiunt
1639 1376 1646 1395 ‚
1692 1344 1860 1395 quibus

222 1413 435 1453 omnibus
470 1414 678 1454 maxima
707 1414 961 1455 immortali
988 1413 1090 1454 Deo
1119 1415 1274 1465 gloria
1302 1414 1535 1455 tribuitur.
1563 1414 1703 1455 Faxit
1731 1415 1770 1455 is
1805 1421 1856 1455 vt

222 1490 391 1524 cuncta
413 1484 530 1524 haec
552 1484 610 1525 ad
632 1485 731 1525 eius
752 1485 939 1525 laudern
959 1485 1046 1525 rite
1069 1491 1112 1525 et
1134 1485 1364 1526 foeliciter
1380 1485 1653 1537 procedant.

299 1553 402 1594 Hoc
424 1561 580 1594 autem
599 1555 673 1595 X.i
702 1555 907 1596 aduentu
929 1557 1139 1596 nonnulli
1160 1555 1325 1596 Patres
1347 1556 1394 1596 in
1416 1567 1656 1596 carcerem
1673 1556 1858 1596 iuerunt

220 1632 270 1665 vt
291 1626 557 1666 uinctorum
578 1627 897 1667 confessiones
919 1627 1149 1678 audirent,
1174 1634 1218 1668 et
1239 1627 1403 1668 diebus
1424 1627 1643 1668 mercurii
1672 1627 1732 1667 ad
1758 1628 1857 1668 uin-

221 1702 322 1737 ctos
344 1697 595 1737 conciones
615 1697 865 1749 habebant,
889 1704 933 1738 et
955 1698 1189 1739 dominico
1211 1699 1414 1750 quodam
1436 1698 1510 1738 die
1542 1699 1675 1738 multi
1706 1710 1765 1738 ex
1792 1698 1859 1738 eis

220 1774 577 1808 sacrosanctum
598 1768 672 1809 X.i
701 1781 873 1821 corpus
894 1775 1201 1822 acceperunt;
1238 1781 1328 1822 qua
1365 1781 1423 1809 ex
1450 1781 1499 1809 re
1530 1780 1731 1820 magnus
1757 1781 1858 1821 per-

220 1845 383 1890 ceptus
395 1845 464 1879 est
479 1839 674 1880 fructus.
691 1841 876 1892 Aquam
893 1841 1033 1881 etiam
1050 1853 1109 1882 ex
1124 1841 1251 1881 fonte
1268 1841 1452 1893 publico
1471 1841 1717 1892 aliquoties
1737 1852 1862 1881 com-

223 1916 496 1962 portarunt3
520 1923 640 1963 quae
660 1923 737 1951 res
767 1913 1020 1952 multorum
1050 1912 1234 1953 animos
1262 1912 1321 1952 ad
1352 1912 1559 1952 diuinam
1585 1912 1857 1961 bonitatem,

222 1992 280 2021 ex
302 1993 392 2032 qua
415 1983 572 2022 omnia
593 1990 828 2033 emanant,
852 1983 1138 2023 laudandam
1160 1983 1399 2023 excitauit.
1423 1982 1618 2023 Tradita
1635 1982 1861 2023 exercitia

222 2058 329 2092 sunt
368 2053 647 2104 quibusdam
679 2055 1127 2105 sanctimonialibus,
1160 2055 1282 2106 quod
1312 2066 1405 2094 non
1437 2054 1720 2094 mediocrem
1748 2054 1866 2106 ipsis

222 2123 473 2164 utilitatem
495 2125 662 2165 attulit.
687 2125 900 2177 Denique
922 2126 1081 2166 omnia
1105 2125 1221 2176 (Deo
1243 2125 1415 2176 gratia)
1438 2137 1611 2177 magno
1633 2137 1739 2166 cum
1765 2127 1862 2166 ani-

225 2204 406 2234 morum
426 2194 583 2235 fructu
603 2208 826 2247 prospere
847 2196 1168 2248 foeliciterque
1189 2196 1466 2248 procedunt.

309 2265 425 2305 Cum
446 2272 580 2317 pater
601 2267 790 2317 quidam
811 2267 871 2307 ad
898 2268 1143 2308 cuiusdam
1170 2268 1378 2308 mulieris
1406 2278 1578 2318 aegrae
1608 2266 1861 2308 confessio—

224 2347 330 2375 nem
352 2337 633 2378 audiendam
655 2345 994 2390 accerseretur,
1026 2339 1088 2379 ibi
1109 2339 1336 2379 intellexit
1364 2339 1463 2378 eius
1491 2338 1699 2378 mulieris
1720 2338 1858 2379 mari-

224 2412 322 2446 tum
344 2418 449 2448 curn
470 2408 673 2459 quodam
694 2410 785 2449 alio
806 2410 1075 2450 inimicitias
1096 2410 1270 2450 habere
1291 2408 1320 2460 ⁴,
1344 2409 1541 2461 ideoque
1563 2421 1669 2449 cum
1689 2421 1745 2450 eo
1761 2409 1863 2460 agit

224 2483 275 2517 vt
296 2477 565 2519 inimicitias
587 2480 807 2532 deponat.
825 2480 1000 2521 Diuina
1018 2481 1161 2532 igitur
1177 2481 1386 2521 bonitate
1404 2480 1669 2529 adiuuante,
1689 2491 1740 2520 re
1761 2492 1863 2532 per—

226 2547 349 2588 fecta
373 2549 602 2591 discessit.
626 2550 767 2592 Pater
788 2552 906 2592 alius
928 2564 1035 2592 cum
1056 2553 1209 2592 uirum
1232 2552 1481 2604 quemdam
1500 2551 1704 2591 nobilem
1724 2551 1863 2592 simili

225 2617 284 2658 de
304 2630 355 2659 re
377 2622 665 2673 conueniret,
688 2628 870 2662 tantum
887 2622 1046 2663 diuina
1065 2634 1152 2674 ope
1169 2622 1384 2663 effectum
1401 2628 1471 2662 est
1486 2628 1552 2670 vt,
1572 2621 1708 2662 simul
1725 2628 1867 2674 atque

284 2777 291 2794 ¹
333 2777 368 2804 P.
381 2777 517 2806 Marcus
531 2778 645 2813 Jorge.

282 2823 295 2841 ²
332 2824 413 2851 Alia
427 2832 547 2853 manus
561 2827 768 2861 emendavit,
783 2828 847 2855 hoc
862 2829 1027 2863 scribens,
1042 2836 1103 2863 pro
1119 2834 1324 2862 unoquoque
1340 2834 1475 2860 mense,
1488 2827 1642 2861 singulis
1667 2828 1863 2856 mensibus.

282 2869 296 2888 5
335 2870 398 2898 Hic
414 2872 519 2899 etiam
534 2873 581 2900 sic
597 2875 814 2902 emendatum
828 2880 891 2903 est:
906 2876 1059 2910 gratiam
1075 2875 1279 2909 conciliant,
1295 2875 1488 2902 morientes
1502 2874 1682 2903 adiuvant.

281 2918 297 2937 ⁴
333 2917 560 2947 Emendatum
575 2928 710 2954 gerere.
