2028 3328
848 90 933 128 AN.
963 90 1055 128 1555
1692 92 1774 130 329-

131 185 341 236 gitarunt
363 186 498 227 huius
520 188 678 239 templi
699 187 928 238 canonici,
952 188 1029 238 qui
1050 188 1096 227 in
1118 188 1288 228 diuinis
1317 188 1478 229 officiis
1506 189 1758 229 admodum

137 261 245 296 sunt
266 259 497 309 occupati,
520 264 618 299 tum
648 259 851 299 maxime
883 259 992 310 quia
1023 258 1230 310 quotidie
1263 259 1456 299 audiunt
1486 260 1756 300 conciones.

133 326 295 368 Lectio
318 340 429 369 uero
451 341 644 370 casuum
665 330 980 370 conscientiae
1001 330 1229 370 hactenus
1250 330 1463 370 inchoari
1484 343 1576 370 non
1594 332 1761 382 potuit,

135 404 326 451 propter
348 400 572 441 librorum
593 401 852 452 penuriam,
886 412 977 452 qua
998 401 1227 441 hactenus
1257 401 1593 441 laborauimus
1629 401 1759 452 Quae

133 480 210 509 res
231 470 372 510 etiam
393 471 484 511 alia
505 472 808 512 humanitatis
828 471 982 512 studia
1002 484 1096 512 non
1118 472 1415 512 mediocriter
1437 472 1693 524 impediuit.

214 540 407 582 Fratres
441 554 554 583 uero
584 542 686 584 Deo
716 548 760 583 et
789 543 1056 584 hominibus
1092 549 1198 584 sunt
1232 544 1445 594 gratiosi;
1484 555 1577 583 non
1611 544 1768 583 solum

135 611 258 652 enim
278 613 476 664 publicis
498 614 916 666 exhortationibus,
938 614 1135 666 priuatis
1153 615 1473 665 concionibus,
1493 621 1537 654 et
1555 614 1658 655 aliis
1671 615 1764 654 uir·

136 687 285 722 tutum
307 685 548 736 exemplis,
572 697 621 726 se
642 696 824 726 summo
845 685 1033 726 feruore
1061 692 1299 737 exercent,
1337 685 1418 726 sed
1440 686 1581 726 etiam
1603 686 1650 725 in
1670 692 1765 725 stu·

135 752 223 792 diis
245 754 344 794 sine
365 754 496 796 libris
514 756 652 808 (quod
672 756 841 796 mirum
861 762 931 796 est
952 756 1094 807 dictu)
1117 757 1181 797 ita
1198 757 1461 807 proficiunt,
1483 764 1532 797 ut
1553 757 1657 797 loco
1684 756 1766 796 mi-

135 825 284 864 raculi
319 831 364 866 et
396 827 650 879 singularis
679 827 769 868 Dei
799 827 1053 869 Genitricis
1083 828 1319 880 priuilegii
1346 828 1590 868 habeatur.
1624 827 1771 869 Domi>

134 895 347 946 priuatas
370 898 563 939 audiunt
584 900 822 950 lectiones,
856 904 1141 951 componunt
1163 899 1418 947 orationes,
1442 905 1486 939 et
1507 899 1553 939 in
1574 898 1772 950 graecis

135 966 283 1007 literis
303 979 397 1008 non
417 981 583 1020 parum
604 969 869 1022 proficiunt.

216 1036 391 1079 Omnes
411 1047 567 1081 autem
584 1041 648 1081 ita
669 1053 718 1081 se
748 1041 1197 1093 irreprehensibiles,
1227 1041 1464 1082 feruentes
1494 1047 1538 1082 et
1569 1042 1767 1082 deuotos

137 1109 373 1162 exhibent,
396 1116 445 1151 ut
466 1112 513 1152 in
534 1112 624 1153 Dei
649 1113 837 1153 laudem
870 1118 915 1153 et
941 1113 1014 1153 sui
1046 1112 1407 1154 admirationem
1436 1113 1644 1154 omnium
1670 1113 1766 1154 ani-

136 1191 238 1221 mos
259 1182 511 1234 concitent,
543 1184 692 1235 sitque
727 1185 1048 1225 necessarium
1082 1190 1335 1236 conceptos
1370 1184 1581 1225 feruores
1610 1184 1772 1236 potius.

136 1250 396 1294 diminuere
418 1266 559 1306 quam
578 1266 768 1307 augere.

213 1322 303 1364 Hic
324 1324 448 1365 domi
470 1337 632 1366 omnes
652 1326 699 1366 in
720 1327 996 1368 humilitatis
1018 1326 1183 1368 officiis
1203 1339 1288 1379 per
1309 1327 1437 1367 uices
1459 1338 1509 1367 se
1526 1332 1766 1367 exercent:

134 1393 295 1435 lauant
316 1396 552 1447 scutellas,
577 1397 842 1438 ministrant
875 1398 1065 1449 mensis,
1097 1404 1142 1438 et
1162 1398 1600 1439 mortificationibus
1623 1398 1767 1438 inten-

134 1464 265 1517 dunt,
287 1467 515 1519 pluraque
543 1468 748 1519 quotidie
768 1468 979 1510 facerent
999 1469 1090 1510 nisi
1111 1469 1316 1510 discreta
1337 1468 1602 1510 obedientia
1626 1469 1767 1520 impe-

135 1536 270 1577 diret.

213 1607 324 1650 Post
341 1609 508 1651 Natale
523 1611 714 1652 Domini
735 1610 811 1652 hic
833 1612 1101 1664 accepimus
1117 1612 1371 1653 iubilaeum
1392 1624 1478 1664 pro
1501 1612 1768 1663 Anglorum

134 1680 443 1721 conuersione
464 1693 490 1721 a
512 1681 702 1723 Summo
724 1682 947 1724 Pontifice
968 1684 1213 1725 indultum.
1242 1684 1293 1725 In
1323 1696 1378 1725 eo
1400 1690 1555 1725 autem
1586 1689 1777 1724 nostro-2

131 1761 237 1791 rum
272 1752 473 1804 impulsu
502 1752 733 1794 Dominus
769 1753 1069 1795 Gubernator
1104 1756 1348 1807 egregium
1376 1755 1543 1796 orandi
1577 1755 1769 1795 modum

132 1822 347 1864 instituit.
385 1823 505 1864 Nam
538 1830 643 1876 post
671 1825 902 1866 celebrem
928 1826 1294 1878 processionem,
1333 1833 1654 1867 conuenerunt
1686 1837 1769 1878 per

134 1893 340 1934 triduum
360 1894 450 1934 uiri
469 1906 552 1946 per
573 1907 714 1936 unam
736 1896 902 1937 horam
922 1908 1075 1947 mane,
1099 1903 1143 1938 et
1174 1897 1393 1938 mulieres
1413 1909 1497 1949 per
1520 1898 1662 1938 aliam
1688 1897 1767 1937 ho-

134 1976 238 2006 ram
259 1977 286 2005 a
305 1965 521 2018 prandio,
534 1966 582 2006 in
598 1966 952 2009 deuotissimum
965 1968 1239 2020 oratorium,
1259 1968 1319 2008 ad
1335 1969 1428 2009 tale
1444 1979 1612 2009 munus
1629 1968 1770 2019 digne

133 2042 484 2088 praeparatum,
500 2043 544 2078 et
561 2037 857 2080 Sanctissimi
877 2038 1173 2080 Sacramenti
1188 2040 1459 2092 praesentia
1476 2040 1775 2084 decoratum&

215 2107 389 2148 Missae
409 2114 518 2148 sunt
538 2109 681 2149 etiam
702 2121 786 2161 per
819 2122 981 2151 omnes
1011 2110 1175 2152 domos
1203 2111 1473 2162 schedulae,
1506 2111 1675 2163 quibus
1695 2123 1769 2151 ra-

136 2177 200 2218 tio
223 2178 460 2220 obtinendi
483 2179 671 2220 iubilaei
691 2181 899 2231 gratiam
926 2182 1272 2233 continebatur,
1295 2194 1353 2223 ne
1376 2182 1543 2235 cuique
1574 2193 1768 2222 excusa-

137 2249 278 2290 tionis
299 2255 380 2290 aut
400 2250 699 2301 ignorantiae
729 2251 860 2292 locus
881 2253 1239 2305 relinqueretur.
1265 2252 1323 2294 Et
1351 2253 1460 2306 quia
1490 2265 1584 2294 non
1606 2264 1769 2294 omnes

138 2319 197 2360 acl
217 2325 314 2360 tam
335 2321 518 2361 celebre
542 2321 811 2363 conuiuium
832 2330 1075 2376 uenerant,
1098 2324 1285 2365 iuerunt
1307 2325 1457 2365 nostri
1472 2335 1556 2377 per
1578 2324 1708 2364 uicos
1726 2329 1777 2367 et,

137 2392 320 2444 plateas
341 2397 390 2432 ut
423 2393 755 2444 compellerent
777 2394 1053 2436 claudorum
1074 2401 1119 2436 et
1138 2407 1400 2447 pauperum
1426 2395 1776 2436 multitudinem

135 2463 329 2504 intrare.
364 2462 582 2514 Quinimo
612 2475 694 2516 per
716 2476 851 2517 sepes
873 2472 918 2506 et
945 2466 1048 2507 uias
1084 2472 1323 2508 errantem
1349 2466 1539 2507 Domini
1574 2477 1772 2519 gregem

136 2533 494 2586 inquisiuerunt‚
518 2534 741 2588 missique
763 2542 869 2577 sunt
889 2548 949 2578 ex
968 2538 1142 2578 nostris
1157 2538 1384 2590 nonnulli,
1408 2538 1486 2590 qui
1502 2544 1668 2590 portus
1684 2537 1778 2578 Re--

137 2605 406 2646 cassatensis
426 2605 606 2646 incolas
626 2606 687 2647 ad
707 2613 889 2648 tantam
916 2607 1110 2649 Domini
1143 2608 1473 2650 liberalitatem
1499 2610 1777 2660 inuitarent,

137 2676 299 2728 sicque
320 2675 536 2717 effectum
556 2682 641 2728 est,
663 2683 713 2718 ut
733 2678 878 2719 multo
913 2680 1072 2731 plures
1090 2679 1158 2720 23
1187 2680 1424 2721 dominica
1451 2692 1590 2733 quam
1620 2681 1777 2733 prima.

138 2753 271 2788 tanto
293 2746 518 2787 beneficio
540 2747 820 2789 fruerentur.

217 2817 454 2859 Statutum
473 2824 544 2859 est
564 2818 707 2859 etiam
726 2825 776 2861 ut
796 2820 948 2872 prima
983 2821 1218 2863 dominica
1245 2823 1614 2875 uniuscuiusque
1647 2835 1777 2863 men«

138 2889 204 2929 sis
225 2889 487 2930 celebretur
507 2888 708 2930 officium
729 2890 786 2932 de
806 2890 1115 2933 Sanctissimo
1135 2892 1459 2944 Sacramento,
1478 2894 1651 2947 fiatque
1668 2906 1776 2946 pro-
