2028 3328
861 125 940 160 AN.
972 125 1065 161 1555
1705 129 1776 166 637

140 222 394 273 processio,
427 234 500 262 me
532 222 745 273 rogarint
775 230 818 262 et
850 222 1163 273 impetrarint3
1195 234 1282 274 qua
1307 223 1487 263 ratione
1509 224 1684 264 factum
1706 231 1776 266 est

142 298 192 332 vt
214 292 394 333 decimo
416 300 582 345 quarto
603 293 711 347 Julii
732 294 778 333 in
800 293 961 333 eadem
984 293 1099 333 vrbe
1121 294 1192 333 bis
1223 293 1278 333 de
1302 306 1561 345 pauperum
1581 296 1774 336 subuen-

141 363 266 403 tione
294 365 568 404 concionem
594 364 890 405 instituerim.
922 364 1018 404 Nec
1047 365 1135 404 hoc
1158 364 1324 405 iterato
1346 365 1496 405 officio
1521 366 1646 406 ciues
1669 379 1774 406 con-

142 434 271 484 tenti,
294 435 405 474 mihi
428 436 674 476 vniuersas
694 436 820 476 vitae
841 434 1196 475 commoditates
1212 435 1426 486 offerunt,
1450 436 1488 476 si
1510 438 1633 487 apud
1649 438 1775 488 ipsos

143 506 425 545 commorari
447 507 675 557 placeret;
697 517 807 546 nam
828 512 966 546 antea
988 505 1113 546 D‘nus
1140 505 1441 558 Praepositus
1464 506 1521 547 D.
1545 507 1774 559 Virginis,

141 574 362 616 Vicarius
389 577 632 617 Generalis
655 577 747 617 R.di
771 576 969 617 Abbatis
995 577 1209 618 coenobii
1232 577 1290 617 D.
1322 578 1554 618 Amabilis
1582 578 1608 628 ¹,
1634 591 1776 630 penes

144 658 280 697 quem
302 647 535 699 deligendi
557 648 603 688 in
623 648 893 689 Aduentum
914 648 1229 688 Ecclesiastae
1260 649 1517 689 auctoritas
1544 656 1633 697 est,
1662 651 1775 690 mihi

142 717 357 767 proximo
397 718 618 758 Aduentu
657 718 968 759 concionandi
1007 730 1174 759 munus
1211 720 1392 759 obtulit.
1434 720 1519 760 Cui
1552 721 1776 771 respondi

141 786 325 828 Rmum.
349 788 631 840 Episcopum
656 790 748 829 iam
768 789 904 830 fidem
921 789 1106 830 dedisse
1124 789 1497 831 BiliomensibuS.
1516 791 1675 842 Itaque
1697 791 1773 832 de-

144 860 392 900 cimonono
422 860 531 914 Julii
560 861 686 901 D.nus
711 860 1011 913 Praepositus
1040 861 1303 913 Euscopiae
1335 861 1458 913 apud
1487 862 1774 913 Episcopum

140 942 357 981 pransus,
396 932 679 983 persuadere
714 932 947 984 Episcopo
985 932 1168 984 nititur,
1205 938 1276 983 vt,
1315 934 1391 973 vel
1424 933 1660 983 Aduentu,
1698 935 1774 975 Vel

141 1002 516 1054 Quadragesima
538 1004 767 1055 proxima,
791 1004 881 1044 mei
902 1004 1206 1044 concessione
1228 1004 1574 1056 Ryomensibus
1596 1005 1774 1056 gratifi-

141 1079 287 1114 cetur.
311 1074 490 1114 Verum
507 1074 741 1125 Episcopo
757 1074 894 1115 fidem
910 1075 1269 1115 Biliomensibus
1285 1082 1519 1126 seruante,
1539 1076 1775 1127 repulsam

141 1157 325 1196 passus,
349 1145 457 1185 hinc
479 1145 727 1185 Biliomum
748 1144 806 1185 ad
823 1157 896 1186 me
913 1146 1055 1196 venit,
1075 1152 1271 1197 accepta
1288 1152 1446 1186 tamen
1465 1147 1522 1186 ab
1539 1146 1775 1199 Episcopo

140 1216 480 1267 pollicitatione
502 1228 551 1256 se
574 1217 664 1256 mei
686 1217 820 1268 copia
842 1228 948 1257 cum
975 1217 1071 1257 suis
1102 1217 1373 1257 conciuibus
1400 1217 1569 1269 Ryomi
1601 1219 1776 1270 aliquo·

141 1288 226 1327 ties
248 1287 505 1338 potiturum
533 1289 606 1327 vel
627 1294 735 1328 ante
757 1287 1038 1328 Aduentum.
1063 1288 1185 1328 Hinc
1207 1289 1378 1329 accidit
1399 1294 1450 1329 vt
1470 1289 1776 1330 Biliomenses

142 1359 218 1409 pia
233 1359 434 1410 quadam
452 1359 762 1399 aemulatione
784 1359 1011 1400 aduersus
1032 1359 1326 1411 Ryomenses
1349 1360 1688 1401 contenderint.
1712 1361 1776 1401 At

143 1429 379 1481 Episcopo
402 1430 616 1481 praeside
638 1430 743 1470 freti
764 1431 1025 1471 sedatiores
1047 1443 1256 1472 euasere.

224 1500 622 1552 Vigesimoprimo
646 1500 755 1554 Julii
785 1501 967 1542 Biliomi
995 1502 1302 1543 concionatus
1323 1503 1410 1553 bis,
1443 1502 1680 1555 postridie,
1705 1515 1776 1543 ro-

140 1578 281 1623 gatus
312 1584 339 1611 a
369 1571 476 1612 D.¹¹0
509 1571 781 1624 Praeposito
809 1572 1080 1624 Ryomensi,
1111 1573 1157 1613 in
1186 1584 1311 1625 pago
1333 1574 1585 1614 Estendeul
1613 1574 1626 1592 ²
1656 1574 1778 1625 (dies

143 1651 243 1683 erat
265 1655 400 1683 sacer
422 1643 479 1684 D.
500 1643 826 1695 Magdalenae)
848 1644 1122 1684 concionem
1139 1644 1295 1695 habui,
1320 1657 1378 1685 ex
1395 1644 1623 1696 proximis
1639 1646 1775 1697 pagis

143 1715 461 1766 compluribus
494 1715 540 1754 in
576 1715 668 1755 mei
701 1715 906 1765 gratiam
936 1715 1292 1756 confluentibus.
1330 1716 1480 1756 Feriis
1515 1715 1572 1756 D.
1608 1717 1773 1770 Jacobi

142 1785 334 1825 Maioris
378 1792 485 1826 ante
533 1786 774 1826 meridiem
814 1785 1173 1827 Biliomensibus
1212 1787 1523 1838 Euangelium
1561 1788 1771 1839 exposui.

140 1856 362 1896 Proximo
394 1857 465 1896 die
497 1857 755 1907 dominico,
788 1857 1017 1908 vigesimo
1048 1864 1219 1898 octauo
1254 1858 1378 1912 Julii‚
1410 1859 1545 1898 binas
1574 1858 1733 1898 Issorii
1759 1857 1775 1877 ‘³

140 1927 391 1967 conciones
411 1927 566 1968 habui.
587 1927 671 1968 Cui
691 1928 796 1967 Vrbi
818 1927 934 1968 adeo
955 1935 1120 1980 gratus
1141 1929 1220 1979 fui,
1244 1936 1296 1970 vt
1318 1941 1344 1969 a
1366 1930 1546 1969 ciuibus
1569 1930 1772 1980 domum,

141 1998 357 2049 vitaeque
388 1998 645 2049 impendia,
679 1999 877 2050 denique
906 1999 1098 2040 liberale
1128 1999 1425 2052 stipendium,
1458 2000 1773 2051 offerentibus,

141 2068 199 2109 ad
218 2075 494 2120 perpetuam
512 2081 693 2110 moram
713 2070 938 2111 inuitatus
957 2071 1138 2122 fuerim,
1163 2072 1517 2112 obsecrantibus
1538 2072 1680 2112 etiarn
1700 2083 1775 2112 me

140 2140 186 2179 in
207 2140 473 2191 proximum
494 2140 777 2181 Aduentum.
797 2141 968 2182 Verbis
989 2154 1103 2183 sane
1124 2144 1347 2195 consequi
1368 2155 1612 2195 nequeam,
1635 2155 1776 2195 quam

140 2210 335 2251 mirifico
371 2223 444 2251 me
480 2210 651 2252 affectu
682 2224 736 2252 ac
771 2213 1027 2253 honorifico
1068 2213 1221 2254 studio
1256 2214 1503 2264 Biliomus,
1546 2214 1772 2266 Ryomus,

141 2288 279 2333 atque
300 2281 522 2322 Issorium
553 2289 908 2335 prosequantur.
934 2283 1088 2324 Primo
1109 2284 1314 2335 Augusti
1341 2284 1387 2324 in
1419 2284 1534 2325 aede
1563 2284 1620 2325 D.
1654 2285 1775 2337 Lupi

140 2353 446 2393 concionatus
476 2364 579 2393 sum
609 2354 732 2404 apud
762 2353 1081 2405 Biliomenses3
1104 2354 1177 2395 die
1198 2367 1312 2395 vero
1334 2355 1584 2407 dominico,
1608 2363 1776 2408 quarto

140 2424 358 2474 Augusti,
392 2429 498 2475 post
527 2423 774 2475 prandium
810 2425 856 2464 in
891 2436 1073 2465 summo
1108 2426 1279 2477 templo
1318 2425 1524 2478 Biliomi3
1561 2434 1664 2478 post
1699 2439 1775 2468 ve-

139 2494 398 2545 spertinum
421 2493 621 2535 officium
643 2494 766 2546 apud
787 2495 994 2536 Montem
1014 2495 1269 2547 Morinum,
1292 2504 1487 2548 rogatus
1509 2510 1535 2537 a
1552 2497 1772 2550 Domina,

139 2565 416 2605 concionem
436 2565 590 2606 habui.

219 2635 391 2687 Quinto
413 2635 617 2687 Augusti
637 2637 798 2678 literas
819 2649 845 2677 a
866 2637 1210 2690 Ryomensibus
1231 2639 1408 2691 accepi,
1433 2640 1599 2692 quibus
1621 2642 1666 2682 in
1688 2642 1775 2683 As-

138 2708 451 2758 sumptionem
473 2707 780 2749 Beatissimae
801 2709 1015 2760 Virginis
1039 2721 1112 2751 me
1133 2709 1467 2762 efflagitabant,
1492 2713 1616 2764 apud
1637 2725 1776 2766 quos,

196 2845 205 2864 1
247 2844 453 2871 saint-Ama
460 2844 800 2873 nt-Roclze-Savz‘ne?

194 2892 207 2910 ‘2
248 2891 314 2923 Sic:
329 2892 544 2920 Estandeuil.

194 2940 208 2959 5
245 2939 379 2967 Issoire.
