2028 3328
832 146 914 182 AN.
940 146 1030 202 1555
1670 149 1736 186 571

108 239 479 282 Cordubensium
501 254 632 294 opus,
664 242 786 295 quod
815 242 1038 283 Rectores
1061 243 1386 284 Cordubenses
1415 251 1735 296 construxere,

108 318 155 351 ut
191 324 270 352 eos
306 313 473 353 imitati
508 314 656 354 simile
686 314 946 365 Collegium
974 314 1193 365 condant,
1224 322 1273 354 vt
1309 315 1461 365 ipsum
1490 315 1611 355 idem
1646 324 1735 356 stu-

109 383 248 431 dium,
273 384 396 434 quod
418 384 678 435 Cordubae,
703 385 826 435 apud
848 397 934 425 nos
956 391 1248 425 exerceatur.

188 454 437 495 Admissus
454 462 523 495 est
545 456 603 495 ad
626 455 907 496 Societatem
927 455 1194 496 Canonicus
1214 456 1499 497 Franciscus
1515 456 1688 497 'forres
1707 458 1734 508 ¹,

109 525 239 565 cuius
261 526 502 577 ingressus
530 527 686 567 multis
709 529 781 575 (ne
803 528 956 567 dicam
978 528 1208 578 omnibus)
1230 528 1366 568 huius
1394 528 1598 568 ciuitatis
1621 530 1734 568 uiris

108 596 190 636 fuit
211 597 445 637 maximae
467 598 794 639 aedificationi.
819 598 1027 650 Cumque
1045 599 1340 650 impetrasset
1359 611 1383 638 a
1400 599 1448 639 P.
1468 599 1737 639 Prouincia-

108 668 137 706 li
168 674 217 706 vt
248 668 425 708 tamdiu
457 670 580 720 apud
610 676 791 721 patrem
822 676 1046 719 maneret,
1080 681 1219 721 quam
1251 681 1335 709 sua
1364 670 1554 719 negotia
1582 671 1737 722 exige-

106 747 226 788 rent,
245 745 340 778 tam
362 740 451 779 sibi
471 741 643 780 acerba
664 741 742 781 illa
763 753 896 781 mora
917 741 1016 791 fuit,
1040 747 1091 781 vt
1112 740 1211 781 dies
1233 753 1383 781 annus
1400 741 1464 781 illi
1478 741 1732 793 videretur;

106 809 393 862 proindeque
414 811 525 851 illud
546 812 842 852 interuallum
863 812 1094 853 sustinere
1121 824 1215 852 non
1242 813 1422 864 valens,
1452 824 1611 853 mense
1644 825 1736 853 vno

107 887 357 933 antequam
378 895 404 922 a
426 889 558 934 patre
580 883 798 924 recedere
826 883 911 924 sibi
938 889 1254 935 persuaserat,
1285 883 1344 924 ad
1374 895 1460 924 nos
1490 885 1734 924 remeauit.

107 952 448 994 Canonicatum
469 966 596 1005 uero,
622 967 758 1007 quem
779 955 1015 995 beneficiis
1036 955 1326 1006 simplicibus
1353 962 1643 996 commutare
1665 967 1738 996 00-

107 1024 323 1073 nabatur,
348 1036 545 1075 quorum
566 1025 823 1066 redditibus
855 1026 1021 1066 annuis
1048 1026 1135 1066 hoc
1157 1025 1416 1077 Collegium
1444 1027 1734 1078 aliquantum

107 1095 326 1144 aleretur,
359 1097 544 1148 reliquit
576 1098 702 1137 illum
739 1098 882 1138 libere
910 1097 1005 1138 D.ni
1032 1097 1391 1149 Archiepiscopi
1420 1098 1657 1148 manibus,
1686 1105 1737 1138 vt

106 1165 205 1217 ipse
227 1166 355 1206 illum
376 1168 609 1208 conferret
630 1168 769 1208 alicui
793 1169 892 1209 viro
914 1169 1051 1209 docto
1074 1175 1117 1209 et
1140 1168 1478 1219 concionatori,
1501 1170 1623 1209 unde
1645 1181 1737 1210 ma—

106 1237 177 1276 ius
207 1238 480 1289 obsequium
506 1238 607 1279 Deo
636 1239 950 1280 exhiberetur.
984 1239 1232 1280 Caeterum
1252 1240 1379 1281 D.¹1us
1411 1240 1738 1292 Archiepisco-

106 1320 193 1359 pus
213 1308 298 1349 fuit
319 1321 377 1349 ex
395 1321 449 1349 eo
467 1310 603 1350 ualde
625 1311 913 1362 aedificatus,
933 1323 1118 1352 necnon
1140 1312 1439 1352 doctissimus
1461 1313 1535 1352 ille
1558 1312 1741 1352 Doctor

107 1380 438 1429 Cobarrubias,
462 1380 698 1421 Indiarum
719 1380 880 1422 Sancti
907 1382 1142 1423 Dominici
1163 1383 1563 1436 Archiepiscopus
1593 1382 1622 1433 ²3
1654 1385 1735 1423 sed

106 1452 227 1491 ultra
249 1452 375 1492 illam
408 1464 546 1503 quam
577 1453 752 1493 exteris
783 1453 838 1493 de
859 1466 909 1494 se
936 1454 1130 1505 praebet
1160 1454 1549 1506 aedificationem,
1583 1455 1737 1496 dome-

106 1522 236 1563 sticis
257 1528 302 1562 et
323 1523 599 1563 humilitatis
620 1529 664 1564 et
685 1523 976 1565 obedientiae
998 1536 1091 1565 non
1113 1525 1348 1566 mediocre
1370 1526 1563 1577 praebet
1583 1537 1738 1566 exem-

106 1594 249 1644 plum.

185 1665 421 1717 Receptus
457 1672 525 1706 est
556 1673 802 1717 praeterea
842 1666 981 1717 alius,
1021 1667 1098 1718 qui
1136 1674 1337 1708 vocatur
1377 1668 1606 1720 Magister
1640 1668 1735 1709 Ma—

106 1736 210 1777 drid
231 1736 259 1787 ³,
284 1738 463 1788 collega
486 1737 565 1788 qui
586 1737 670 1778 fuit
691 1737 884 1788 Collegii
905 1737 1015 1779 Diui
1032 1738 1380 1779 Bartholomaei
1401 1739 1734 1790 Salmanticae·,

108 1813 176 1848 est
211 1813 369 1848 tamen
403 1809 581 1859 primus
605 1810 671 1857 <ut
698 1809 841 1849 refert
867 1808 994 1849 D.11¹ls
1023 1809 1438 1862 Archiepiscopus)
1467 1811 1545 1862 qui
1575 1824 1633 1852 ex
1659 1812 1737 1851 illo

107 1878 315 1930 Collegio
344 1879 621 1930 religionem
641 1879 883 1930 ingressus
904 1886 988 1931 est,
1011 1892 1116 1921 cum
1137 1880 1310 1932 alioqui
1336 1881 1448 1922 illud
1476 1881 1737 1933 Collegium

107 1949 165 1989 sit
185 1948 500 1990 Salmanticae
523 1950 729 1991 omnium
751 1951 1127 2003 antiquissimum
1156 1950 1170 1969 ⁴
1192 1952 1330 1992 simul
1351 1958 1394 1992 et
1421 1953 1737 2004 potissimum.

105 2020 241 2072 Legit
264 2027 419 2061 autem
440 2020 756 2063 Salmanticae
777 2023 947 2063 artium
969 2035 1173 2075 cursum;
1197 2024 1272 2064 hic
1294 2036 1408 2065 vero
1425 2025 1731 2076 profitebatur

106 2091 279 2132 Diuum
301 2091 548 2133 Thomam:
572 2099 672 2133 erat
695 2093 754 2133 ad
773 2093 890 2134 haee
912 2095 1072 2135 sacelli
1091 2094 1229 2146 Regii
1249 2095 1507 2146 sacrificus,
1531 2095 1612 2136 sed
1634 2108 1737 2137 eru-

107 2163 230 2202 ditus
251 2163 503 2204 admodum
523 2170 568 2204 et
596 2164 771 2216 ingenii
802 2165 1016 2206 acumine
1042 2167 1237 2217 pollens,
1268 2167 1346 2218 qui
1368 2177 1592 2218 magnum
1621 2167 1738 2208 foris

110 2234 332 2274 virtutum
353 2240 398 2274 et
418 2234 659 2275 literarum
681 2236 918 2287 specimen
940 2236 1203 2288 exhibebat,
1224 2249 1347 2277 nune
1364 2244 1519 2278 autem
1538 2239 1739 2289 amplius

107 2305 265 2345 multo.

187 2376 388 2427 Quidam
422 2377 709 2429 Theologiae
746 2379 924 2420 Doctor
959 2381 1140 2432 accepit
1167 2381 1416 2429 exercitia,
1447 2381 1529 2420 sed
1562 2392 1736 2432 magna

107 2459 213 2488 cum
243 2448 444 2489 utilitate
477 2454 521 2489 et
554 2450 753 2490 aliorum
788 2451 1128 2492 aedificatione.
1163 2451 1364 2502 Quidam
1394 2452 1503 2492 item
1540 2452 1736 2503 iuuenis,

160 2635 167 2652 ¹
210 2633 297 2660 Vide
312 2641 426 2667 supra.
439 2642 518 2668 pag.
535 2635 598 2662 289.

157 2683 170 2700 ”-’
208 2681 359 2708 Didaeus
380 2681 420 2708 de
443 2682 675 2709 Cobarrubias
696 2686 730 2710 et
754 2682 874 2715 Leiva,
899 2682 1016 2710 Sancti
1039 2682 1226 2717 Dominiei,
1248 2684 1280 2711 in
1301 2683 1416 2717 IndiiS,
1442 2684 1733 2719 Archiepiscopus

104 2730 246 2759 electus.
263 2729 419 2764 quamvis
441 2729 535 2757 illam
558 2731 674 2758 sedem
695 2738 758 2758 non
781 2731 973 2765 occupavit3
997 2736 1126 2765 postea,
1146 2739 1235 2759 anno
1258 2732 1336 2765 1559,
1356 2731 1550 2766 Episcopus
1574 2732 1740 2760 Civitatis

104 2776 265 2804 Roderici
279 2775 430 2811 (Ciudad
442 2777 612 2811 Rodrz’go)
627 2778 690 2805 fuit
706 2779 910 2810 nominatus,
925 2779 1012 2805 unde
1027 2778 1060 2806 in
1075 2778 1246 2813 segoviae
1266 2779 1380 2807 sedem
1395 2787 1484 2807 anno
1506 2780 1575 2807 1564
1594 2781 1741 2808 transla-

104 2828 159 2852 tus
175 2825 249 2858 fuit,
261 2824 373 2858 ibique
385 2825 474 2853 diem
489 2826 572 2853 obiit
587 2833 781 2860 supremum
797 2834 884 2854 anno
900 2826 978 2854 1577.
993 2826 1174 2854 GONzALEz
1189 2827 1339 2862 DAvstA,
1361 2827 1510 2855 Theatro
1525 2829 1741 2856 ecclesiasti-

106 2879 143 2899 co
159 2872 272 2899 delas
287 2872 440 2906 Iglesz‘as
455 2873 498 2900 de
513 2873 673 2907 Ezpmta,
689 2877 713 2901 t.
728 2880 750 2907 1,
764 2881 845 2908 pag.
859 2874 922 2902 579.

160 2919 173 2937 ⁵
211 2919 342 2947 Doctor
354 2921 525 2948 Antonius
540 2921 579 2948 de
594 2920 737 2948 Madrid.
752 2921 802 2949 Cf.
819 2920 1046 2958 SANTIVANEZ‚
1060 2923 1086 2949 1.
1105 2930 1144 2954 c..
1160 2926 1251 2957 part.
1266 2930 1286 2958 1,
1300 2922 1357 2951 lib.
1373 2930 1394 2958 1,
1411 2931 1484 2958 cap.
1500 2923 1534 2951 ‘26
1549 2928 1582 2952 et
1597 2924 1641 2952 27.

160 2969 174 2987 4
213 2967 299 2995 Hinc
314 2968 386 3003 eJ'us
401 2969 589 3003 appellatio
605 2969 739 3003 Colegz‘o
761 2969 856 3003 Viej0
870 2970 913 2997 de
929 2969 1000 2998 San
1016 2969 1232 2998 Bartolome‘.
