2028 3328
833 195 917 232 AN.
948 195 1039 231 15:31>
1680 195 1749 232 707

117 303 301 332 sumere
319 292 389 332 sas
411 293 470 332 sit
491 298 715 344 quantum
732 292 791 332 ad
808 291 964 332 diuina
986 291 1332 331 obseruandum
1350 291 1570 330 mandata
1594 298 1746 331 tenea-

118 374 236 413 mur,
262 363 337 415 qui
361 375 419 404 ex
440 364 540 415 ipso
563 363 754 404 denario
776 375 802 403 a
819 373 956 403 sacro
973 362 1199 412 decalogo
1217 362 1462 412 desumpto
1479 362 1684 413 quotidie
1701 370 1746 402 et

118 434 293 485 passim
317 434 621 475 admonemur
641 435 700 475 ad
720 434 865 486 ipsius
886 439 1103 473 exactam
1130 433 1520 473 obseruationem.
1552 432 1685 484 Quod
1707 434 1746 474 si

120 505 178 545 ad
200 506 350 556 ipsam
380 506 578 546 velimus
604 506 815 557 aspirare
842 504 1193 556 perfectionem,
1224 504 1369 555 ipsius
1397 503 1536 543 etiam
1565 503 1746 544 denarii

118 576 356 627 perfectiO,
385 588 411 616 a
434 576 547 616 uiris
577 576 884 617 sanctissimis
915 575 1179 624 obseruata,
1205 586 1297 614 non
1329 573 1563 614 mediocre
1585 575 1744 615 calcar

118 645 290 686 addere
312 646 510 688 videtur.
535 647 650 688 Tres
672 647 795 687 enim
816 653 923 687 sunt
944 653 1103 698 patres
1120 652 1164 685 et
1180 651 1358 696 septem
1379 645 1564 685 fratres.
1588 644 1652 685 Vt
1668 658 1742 686 ne-

117 728 206 768 que
223 717 341 757 desit
356 718 403 758 in
420 718 509 758 hoc
528 718 649 770 quod
665 730 750 758 nos
767 717 826 757 ad
842 716 1110 758 indiuiduae
1128 722 1172 756 et
1190 716 1485 756 beatissimae
1502 715 1745 756 Trinitatis

117 787 441 829 adorationem
464 790 684 841 impellat,
709 795 753 829 et
781 789 840 829 ad
866 794 1077 828 mutuum
1100 799 1307 827 amorem
1329 787 1448 827 inter
1476 798 1561 827 nos
1591 788 1742 828 obser-

115 859 337 910 uandum,
370 860 408 900 si
435 873 520 900 nos
549 867 727 912 septem
754 860 830 900 illa
853 859 1141 900 charismata
1170 857 1372 910 Spiritus
1403 856 1565 898 Sancti
1595 858 1743 898 inces-

115 936 275 970 santer
295 931 430 971 nobis
451 930 616 971 donari
637 937 864 982 petamus,
881 937 932 970 vt
949 942 1060 970 vere
1077 929 1221 970 simus
1238 929 1409 969 fratres
1426 929 1473 969 in
1495 929 1632 969 domo
1651 928 1743 969 Do-

115 1001 244 1051 mini,
268 1008 311 1041 et
342 1013 511 1042 canere
538 1002 673 1042 nobis
704 1002 841 1042 liceat
862 1013 967 1041 cum
998 1001 1242 1052 propheta:
1273 1000 1390 1040 Ecce
1411 1011 1552 1051 quam
1574 1000 1743 1040 bonnm

114 1076 157 1112 et
179 1083 320 1123 quam
347 1072 604 1112 iucundum
631 1072 844 1112 habitare
859 1073 1056 1123 fratres
1082 1071 1132 1111 in
1154 1083 1302 1111 vnum
1334 1070 1357 1111 ¹.
1393 1070 1484 1112 Sed
1512 1071 1622 1123 quid
1650 1082 1744 1111 mo-

114 1144 213 1184 ror?
233 1155 479 1184 numerum
501 1144 739 1196 accepisti,
773 1144 933 1195 accipe
955 1143 1098 1184 etiam
1117 1148 1162 1183 et
1182 1143 1388 1190 nomina,
1413 1142 1552 1183 Pater
1572 1142 1744 1183 Rector

116 1214 301 1267 Gaspar
315 1215 371 1256 de
389 1215 622 1266 Azeuedo,
642 1215 691 1255 P.
710 1215 833 1256 Pozo
847 1215 876 1266 ²,
895 1215 944 1255 P.
966 1214 1153 1267 Gaspar
1172 1214 1513 1265 Ferdinandez,
1533 1213 1583 1254 F.
1605 1214 1742 1267 Joan-

114 1297 198 1326 nes
220 1286 276 1326 de
297 1287 341 1326 la
363 1286 579 1335 Carrera,
609 1285 660 1326 F.
692 1286 847 1337 Oribe,
876 1286 927 1326 F.
959 1285 1193 1336 Ondarca‚
1225 1285 1278 1326 F.
1300 1285 1520 1336 Heredia,
1552 1285 1604 1325 F.
1637 1285 1744 1325 Rui-

114 1356 226 1407 zius,
254 1356 306 1397 F.
331 1356 535 1407 Gabriel,
559 1357 611 1397 F.
633 1357 867 1410 Josephus
889 1355 917 1407 ³,
943 1369 1062 1409 quae
1083 1357 1273 1397 nomina
1299 1362 1350 1397 vt
1370 1357 1547 1408 scripta
1568 1363 1676 1397 sunt
1697 1357 1744 1397 in

115 1428 271 1477 coelis,
301 1428 392 1468 tuis
419 1429 764 1480 quamprimum
790 1435 835 1468 et
864 1428 1249 1468 charissimorum
1269 1428 1316 1468 in
1346 1427 1534 1468 Christo
1557 1434 1743 1480 patrum

113 1504 158 1538 et
174 1498 373 1539 fratrum
391 1499 528 1540 isthic
546 1499 938 1540 commorantium
951 1499 1241 1539 orationibus
1258 1498 1410 1539 iuuari
1430 1500 1740 1551 postulamus.

193 1568 367 1610 Nostra
389 1569 558 1620 studia,
581 1570 682 1610 Deo
704 1570 907 1622 auspice,
932 1582 959 1610 a
980 1570 1052 1610 die
1073 1569 1344 1610 Natiuitatis
1374 1568 1610 1622 Deiparae
1639 1569 1741 1611 Vir-

115 1640 238 1692 ginis
264 1641 446 1681 initium
473 1653 730 1693 sumpsere:
758 1641 916 1682 habita
944 1641 1074 1693 prius
1102 1641 1148 1681 in
1175 1641 1376 1681 Basilica
1407 1641 1575 1682 maiori
1604 1641 1742 1682 huius

116 1712 320 1752 ciuitatis
340 1712 527 1764 publica
549 1712 761 1753 oratione
783 1713 839 1753 de
855 1713 1030 1753 nostris
1047 1712 1213 1752 studiis
1240 1719 1285 1752 et
1306 1713 1597 1763 professione
1615 1713 1741 1752 circa

113 1795 283 1834 pueros
305 1784 629 1824 instituendos:
653 1784 774 1824 hanc
795 1784 955 1824 habuit
972 1783 1019 1824 P.
1045 1784 1231 1835 Gaspar
1251 1783 1589 1834 FerdinandeZ,
1610 1784 1743 1824 Tole-

112 1860 264 1905 tanus,
289 1855 366 1906 qui
386 1855 650 1896 rhetoricae
670 1855 908 1895 facultatis
929 1866 1096 1895 munus
1118 1854 1382 1895 obeundum
1404 1855 1600 1906 accepit.
1624 1854 1742 1896 Sunt

113 1932 157 1964 et
179 1926 258 1966 alii
278 1932 373 1966 tres
394 1926 563 1967 fratres
584 1927 755 1977 singuli
775 1927 972 1978 singulis
995 1926 1225 1967 classibus
1249 1925 1489 1978 praefecti,
1515 1926 1741 1977 optimam

111 1996 252 2036 etiam
282 1997 354 2037 sui
379 1997 586 2037 muneris
614 1998 843 2038 rationem
871 1998 1134 2038 reddentes.
1165 1997 1271 2051 Jam
1300 1997 1347 2037 in
1375 1997 1473 2037 dies
1501 1997 1653 2049 magis
1685 2009 1740 2037 ac

110 2068 264 2118 magis
284 2069 544 2109 communis
565 2069 838 2120 agnoscitur
858 2070 1051 2120 Vtilitas,
1076 2069 1186 2109 dum
1210 2076 1254 2109 et
1274 2076 1434 2120 patres
1451 2068 1568 2109 filios
1586 2068 1738 2109 mode·

111 2138 279 2179 stiores
314 2145 358 2180 et
392 2140 544 2190 magis
578 2140 665 2181 sibi
702 2141 1010 2193 obsequentes
1045 2140 1363 2192 experiuntur:
1401 2147 1445 2180 et
1480 2139 1741 2180 studiorum

111 2209 333 2260 optimam
354 2211 583 2251 rationem
600 2211 862 2260 reddentes,
883 2222 1003 2263 quae
1020 2212 1175 2251 omnia
1192 2211 1240 2251 in
1257 2211 1646 2262 benignissimum
1662 2223 1741 2251 no-

111 2287 260 2321 strum
281 2280 534 2322 Dominum
561 2288 611 2322 vt
639 2282 686 2322 in
715 2282 961 2323 authorem
988 2282 1087 2323 iure
1116 2282 1281 2322 referri
1309 2287 1507 2333 oportet.
1538 2282 1740 2322 Confluit

110 2351 169 2391 ad
190 2363 276 2392 nos
302 2358 433 2393 tanta
461 2352 850 2394 scholasticorum
879 2352 1145 2403 multitudo,
1175 2359 1226 2393 vt
1252 2353 1335 2393 vix
1361 2353 1528 2393 domus
1557 2365 1637 2394 eos
1666 2365 1739 2393 ca-

109 2423 221 2475 piat,
252 2435 358 2464 cum
386 2430 430 2464 et
456 2423 630 2475 exigua
657 2426 731 2475 sit,
748 2431 808 2465 et
830 2425 937 2465 huic
958 2424 1143 2476 legendi
1165 2424 1376 2464 instituto
1399 2435 1494 2464 non
1523 2424 1639 2465 satis
1666 2435 1741 2464 ac-

110 2494 368 2535 commoda.
393 2493 484 2535 Sed
506 2507 613 2536 curn
634 2507 714 2536 eos
735 2503 779 2536 et
801 2497 956 2549 plures
973 2496 1157 2536 viscera
1175 2495 1364 2546 capiant
1383 2495 1643 2546 charitatis,
1662 2507 1737 2536 ca-

163 2628 173 2647 ¹
213 2628 268 2656 Ps.
284 2636 414 2664 cxxxu,
430 2631 455 2657 1.

159 2676 173 2695 2
212 2676 332 2704 Petrus
348 2677 402 2704 del
417 2677 515 2705 Pozo.

159 2723 173 2743 ⁵
210 2723 245 2750 P.
263 2723 399 2758 Gaspar
411 2724 609 2752 Fernandez
625 2728 676 2752 est
693 2725 763 2759 ipse
778 2725 974 2752 litterarum
990 2728 1120 2758 auct0r;
1136 2724 1181 2751 fr.
1199 2724 1347 2758 Joannes
1362 2725 1401 2752 de
1416 2726 1449 2752 la
1474 2725 1624 2753 Carrera
1639 2729 1740 2753 notus

105 2774 169 2804 est,
193 2771 398 2805 praesertim
421 2780 462 2799 ex
486 2772 675 2805 Vnunvm,
698 2772 863 2799 Historia
878 2772 921 2799 de
944 2772 996 2799 los
1011 2771 1165 2806 Colegios
1180 2773 1223 2799 de
1244 2772 1279 2800 la
1296 2772 1487 2800 Provincia
1509 2773 1552 2800 de
1580 2773 1739 2801 Casttlla.

101 2818 203 2850 (Vide
221 2817 345 2845 Cartas
357 2819 400 2846 de
413 2819 485 2846 San
500 2819 656 2853 Ignacio,
671 2824 695 2847 t.
708 2828 740 2848 v.
751 2827 829 2854 pag.
841 2819 892 2847 541
908 2824 941 2846 et
956 2822 1048 2854 seq.).
1063 2824 1096 2847 et
1110 2827 1152 2846 ex
1167 2819 1402 2854 NIEREMBERG,
1424 2819 1579 2848 Varones
1593 2821 1742 2848 z'lustres

104 2865 197 2893 dela
222 2864 414 2900 Compam’a
439 2867 481 2895 de
503 2867 624 2902 Jesus,
646 2867 805 2895 editionis
829 2867 1002 2902 antiquae,
1029 2871 1052 2894 t.
1068 2874 1091 2900 1,
1107 2874 1185 2902 pag.
1205 2867 1267 2900 672,
1290 2875 1399 2895 novae
1424 2868 1626 2901 Bilbaensis,
1652 2872 1675 2896 t.
1695 2876 1742 2899 lx.

105 2920 184 2947 pag.
200 2912 261 2947 158;
286 2915 510 2948 quorumdam
536 2915 683 2942 fratrum
707 2914 810 2942 Orive
826 2919 858 2942 et
875 2914 1017 2942 Gabriel
1038 2914 1251 2942 meminimus
1272 2915 1304 2942 in
1320 2916 1598 2944 annotationibus
1620 2917 1663 2944 ad
1679 2916 1741 2943 Ρο-

70 2977 73 2982 -
106 2967 206 2988 LANc1
222 2960 424 2994 chronicon,
438 2965 462 2990 t.
478 2969 523 2995 ιν,
539 2970 617 2997 pag.
629 2962 680 2990 391
697 2967 730 2990 et
744 2962 807 2996 40&
823 2962 882 2989 secl
906 2962 1037 2996 horum,
1053 2966 1090 2989 ut
1105 2965 1138 2989 et
1154 2965 1370 2990 caeterorum
1385 2963 1554 2998 Ondarca,
1581 2963 1740 2996 Hermia,

108 3007 202 3041 Ruiz‚
217 3007 366 3043 Josephi,
380 3009 466 3037 certi
480 3009 565 3038 nihil
578 3015 733 3038 statuere
748 3011 915 3037 valemus.
