2028 3328
838 82 878 118 A
885 92 920 117 N.
953 81 1043 119 1554
1692 80 1762 117 200

124 182 272 232 possit
307 181 393 220 hos
424 180 622 232 populos
642 179 769 218 nulla
790 190 840 217 re
868 179 1020 227 magis
1047 189 1187 229 quam
1221 176 1580 216 instructoribus
1602 188 1758 226 egere,

117 253 204 303 ‘qui
224 253 321 292 vita
352 258 396 292 et
418 252 574 292 verbis
602 250 876 301 euangelica
899 250 989 289 illis
1011 248 1246 300 aperirent
1268 247 1564 297 documenta,
1590 253 1633 287 et
1655 248 1762 287 sim-

125 323 380 375 plicissima
415 322 519 362 fidei
547 321 831 362 christianae
861 319 1126 359 rudimenta
1153 318 1407 358 traderent.
1443 317 1661 358 Orandus
1684 319 1762 357 mi-

128 394 412 434 sericordiae
448 393 585 433 Pater
607 399 658 432 vt
684 392 872 431 viscera
902 402 1015 430 suae
1047 389 1266 429 bonitatis
1299 389 1497 441 aperiat,
1527 389 1764 440 dignetur-

120 476 216 516 que
238 464 425 504 vineam
446 475 580 503 suam
600 463 808 503 visitare.
845 460 936 502 Sed
971 461 1088 500 haec
1117 461 1173 500 de
1200 466 1377 511 nostra,
1406 471 1547 511 quam
1569 461 1765 500 alteram

129 536 239 575 libet
262 536 498 587 appellare
521 534 714 584 Indiam,
744 532 989 573 sufficiant.

210 605 408 647 Nostros
430 605 738 646 scholasticos
753 604 799 644 in
817 604 914 644 dies
936 604 1207 655 experimur
1222 603 1488 655 paratiores
1510 603 1569 643 ad
1590 602 1766 642 confes-

131 677 275 717 sionis
311 683 355 717 et
389 689 555 717 sacrae
584 676 908 716 Eucharistiae
936 681 1258 725 sacramenta;
1290 674 1496 714 maxime
1524 674 1613 714 hoc
1641 674 1768 725 pium

130 748 380 788 confitendi
400 748 604 788 studium
621 748 825 788 iuniores
846 747 1034 797 habent,
1059 747 1137 798 qui
1160 753 1204 786 et
1226 746 1285 786 ad
1307 757 1494 786 sacram
1514 745 1767 796 suscipien-

131 819 239 859 dam
269 819 648 859 communionem
676 818 866 858 iuuenili
897 817 1101 869 quadam
1128 817 1341 857 feruntur
1371 817 1569 868 pietate,
1600 816 1767 867 quibus

132 891 292 931 habita
310 890 533 942 temporis
550 896 595 930 et
613 889 779 930 aetatis
797 889 978 929 ratione
995 888 1269 929 satisfacere
1287 888 1543 928 studemus.
1564 887 1771 938 Pergunt

133 962 273 1002 iidem
290 962 474 1001 sincero
492 961 695 1012 quodam
711 961 809 1001 zelo
828 960 970 1000 etiam
986 972 1080 1000 non
1096 960 1251 1011 rogati
1270 959 1404 999 nobis
1421 959 1565 999 libros
1587 959 1643 999 de
1664 959 1772 998 hae-

134 1033 225 1073 resi
242 1038 500 1084 suspectos,
521 1038 570 1072 ut
587 1032 907 1072 examinemus
929 1038 974 1072 et
996 1031 1095 1082 igni
1115 1031 1373 1078 tradamus,
1395 1029 1577 1079 offerre,
1596 1030 1643 1070 in
1661 1042 1770 1082 quo-

135 1116 238 1144 rum
263 1105 418 1143 locum
453 1104 615 1143 sedula
643 1109 914 1143 nostrorum
942 1102 1136 1143 Patrum
1170 1113 1313 1153 opera
1349 1101 1569 1142 effectum
1603 1106 1688 1151 est,
1723 1106 1772 1140 vt

135 1175 321 1215 hortuli
336 1175 539 1224 animae,
558 1173 568 1193 ¹
590 1185 823 1225 gersones
839 1176 870 1224 ²,
887 1180 930 1214 et
949 1174 1048 1214 eius
1064 1173 1252 1225 generis
1269 1173 1332 1225 pii
1350 1173 1490 1213 libelli
1511 1171 1770 1212 sufficeren-

137 1253 227 1297 tur,
259 1247 425 1298 quibus
454 1248 548 1285 iam
579 1246 849 1285 euoluendis
869 1246 1008 1296 longe
1038 1245 1190 1296 magis
1212 1256 1354 1295 quam
1374 1244 1502 1296 prius
1525 1243 1775 1284 haereticis

139 1318 447 1358 delectantur.
471 1317 697 1367 Breuiter,
724 1317 769 1356 in
791 1317 861 1356 his
883 1317 997 1356 nihil
1022 1316 1157 1367 fellis,
1188 1316 1303 1356 nihil
1334 1315 1661 1355 contumaciae
1696 1321 1776 1354 aut

137 1389 351 1429 elationis
380 1399 562 1438 cernaS,
594 1388 676 1428 sed
705 1399 875 1439 pueros
903 1388 1153 1439 simplices,
1178 1387 1418 1437 candidos,
1458 1393 1502 1426 et
1533 1386 1591 1425 ad
1612 1397 1776 1426 veram

138 1460 415 1511 religionem
445 1460 650 1510 ingenua
672 1459 874 1511 quadam
907 1471 961 1500 ac
990 1460 1150 1500 innata
1172 1459 1344 1511 pietate
1366 1458 1773 1510 propensissimos,

137 1538 188 1572 vt
207 1531 405 1583 proinde
426 1531 559 1571 istius
575 1531 877 1582 germanicae
894 1531 1148 1571 iuuentutis
1168 1530 1346 1571 candor
1363 1530 1424 1570 ad
1440 1531 1511 1570 sui
1532 1530 1776 1570 commise-

140 1603 371 1643 rationem
392 1609 436 1642 et
463 1603 580 1642 bene
607 1602 663 1642 de
684 1602 796 1653 ipsis
818 1602 1026 1642 merendi
1055 1602 1260 1642 studium
1281 1613 1366 1642 nos
1388 1601 1652 1652 compellat,
1676 1608 1726 1640 Vt
1749 1612 1776 1639 a

142 1674 287 1714 tantis
319 1674 566 1713 haeresum
588 1673 882 1724 labyrinthis,
914 1673 992 1724 qui
1024 1673 1201 1724 passim
1230 1673 1287 1713 ob
1316 1673 1479 1712 oculos
1506 1678 1774 1721 versantur,

140 1745 229 1785 Dei
249 1745 403 1796 gratia
433 1750 477 1784 et
503 1749 665 1784 nostra
687 1744 987 1795 indignorum
1007 1755 1253 1784 seruorum
1280 1743 1379 1784 eius
1401 1754 1544 1794 opera
1565 1754 1777 1794 praescr-

142 1817 253 1868 uati,
277 1816 531 1868 persistant
548 1816 595 1855 in
612 1815 846 1855 communi
865 1815 1106 1855 Ecclesiae
1127 1815 1388 1855 catholicae
1406 1815 1588 1855 semita:
1612 1815 1776 1864 aderit,

142 1894 194 1928 vt
214 1898 480 1940 speramus,
505 1887 717 1938 Vtrisque
743 1885 897 1926 Patris
927 1886 1106 1926 aeterni
1127 1885 1400 1936 subsidium,
1434 1885 1565 1925 cuius
1595 1897 1690 1925 non
1710 1892 1780 1925 cst

144 1960 364 1999 voluntas
390 1966 441 1998 vt
469 1963 630 2009 pereat
652 1969 772 1997 vnus
793 1969 852 1997 ex
878 1957 950 1997 his
980 1958 1175 2009 pusillis,
1209 1957 1292 1998 sed
1319 1962 1370 1997 vt
1397 1963 1700 1997 conuertatur
1721 1955 1781 1996 ad

146 2041 194 2070 se
215 2036 260 2070 et
280 2030 426 2069 viuat.

223 2101 346 2141 Huic
367 2106 527 2141 tantae
562 2099 845 2140 multitudini
878 2111 983 2140 cum
1013 2101 1117 2140 loca
1144 2099 1270 2140 domi
1297 2106 1487 2140 nostrae
1518 2105 1782 2151 opportuna

145 2173 376 2223 deessent,
409 2172 627 2222 expensis
663 2183 718 2211 ac
746 2172 874 2211 iussu
905 2171 1082 2222 Regiae
1110 2171 1221 2211 M.tiS
1243 2170 1256 2189 ⁵
1277 2172 1499 2211 nonnulla
1521 2172 1784 2211 instaurata

147 2249 268 2293 sunt,
292 2248 337 2283 et
365 2243 471 2293 alia,
504 2248 601 2282 tam
627 2242 674 2281 in
699 2243 874 2282 classes
896 2253 1036 2294 quam
1058 2242 1104 2281 in
1128 2242 1495 2282 commodiorem
1516 2248 1786 2282 nostrorum

147 2314 500 2362 habitationem,
526 2313 764 2364 adaptata.
787 2313 928 2364 Idem,
953 2325 1042 2365 quo
1065 2319 1134 2352 est
1155 2324 1270 2364 erga
1291 2324 1377 2352 nos
1403 2313 1536 2363 regio
1558 2319 1603 2353 et
1622 2313 1787 2353 libera-

150 2386 180 2426 li
209 2385 394 2435 affectu,
427 2384 677 2435 collegium
711 2390 925 2424 nostrum
960 2385 1101 2425 certis
1137 2395 1190 2423 ac
1218 2384 1454 2435 perpetuis
1482 2385 1578 2425 iam
1608 2384 1788 2424 dotauit

149 2457 469 2509 prouentibus,
507 2455 675 2507 quibus
701 2455 833 2495 breui
859 2467 1104 2507 speramus
1133 2455 1342 2507 pluribus
1364 2455 1588 2496 fratribus
1610 2457 1790 2496 alendis

146 2538 426 2568 accessuros
449 2526 714 2577 amplioreS,
737 2532 1043 2578 posteaquam
1077 2538 1321 2566 numerum
1348 2527 1477 2567 illum
1496 2526 1549 2567 30
1569 2538 1790 2578 persona-

207 2662 219 2682 ¹
258 2662 434 2690 Hortalus
457 2664 614 2694 animae,
634 2663 710 2697 pius
732 2663 968 2697 precationum
995 2663 1148 2698 libellus,
1179 2662 1332 2690 iconibus
1358 2663 1564 2698 illustratus,
1589 2664 1643 2699 qui
1669 2672 1793 2699 magno

152 2714 234 2737 tunc
262 2712 427 2745 temporis
451 2716 527 2738 erat
553 2711 642 2745 apud
657 2711 817 2744 populum
832 2711 956 2747 pretio,
971 2710 1067 2745 qu'us
1088 2711 1139 2738 rei
1158 2715 1397 2745 argumentum
1412 2715 1491 2739 sunt
1509 2712 1706 2740 innumerae
1722 2713 1793 2740 scre

155 2756 323 2785 editiones
339 2762 411 2785 toto
427 2758 485 2785 illo
503 2758 642 2784 saeculo
659 2757 739 2784 XVI
755 2758 882 2785 sactae.

205 2804 219 2824 Ξ
257 2804 398 2838 ,ῙοΑΝΝιε
420 2805 587 2839 Gssnsosis
603 2805 789 2839 opuscula,·
809 2805 967 2833 fortassis
990 2806 1077 2832 liber
1099 2805 1150 2833 De
1174 2806 1378 2834 imitatione
1396 2805 1528 2835 Christi
1542 2809 1573 2836 et
1589 2810 1794 2842 contemptu

149 2853 293 2883 mundi.
307 2853 362 2888 qui
379 2858 458 2880 tunc
472 2854 670 2887 plerumque
688 2852 832 2880 Gersoni
847 2853 1121 2881 adscribebatur.

207 2900 221 2920 5
258 2899 478 2935 Ferdinandi,
496 2900 726 2928 Romanorum
740 2900 854 2935 Regis.

299 2960 348 2996 T.
379 2972 436 2995 ιιι.
1544 2974 1584 3007 14
