2028 3328
214 172 262 209 225
732 171 959 208 LITTERAE
980 181 1342 215 QUADRIMESTRES

216 280 367 320 genus
388 269 683 320 compulerit,
716 268 833 309 duos
861 280 1044 320 quoque
1067 268 1351 318 sacerdotes,
1381 278 1581 320 quorum
1609 278 1763 307 mores
1801 279 1856 307 ac

218 340 315 380 vita
346 340 501 380 multis
536 341 658 380 male
685 340 876 380 viuendi
905 351 1069 380 ansam
1096 339 1396 391 praebebant,
1431 338 1584 388 coe'git
1612 343 1677 388 vt,
1704 338 1860 378 missis

218 411 348 461 iocis,
374 411 574 461 choreis,
600 411 954 462 prophanisque
983 423 1039 451 ac
1060 410 1251 451 lasciuis
1278 408 1676 450 familiaritatibus
1704 414 1747 448 et
1770 410 1857 449 col·

219 482 411 534 loquiis,
455 482 674 533 religiose
719 482 950 522 viuerent.
994 481 1170 522 Ibidem
1216 493 1398 533 quoque
1439 479 1683 520 dissidium
1723 480 1861 532 quod-

221 553 328 593 dam
351 553 444 593 iam
466 553 587 593 inter
609 558 791 605 patrem
813 559 856 593 et
877 553 1020 593 filium
1042 553 1291 604 quemdam
1320 553 1647 601 inueteratum,
1672 558 1716 591 et
1737 551 1861 602 quod

221 625 439 676 permulti
460 626 605 664 multo
627 631 837 676 tempore
857 624 1077 675 frangere
1098 624 1422 675 nequiuerant,
1443 622 1600 662 diuino
1623 622 1859 673 praesidio

223 695 368 735 multa
392 695 624 735 charitate
647 695 769 735 idem
790 700 923 746 pater
950 694 1203 746 extirpauit
1235 701 1373 745 atque
1402 693 1588 743 deleuit,
1623 704 1793 744 eosque
1815 693 1863 732 in

224 766 369 806 multa
393 778 509 817 pace
539 767 821 818 relinquens,
852 766 1061 818 pluribus
1088 772 1259 816 tamen,
1289 778 1383 805 non
1410 765 1510 804 sine
1538 775 1709 815 magno
1732 764 1862 816 spiri-

222 837 305 877 tali
325 837 531 887 foenore,
557 837 930 877 confessionibus
953 838 1138 886 auditis,
1173 838 1230 877 ad
1251 848 1337 876 nos
1364 847 1590 887 prospera
1613 847 1717 876 cum
1740 836 1863 875 vale-

223 907 383 948 tudine
405 908 555 948 rediit.

307 979 406 1019 Iam
427 990 559 1026 vero,
583 985 633 1018 vt
656 979 711 1019 de
733 979 820 1030 his,
845 980 921 1031 qui
944 980 991 1020 in
1012 980 1197 1031 publica
1221 978 1434 1019 custodia
1457 984 1775 1027 asseruantur,
1801 977 1866 1017 di-

225 1063 330 1091 cam
355 1050 546 1102 aliquid,
573 1051 847 1102 saepissime
869 1051 932 1091 illi
954 1063 980 1090 a
1002 1050 1277 1091 Reuerendo
1299 1056 1365 1101 pfl
1388 1049 1642 1089 Laurentio
1662 1048 1689 1100 ¹,
1704 1055 1749 1089 et
1771 1049 1866 1100 qui—

226 1121 331 1162 dem
367 1121 635 1173 frequenter
671 1122 729 1161 ab
766 1121 933 1162 iisdem
967 1128 1153 1172 vocato,
1190 1122 1422 1171 visuntur,
1460 1120 1539 1161 vbi
1577 1120 1864 1167 concionari,

226 1191 553 1233 confessiones
582 1192 759 1243 audire,
789 1205 976 1233 sacram
1004 1193 1334 1233 administrare
1365 1191 1700 1232 eucharistiam
1729 1198 1866 1243 atque
1892 1229 1896 1232 .

226 1264 319 1303 alia
341 1263 592 1304 charitatis
609 1263 759 1303 officia
781 1269 1024 1315 praestare
1047 1264 1234 1304 assidue
1256 1263 1514 1303 consueuit.

313 1333 580 1374 Reuerendi
597 1347 711 1375 vero
727 1335 877 1386 patris
894 1335 1041 1375 nostri
1058 1347 1262 1387 operam,
1283 1345 1536 1385 numquam
1553 1339 1680 1374 certe
1702 1333 1868 1373 desunt

228 1406 321 1445 viri
344 1406 553 1457 plerique
575 1406 838 1455 clarissimi,
863 1406 941 1458 qui
968 1406 1126 1446 multis
1155 1406 1201 1446 in
1228 1406 1366 1446 rebus
1393 1405 1481 1457 piis
1502 1405 1758 1457 requirant.
1784 1403 1867 1443 Re-

228 1477 465 1517 uerendus
501 1477 639 1517 huius
673 1477 803 1517 Vrbis
823 1476 1045 1517 Vicarius
1081 1477 1259 1528 primus
1295 1484 1386 1526 est,
1417 1476 1493 1528 qui
1531 1476 1608 1516 illo
1644 1475 1691 1515 in
1725 1474 1869 1515 refor-

231 1547 418 1588 mandis
447 1548 721 1588 monialium
749 1548 987 1588 coenobiis
1015 1548 1268 1599 plurimum
1297 1548 1459 1598 vtitur,
1493 1547 1572 1587 vbi
1592 1553 1662 1587 est
1691 1545 1876 1587 concio-

230 1624 369 1659 natus
395 1619 597 1671 saepius.
620 1619 678 1660 Et
699 1619 969 1659 monialium
991 1619 1173 1659 animos
1190 1618 1516 1670 spiritualibus
1532 1617 1769 1658 exercitiis
1785 1617 1873 1657 for-

230 1695 328 1730 mat
349 1696 492 1741 atque
518 1690 566 1730 in
595 1690 683 1730 Dei
709 1701 917 1730 amorem
948 1690 1219 1740 inflammat,
1257 1701 1419 1730 earum
1450 1689 1769 1730 confessiones
1797 1700 1876 1728 au*

230 1761 311 1812 dit,
335 1767 380 1801 et
405 1761 540 1813 plura
561 1773 666 1801 cum
689 1762 757 1801 eis
779 1761 1038 1812 spiritualia
1060 1761 1233 1811 munia,
1267 1773 1362 1801 non
1389 1761 1488 1801 sine
1519 1771 1692 1811 magno
1720 1759 1876 1799 fructu

230 1832 465 1884 spirituali
498 1838 543 1873 et
578 1832 665 1873 Dei
695 1833 849 1884 gloria
884 1838 1086 1882 exercet,
1127 1844 1217 1884 quo
1248 1832 1296 1872 fit
1325 1838 1376 1872 vt
1405 1832 1451 1872 in
1480 1831 1759 1872 monialibus
1787 1830 1882 1870 illis.

231 1914 407 1954 magna
428 1904 660 1955 quaedam
680 1905 886 1944 reluceat
908 1903 1235 1954 sanctimonia,
1262 1903 1385 1955 quod
1408 1902 1467 1943 ad
1484 1903 1711 1943 maiorem
1730 1901 1877 1941 nomi-

231 1975 304 2014 nis
324 1974 438 2028 Jesu
461 1975 662 2026 gloriam
685 1975 903 2015 omnibus
925 1974 1132 2026 quotidie
1154 1974 1202 2015 fit
1223 1974 1532 2015 manifestius.
1558 1973 1879 2014 Concionatur

231 2051 485 2097 praeterea
511 2046 634 2086 idem
660 2052 793 2098 pater
822 2046 869 2086 in
900 2047 1071 2097 templo
1106 2052 1268 2086 nostro
1299 2045 1565 2097 praecipuis
1601 2044 1711 2084 anni
1744 2043 1876 2084 festis

235 2128 419 2157 summa
444 2129 550 2157 cum
571 2118 729 2169 populi
751 2117 1009 2157 attentione
1026 2129 1082 2157 ac
1098 2117 1266 2157 maiori
1285 2117 1549 2157 animarum
1566 2115 1735 2155 fructu.
1757 2114 1876 2155 Reli-

236 2187 338 2238 quis
369 2199 485 2228 vero
521 2187 653 2228 festis
687 2187 829 2228 Pater
862 2187 1160 2239 LaurentiUS,
1198 2194 1249 2228 vt
1283 2187 1542 2238 consueuit,
1582 2184 1680 2238 [eis]
1710 2185 1786 2237 qui
1818 2185 1878 2224 ad

237 2264 455 2299 nostrum
477 2259 724 2310 collegium
744 2259 954 2299 discendi
976 2270 1120 2299 causa
1143 2258 1385 2310 accedunt,
1411 2258 1719 2299 christianam
1735 2256 1881 2307 expli·

237 2335 315 2370 cat
353 2328 633 2380 doctrinam,
670 2341 760 2381 qua
789 2341 847 2370 ex
876 2341 925 2370 re
952 2329 1085 2381 pueri
1113 2330 1201 2382 ipsi
1228 2330 1432 2370 fructum
1467 2328 1758 2381 spiritualem
1785 2338 1879 2367 non

241 2400 575 2451 poenitendum
603 2401 845 2450 hauriunt,
876 2406 920 2441 et
945 2400 1209 2451 paratiores
1241 2400 1299 2441 ad
1326 2401 1488 2441 literas
1509 2398 1758 2440 discendas
1779 2397 1878 2438 red-

241 2471 428 2512 duntur.

319 2542 390 2592 Et,
417 2548 468 2583 vt
490 2554 645 2594 pauca
667 2543 722 2583 de
745 2543 1013 2583 domesticis
1031 2543 1199 2591 dicam,
1219 2543 1390 2583 fratres
1407 2542 1597 2595 quidam
1618 2540 1766 2582 nostri
1788 2546 1880 2579 stu-

240 2613 317 2652 dia
337 2625 432 2653 non
453 2613 713 2664 negligunt,
738 2619 781 2653 et
803 2614 912 2653 totis
935 2613 1177 2654 conatibus
1196 2613 1242 2653 in
1265 2614 1311 2654 id
1332 2613 1621 2663 incumbunt,
1643 2618 1692 2652 vt
1713 2611 1760 2651 in
1781 2611 1880 2651 dies

240 2683 393 2734 magis
416 2695 471 2723 ac
493 2684 645 2735 magis
667 2684 714 2723 in
739 2683 990 2724 virtutibus
1012 2683 1274 2735 proficiant,
1299 2696 1389 2736 quo
1411 2689 1456 2724 et
1476 2681 1752 2723 Paternitati
1772 2688 1881 2722 tuae

240 2753 584 2794 obedientiores
606 2765 707 2794 esse
729 2760 772 2794 et
795 2754 1069 2806 conspectui
1086 2755 1245 2795 diuino
1267 2755 1503 2806 gratiores
1526 2764 1757 2805 apparere
1779 2764 1885 2804 pos-

240 2825 348 2865 sint.
374 2824 509 2876 Quod
531 2823 612 2877 [ut]
637 2825 824 2877 assequi
844 2826 1049 2876 valeant,
1073 2826 1288 2866 omnibus
1309 2825 1461 2866 modis
1490 2835 1783 2876 quocumque
1804 2823 1883 2863 be—

301 2984 310 3003 ¹
352 2985 387 3012 P.
401 2984 550 3018 Joannes
566 2983 773 3012 Laurentius
790 2985 828 3011 de
846 2985 1030 3012 Parni-inis.
