2028 3328
829 127 910 164 AN.
944 128 1033 164 1555
1676 127 1746 166 467

196 225 546 276 §aperscmptso
567 225 615 264 sn
637 227 809 276 quarta
828 224 1032 274 pagina:
1053 223 1164 263 IHS.
1190 224 1248 263 Al
1271 236 1380 275 muy
1402 224 1503 264 R.<¹0
1524 237 1580 264 cn
1602 225 1742 265 Chro.

114 297 280 344 Padie,
305 298 346 336 el
367 296 414 336 P.
440 296 574 336 Mtro.
599 296 780 346 Ignatio
799 294 1038 345 Preposito
1055 294 1257 334 General
1279 295 1333 335 de
1351 297 1395 334 la
1413 296 1669 346 Compania
1687 295 1742 335 de

113 368 249 421 Jesus
271 379 327 407 en
350 367 511 408 Roma.

197 439 306 478 Alsa
341 450 503 478 malm:
542 439 654 478 1555.
692 438 860 477 Ebora.
903 436 1301 487 Quadrimestres.
1337 437 1362 476 2
1400 436 1526 476 Maii.
1566 436 1659 476 R.te
1694 436 1748 476 20

116 509 348 550 Octobris.

723 937 858 990 OOC
871 934 1169 988 LXXXVI

190 1171 408 1208 Robertus
429 1171 728 1217 CIayssonius.

234 1235 304 1272 Ex
325 1236 645 1273 commissione
669 1237 807 1273 Patris
831 1235 1056 1272 Paschasii
1078 1235 1223 1278 Rroer,

287 1301 405 1338 Patri
422 1302 592 1348 Ignatio
613 1302 665 1338 de
685 1302 869 1348 Loyola.

336 1367 526 1410 Parisiis,
548 1367 571 1404 3
593 1367 694 1414 Maji
716 1368 806 1405 1555
826 1368 853 1403 ¹.

196 1574 296 1614 Pax
316 1574 503 1615 Domini
521 1575 607 1616 Dei
633 1575 780 1615 nostri
812 1575 923 1627 Jesu
953 1574 1127 1616 Christi
1162 1574 1369 1626 perfecta
1403 1587 1488 1614 nos
1515 1575 1654 1614 donet
1688 1575 1741 1614 li-

116 1645 311 1686 bertate.
336 1646 504 1686 Amen.

197 1716 297 1757 Rde
313 1717 358 1757 in
381 1717 566 1758 Christo
588 1716 741 1757 Pater:
765 1717 951 1758 humilis
971 1717 1267 1758 salutationis
1287 1729 1514 1769 perquam
1537 1717 1744 1758 officioso

116 1789 376 1840 praemisso
399 1789 638 1840 obsequio,
663 1801 716 1828 ea
738 1800 870 1840 quae,
894 1789 966 1829 his
987 1795 1187 1840 quatuor
1208 1789 1443 1829 mensibus
1472 1789 1643 1840 elapsis
1665 1789 1741 1829 hic

116 1866 266 1912 gesta,
290 1859 372 1900 ΡΝ
399 1866 505 1900 tuae
527 1860 774 1900 scribenda
795 1866 1061 1910 occurrunt,
1085 1860 1333 1912 perpaucis
1355 1860 1739 1912 perstringemus.

197 1931 429 1983 Imprimis
462 1931 642 1982 gratias
682 1936 876 1982 agentes
903 1931 1090 1971 diuinae
1124 1931 1462 1983 prouidentiae,
1500 1931 1623 1983 quod
1650 1943 1744 1972 non

117 2003 253 2043 modo
276 2003 490 2043 coelestis
510 2002 790 2051 vocationiS,
810 2009 947 2054 atque
970 2003 1086 2043 adeo
1107 2002 1412 2054 professionis
1433 2003 1739 2053 euangelicae

117 2085 323 2124 munere,
345 2086 431 2114 nos
457 2074 650 2125 dignata
681 2075 753 2124 sit,
786 2085 950 2114 verum
982 2073 1143 2114 hilaris
1173 2073 1425 2124 patientiae
1447 2073 1493 2113 in
1529 2074 1743 2114 aduersis

119 2146 255 2196 (quae
292 2145 482 2185 tandem
522 2146 871 2185 serenissimam
917 2144 1304 2196 tranquillitatem
1343 2144 1496 2195 nobis,
1549 2144 1738 2185 Christo

118 2216 370 2267 aspirante,
394 2216 594 2256 allatura
615 2216 890 2267 speramus),
915 2215 1036 2256 dono
1058 2227 1144 2255 nos
1162 2215 1303 2255 etiam
1320 2226 1620 2255 remunerare
1636 2216 1742 2256 bea-

119 2298 262 2338 reque
297 2287 528 2338 dignetur,
566 2286 957 2339 quemadmodum
992 2299 1050 2327 ex
1086 2286 1405 2338 superioribus
1440 2287 1585 2326 literis
1619 2287 1735 2327 satis

118 2357 392 2409 abundeque
412 2358 678 2398 Paternitas
699 2365 778 2398 tua
801 2364 1090 2409 compertum
1111 2358 1264 2398 habet.

197 2428 334 2469 Certe
356 2428 475 2470 Κέω
490 2429 790 2481 Praepositus
812 2436 969 2469 noster
990 2429 1003 2447 '²
1027 2429 1165 2468 nullis
1187 2429 1557 2480 tempestatibus,
1578 2441 1737 2481 quam-

118 2501 290 2540 tumuis
310 2502 596 2553 procellosis,
622 2502 678 2541 ab
700 2501 800 2552 ipso
821 2501 1054 2552 Episcopo
1076 2498 1329 2540 Parisiensi
1345 2499 1373 2552 ³,
1393 2500 1744 2552 Theologorum

118 2571 298 2622 synodo
325 2583 381 2612 ac
415 2573 696 2624 magistratu
724 2571 952 2612 aduersus
979 2570 1262 2612 Societatem
1289 2572 1521 2622 excitatis,
1551 2583 1578 2611 a
1604 2583 1745 2611 sacra

117 2641 217 2692 spei
239 2653 410 2683 ancora
432 2643 617 2694 figenda
635 2642 897 2693 deterritus,
921 2641 1251 2682 praefecturae
1273 2642 1423 2683 officio
1446 2642 1620 2682 inuicta
1637 2654 1746 2683 con·

176 2849 181 2866 ¹
223 2848 471 2883 Autographae
487 2851 611 2885 duplici
626 2851 716 2884 folio,
733 2858 786 2878 nn.
803 2849 856 2876 320
871 2854 904 2876 et
920 2849 985 2876 321.

173 2896 186 2914 2
224 2895 265 2923 P.
279 2895 483 2925 Paschasius
500 2898 613 2926 Broet.

173 2942 186 2959 ⁷³
225 2943 412 2971 Eustachio
428 2945 470 2972 du
487 2945 616 2981 Bellay.
