2028 3328
190 135 264 172 272
724 135 950 171 LITTERAE
971 146 1329 176 QUADRJMESTRES

883 586 1146 641 GCGLII

266 818 532 855 Franciscus
552 817 806 862 Stephanus

317 883 439 920 Patri
458 882 628 930 Ignatio
649 882 701 919 de
722 881 906 928 Loyola.

364 948 584 991 Messana,
603 947 817 993 januario
840 946 931 983 1555
947 945 971 983 ¹.

990 1101 1011 1133 ,ῖ-

959 1136 1057 1177 IHS

279 1300 445 1341 Gratia
479 1299 669 1339 Domini
703 1299 851 1339 nostri
885 1298 997 1351 Jesu
1027 1297 1200 1338 Christi
1236 1299 1295 1338 sit
1337 1299 1585 1339 nobiscum
1633 1310 1833 1351 semper.

195 1372 364 1412 Amen.

278 1443 511 1494 Quoniam
533 1442 778 1494 epistolam
800 1443 847 1482 in
869 1442 1064 1493 longum
1086 1441 1363 1493 protrahere
1392 1454 1486 1482 non
1513 1442 1634 1493 licet,
1658 1441 1759 1482 Rde
1787 1442 1836 1482 in

196 1514 384 1555 Christo
419 1513 573 1562 Pater,
607 1524 697 1565 qua
730 1513 965 1565 praecipis
994 1513 1224 1553 breuitate
1260 1525 1330 1563 ea,
1366 1524 1485 1564 quae
1519 1513 1732 1564 proxime
1760 1513 1833 1553 his

194 1586 376 1626 exactis
397 1585 634 1625 mensibus
656 1585 781 1636 apud
801 1596 887 1625 nos
907 1590 1044 1635 gesta
1065 1590 1185 1635 sunt,
1211 1595 1449 1635 exponere
1473 1584 1691 1624 nitemur.

278 1656 402 1697 Nihil
437 1656 534 1696 fere
563 1656 676 1696 noui
704 1662 797 1707 est,
830 1656 885 1696 de
913 1667 1005 1707 quo
1039 1655 1093 1695 R.
1131 1661 1261 1695 tuam
1290 1655 1536 1695 certiorem
1565 1656 1831 1706 reddamus,

197 1729 285 1768 nisi
306 1728 425 1768 forte
447 1739 621 1768 nouum
637 1727 749 1767 illud
765 1727 995 1778 uideatur,
1012 1727 1305 1778 spiritualem
1321 1727 1582 1778 profectum
1597 1739 1690 1767 non
1707 1732 1833 1766 stare

198 1801 364 1851 solum,
388 1806 432 1840 et
449 1800 619 1839 durare
641 1811 695 1839 eo
716 1798 915 1849 feruore,
941 1810 1032 1850 quo
1051 1798 1155 1838 aliis
1172 1798 1319 1838 literis
1337 1798 1576 1850 accepisti,
1594 1797 1676 1837 sed
1693 1798 1833 1838 etiam

200 1872 248 1912 in
271 1872 369 1911 dies
397 1882 521 1911 nouo
551 1871 754 1922 quodam
780 1882 836 1910 ac
863 1869 1064 1910 feruenti
1091 1870 1258 1921 spiritu
1286 1881 1499 1910 crescere
1529 1870 1576 1909 in
1612 1869 1830 1920 Domino,

197 1943 431 1994 latiusque
453 1942 656 1982 extendi.
683 1941 974 1982 Concionum
994 1947 1038 1981 et
1060 1941 1455 1993 lectionum,quae
1472 1941 1519 1980 in
1535 1941 1707 1992 templo
1731 1941 1832 1980 soli-

197 2021 272 2054 tae
294 2019 400 2054 sunt
421 2013 599 2063 haberi,
623 2013 746 2052 idem
767 2018 836 2053 est
858 2012 987 2063 ordo,
1013 2018 1191 2052 mutata
1216 2012 1465 2052 dumtaxat
1486 2011 1619 2051 Pauli
1634 2012 1834 2052 lectione

196 2086 244 2125 in
263 2085 560 2125 Psalmorum
581 2084 794 2134 Dauidis,
820 2096 913 2124 non
934 2084 1088 2124 minus
1118 2084 1279 2124 utilem
1307 2095 1451 2135 quam
1471 2089 1674 2134 gratam,
1698 2095 1833 2134 expo-

198 2157 429 2196 sitionem.
454 2155 717 2196 Conciones
738 2167 852 2196 uero
874 2161 917 2195 et
939 2167 1127 2195 sacram
1146 2155 1497 2195 Eucharistiam
1522 2161 1566 2194 et
1584 2154 1834 2194 confessio-

196 2240 280 2268 nes
302 2227 699 2279 frequentantium
722 2239 959 2276 numerus,
982 2226 1197 2278 quamuis
1214 2233 1353 2266 antea
1372 2238 1466 2266 non
1482 2226 1700 2266 minimus
1721 2226 1832 2265 exti-

198 2299 321 2349 terit,
347 2305 505 2338 tamen
536 2299 601 2338 ita
622 2305 691 2338 est
720 2298 962 2347 adauctus,
997 2303 1048 2338 ut
1085 2303 1315 2348 occupato
1342 2297 1435 2337 iam
1461 2297 1633 2348 templo
1661 2297 1718 2336 ab
1745 2296 1832 2347 his,

194 2370 276 2421 qui
316 2381 497 2410 summo
538 2381 674 2409 mane
713 2369 915 2421 primum
954 2369 1211 2409 aduentare
1252 2369 1426 2419 solent,
1468 2379 1654 2408 necnon
1688 2368 1834 2419 ipsius

197 2441 359 2492 templi
379 2441 532 2480 ianuis
555 2440 709 2492 (quem
732 2441 771 2480 si
792 2441 896 2492 quis
918 2441 1075 2480 locum
1102 2440 1327 2492 consequi
1354 2439 1517 2491 possit,
1547 2450 1642 2479 non
1668 2449 1834 2490 parum

197 2523 247 2551 se
283 2511 538 2551 arbitratur
569 2511 820 2563 adeptum),
851 2511 983 2551 multi
1009 2518 1167 2551 tamen
1192 2523 1285 2551 non
1320 2510 1420 2551 sine
1453 2521 1633 2550 summo
1670 2508 1832 2548 dolore

197 2582 388 2622 domum
409 2582 584 2622 reuerti
606 2588 851 2633 cogantur,
878 2582 1001 2634 quod
1021 2583 1176 2622 nullus
1202 2582 1272 2633 iis,
1305 2593 1363 2621 ne
1390 2582 1437 2621 in
1458 2580 1618 2632 tempii
1647 2579 1832 2631 quidem

197 2652 444 2703 uestibulo,
474 2654 606 2693 locus
641 2653 857 2704 supersit:
889 2652 974 2693 fuit
1008 2659 1163 2693 autem
1199 2651 1644 2693 communicantium
1678 2662 1836 2691 nume-

198 2735 278 2764 rus
294 2723 367 2763 his
390 2723 520 2763 festis
536 2723 772 2763 Natalitiis
793 2724 982 2764 circiter
1002 2723 1095 2764 600.
1120 2723 1385 2774 Caeterum,
1405 2734 1544 2773 quarn
1565 2721 1754 2762 feruens
1776 2722 1835 2762 sit

252 2907 262 2927 ¹
301 2907 515 2941 Exemplum,
535 2907 630 2941 cujus
651 2911 827 2941 postrema
850 2911 984 2935 tantum
1004 2909 1113 2936 verba
1134 2907 1196 2935 “In
1217 2906 1388 2935 Genaro...
1403 2910 1488 2941 ete.„
1509 2910 1587 2934 sunt
1602 2913 1705 2933 manu
1728 2905 1837 2940 ipsius

194 2955 365 2990 Stephani
380 2955 512 2989 scripta
539 2954 683 2982 Constat
699 2956 823 2990 duplici
840 2956 931 2990 folio,
946 2956 1056 2990 primo
1071 2964 1102 2983 n.
1118 2955 1180 2989 214,
1194 2955 1305 2982 altero
1321 2962 1404 2982 vero
1420 2961 1484 2981 non
1496 2957 1687 2982 numerato.
