2028 3328
212 149 276 185 1‹j›;
717 149 946 186 LITTERAE
974 160 1337 192 QUADRIMESTREs

847 601 1204 654 CCCXXXV

281 836 501 874 Robertus
519 835 823 882 Clayssonius,

326 901 393 939 Ex
413 901 734 939 commissione
755 901 899 938 Patris
921 901 1150 937 Paschasii
1171 900 1317 944 Broet,

372 968 493 1004 Patri
512 967 683 1012 Ignatio
704 967 756 1003 de
777 960 961 1014 Loyola.

421 1032 624 1074 Parisiis,
648 1032 664 1069 1
686 1031 947 1068 Decembris
971 1031 1061 1068 1554
1079 1032 1102 1066 ¹.

288 1240 384 1280 Pax
406 1240 594 1280 Domini
616 1240 703 1280 Dei
725 1241 873 1280 nostri
888 1242 999 1293 Jesu
1017 1240 1193 1281 Christi
1215 1240 1423 1292 perfecta
1440 1252 1528 1280 nos
1549 1241 1689 1281 donet
1710 1241 1843 1282 liber-

206 1318 318 1351 tate.

285 1382 385 1423 Rfle
407 1383 454 1423 in
485 1383 672 1423 Christo
700 1382 860 1422 Pater:
891 1383 1078 1422 humilis
1113 1383 1404 1423 obedientiae
1441 1389 1578 1434 atque
1609 1383 1843 1423 officiosae

204 1454 498 1494 salutationis
525 1454 785 1505 praemisso
815 1454 1055 1505 obsequio,
1080 1454 1411 1494 Reuerentiam
1437 1460 1566 1494 tuam
1594 1453 1844 1495 Societatis

204 1525 502 1576 negotiorum
524 1526 571 1565 in
587 1525 676 1564 hac
693 1525 949 1565 Parisiensi
971 1524 1246 1575 Academia,
1271 1525 1396 1565 haud
1415 1531 1579 1577 status,
1599 1526 1681 1566 sed
1702 1527 1843 1566 turbi-

204 1597 297 1647 nis,
332 1609 426 1637 non
448 1608 712 1646 successus,
745 1596 826 1636 sed
858 1604 1194 1648 praeposterae
1223 1597 1565 1648 commotionis,
1596 1598 1844 1638 certiorem

204 1668 456 1709 reddimus.
487 1667 634 1719 Atqui
669 1673 774 1719 post
808 1679 1000 1707 saeuam
1035 1668 1263 1708 ferocium
1298 1669 1560 1708 animorum
1595 1674 1843 1720 tempesta-

203 1746 319 1790 tem,
349 1745 512 1791 portus
542 1739 778 1779 salubrem
809 1739 1197 1790 tranquillitatem
1228 1745 1272 1779 et
1300 1751 1546 1790 speramus
1578 1745 1622 1780 et
1653 1739 1842 1780 medita-

203 1822 322 1851 mur.
338 1810 529 1863 Juuabit
551 1810 803 1862 aliquando
820 1810 1088 1850 meminisse
1104 1810 1319 1850 laborum
1337 1818 1476 1862 atque
1495 1822 1840 1860 aerumnarum,

203 1882 371 1933 quibus
393 1882 600 1932 obnoxii,
624 1889 952 1932 corruptorum
974 1882 1213 1922 hominum
1234 1883 1479 1922 venenatis
1496 1882 1843 1933 proscindimus

202 1954 396 2004 linguis,
437 1953 682 1993 calumniis
725 1953 1040 2003 confodimur,
1084 1953 1239 2005 impiis
1279 1954 1663 2005 persuasionibus
1704 1965 1843 1993 aures

202 2025 386 2076 piorum
410 2023 774 2064 obtundentibus
797 2025 1146 2064 conculcamur.
1168 2023 1301 2064 Adeo
1324 2024 1572 2075 desperata
1595 2030 1664 2064 est
1685 2024 1842 2065 Socie-

201 2096 331 2146 tatis,
362 2096 591 2135 hactenus
620 2095 696 2135 hic
727 2096 958 2146 sepultae,
983 2106 1107 2135 nunc
1142 2107 1257 2135 vero
1288 2095 1514 2146 paulatim
1542 2096 1840 2147 emergentis,

200 2168 342 2206 salus.
369 2165 459 2206 Sed
490 2166 685 2206 dextera
709 2165 898 2205 Domini
927 2165 1023 2206 Vim
1051 2172 1191 2217 atque
1221 2166 1464 2217 energiam
1498 2177 1633 2207 suam
1664 2172 1839 2217 exeret,

200 2244 244 2277 et
265 2238 464 2277 salutem
486 2237 755 2288 operabitur
778 2237 825 2276 in
846 2237 998 2276 medio
1021 2244 1197 2287 terrae,
1221 2238 1296 2277 vel
1318 2237 1604 2277 aduersariis
1625 2237 1837 2277 testibus.

200 2308 336 2348 Initia
358 2308 545 2359 quidem
566 2308 780 2348 dolorum
810 2319 895 2347 nos
929 2307 1080 2347 adhuc
1104 2314 1273 2359 vrgent
1294 2320 1350 2348 ac
1377 2315 1616 2359 premunt,
1640 2308 1841 2348 necdum

199 2379 304 2419 finis
339 2380 579 2430 praelucet
614 2386 711 2418 tam
746 2379 903 2418 acerbi
938 2386 1078 2430 atque
1113 2378 1321 2419 diuturni
1354 2379 1554 2419 laboris:
1591 2379 1674 2419 sed
1709 2378 1841 2418 dabit

200 2449 329 2489 Deus
351 2449 422 2489 his
443 2461 627 2500 quoque
648 2448 788 2489 finem
808 2450 1072 2500 laetiorem,
1104 2461 1245 2500 quam
1266 2461 1350 2501 pro
1373 2450 1579 2490 humana
1601 2450 1838 2500 opinione.

281 2519 509 2571 Theologi
530 2527 748 2560 asserunt
776 2531 826 2560 se
854 2521 1091 2571 priuatum
1115 2520 1301 2572 quidem
1322 2520 1377 2561 de
1399 2520 1700 2561 facultatibus
1723 2519 1838 2560 Pon-

198 2590 341 2630 tificia
359 2591 638 2630 auctoritate
656 2590 879 2631 Societati
896 2591 1136 2631 concessis
1154 2591 1315 2631 tulisse
1334 2591 1592 2632 arbitrium.
1612 2590 1676 2631 At
1692 2591 1838 2642 publi-

199 2673 304 2702 cam
326 2660 570 2713 Synodum
592 2661 826 2712 (Calendis
847 2662 1034 2713 graecis
1055 2662 1176 2702 forte
1195 2662 1472 2713 cogendam)
1496 2663 1840 2713 expectandam

197 2745 320 2784 esse,
339 2743 431 2784 qua
449 2738 630 2783 coacta,
651 2732 823 2783 singuli
839 2733 1119 2773 sententiam
1140 2733 1505 2784 promulgabunt
1527 2744 1667 2784 super
1684 2732 1838 2773 Socie-

197 2804 308 2843 tatis
330 2803 628 2854 admissione,
653 2814 709 2842 ac
730 2803 915 2844 demum
937 2804 1146 2844 Vniuersi
1168 2804 1404 2844 communi
1431 2803 1657 2854 suffragio
1682 2804 1737 2843 de
1760 2815 1839 2843 no-

254 2963 260 2982 ¹
301 2962 552 2997 Autographae
569 2962 603 2989 in
618 2962 742 2997 duplici
759 2963 851 2998 folio,
870 2971 924 2990 nn.
943 2964 996 2990 253
1011 2968 1043 2990 et
1060 2964 1122 2991 254.
