2028 3328
202 161 273 196 554
715 160 941 197 LITTERAE
967 171 1326 203 QUADRIMESTRES

200 261 400 311 ipsomet
422 263 523 301 loco
544 261 759 312 supplicii
790 261 1039 300 conciones
1070 260 1321 298 habentur:
1355 269 1515 297 earum
1546 257 1726 297 fructus
1747 258 1834 297 soli

202 331 303 371 Deo
339 339 443 371 sunt
480 333 734 372 manifesti:
777 343 896 371 Vnus
936 339 1092 371 tamen
1131 330 1407 376 multorum,
1451 339 1567 379 quos
1601 339 1689 379 ego
1729 339 1833 368 esse

203 404 440 453 existimo,
479 404 591 443 mihi
626 403 840 444 innotuit.
877 404 1102 443 Intererat
1142 400 1394 451 aliquando
1430 400 1522 450 vir,
1561 400 1638 450 qui
1674 400 1730 440 ob
1766 400 1831 439 in·

202 474 378 514 flictum
400 476 486 514 sibi
509 476 565 515 ab
594 475 867 514 aduersario
902 477 1112 524 (propter
1145 473 1350 522 alapam)
1380 472 1560 520 vulnus,
1591 478 1829 517 extremae

204 544 471 598 [unctionis]
495 548 596 586 oleo
618 552 781 586 sancto
804 551 1055 597 perunctus
1082 543 1255 592 fuerat,
1280 544 1357 594 qui
1379 544 1519 583 etiam
1546 554 1642 582 non
1675 543 1831 582 multis

204 624 312 657 ante
330 617 491 658 diebus
513 626 709 657 mortem
732 619 795 657 illi
817 618 1106 657 moliebatur:
1132 617 1169 655 is
1191 616 1332 666 igitur
1356 615 1541 655 Patrem
1563 614 1618 653 cle
1640 613 1829 653 homici-

203 689 279 728 dio
301 688 608 729 disserentem
630 690 837 737 audiens,
858 695 1100 739 tantopere
1124 694 1428 739 compunctus
1450 687 1548 736 fuit,
1573 693 1622 725 ut
1643 684 1832 737 propria

203 767 369 811 sponte
392 760 464 800 die
487 760 717 800 dominica
740 760 953 811 proxime
976 759 1188 810 sequenti
1206 759 1330 798 domi
1351 758 1503 809 ipsum
1525 758 1766 808 alloquens
1788 765 1834 796 et

205 833 546 882 complectens,
589 832 920 870 reconciliatus
964 831 1151 870 omnino
1193 830 1256 869 illi
1294 829 1446 869 suerit.
1488 829 1645 869 Seruis
1694 831 1835 868 etiam

205 903 443 954 (quantum
483 914 644 942 eorum
682 903 770 941 fert
809 902 1003 953 captus)
1039 902 1226 952 pietatis
1261 901 1482 952 dogmata
1518 906 1833 951 exponuntur,

204 974 324 1013 unde
346 982 389 1013 et
411 974 684 1023 collegimus
705 974 905 1013 fructum
928 985 1019 1012 non
1041 973 1290 1023 modicum,
1312 979 1619 1012 mercatorem
1636 971 1829 1021 scilicet,

204 1045 295 1096 qui,
321 1044 478 1084 audito
499 1046 641 1084 semel
664 1052 808 1096 patre,
833 1045 1006 1093 statim,
1031 1052 1079 1084 ut
1102 1044 1190 1095 ipsi
1208 1053 1401 1095 peccata
1419 1043 1732 1092 confiteretur,
1751 1042 1833 1082 do-

206 1128 333 1155 mum
354 1116 555 1155 aduenit.

287 1186 446 1227 Restat
476 1194 522 1226 ut
550 1188 605 1226 de
634 1186 681 1226 P.
713 1186 940 1237 Magistro
967 1187 1176 1238 Baptista
1208 1195 1251 1227 et
1280 1187 1328 1227 P.
1359 1186 1501 1226 Paulo
1538 1187 1768 1226 dicamus:
1804 1185 1835 1224 ii

206 1259 327 1298 enim
356 1266 522 1298 octauo
550 1270 734 1309 quoque
768 1259 839 1298 die
873 1259 920 1298 in
946 1259 1092 1298 variis
1122 1258 1257 1309 liujus
1283 1259 1412 1298 vrbis
1441 1257 1644 1308 templis,
1675 1268 1730 1296 eo
1758 1267 1833 1307 ap-

205 1331 370 1381 plausu
409 1341 498 1380 quo
538 1341 720 1380 semper
759 1330 931 1379 solent,
967 1331 1331 1370 concionantur:
1366 1337 1567 1381 quantus
1601 1337 1757 1369 autem
1793 1333 1836 1367 et

205 1413 345 1452 quam
367 1401 528 1441 varius
561 1403 618 1441 sit
641 1401 841 1451 fructus,
865 1401 1002 1441 facile
1032 1409 1101 1441 est
1129 1402 1348 1452 colligere
1376 1414 1435 1441 ex
1465 1399 1836 1441 confessionibus

205 1473 456 1512 multorum
491 1484 743 1521 annorum,
778 1485 836 1512 ex
865 1476 1009 1513 multa
1037 1474 1298 1525 frequentia
1327 1473 1373 1512 in
1399 1472 1606 1512 visendis
1634 1471 1835 1512 xenodo-

207 1545 338 1594 chiis,
364 1557 420 1584 cx
444 1545 700 1584 ministerio
723 1545 783 1584 ibi
806 1558 830 1583 a
855 1546 1010 1585 multis
1031 1545 1236 1585 exhibito
1258 1544 1473 1596 infirmis;
1499 1545 1612 1593 duo,
1638 1555 1836 1595 quorum

206 1627 324 1655 unus
346 1628 501 1667 eques,
527 1618 643 1655 alter
664 1624 897 1656 mercator
919 1625 1034 1667 erat,
1067 1628 1204 1667 quem
1226 1616 1459 1656 habebant
1487 1616 1680 1655 nimium
1703 1626 1834 1654 orna—

207 1693 302 1726 tum
324 1687 597 1737 vendidere,
622 1688 713 1727 imo
736 1695 779 1727 et
802 1688 929 1739 ipsos
951 1688 1153 1739 parietes
1183 1687 1415 1738 tapetibus
1446 1687 1764 1738 expoliatum,
1788 1692 1837 1725 ut

208 1759 475 1798 necessaria
507 1760 785 1809 pauperibus
817 1770 1013 1810 erogare
1050 1765 1253 1810 possent.
1291 1759 1497 1798 Fuerunt
1532 1765 1575 1798 et
1612 1758 1834 1808 virgines,

207 1841 341 1880 quae,
365 1831 526 1870 relicto
544 1830 678 1882 hujus
696 1832 855 1871 mundi
873 1843 994 1870 vano
1013 1838 1055 1870 et
1076 1831 1253 1870 caduco
1276 1839 1520 1881 apparatu,
1541 1829 1838 1869 solitudinem

207 1907 250 1940 et
272 1901 605 1951 poenitentiam
623 1904 877 1953 elegerunt:
897 1902 1107 1942 instituta
1125 1902 1266 1942 etiam
1284 1902 1368 1942 fuit
1390 1902 1508 1940 inter
1527 1901 1655 1940 Viros
1677 1900 1838 1940 frater-

208 1972 329 2011 nitas
347 1973 606 2019 charitatis,
625 1973 689 2012 ita
705 1973 827 2013 enim
845 1974 1120 2024 appellatur,
1140 1985 1229 2025 qua
1243 1973 1527 2024 pauperibus
1544 1972 1637 2011 iam
1650 1983 1837 2022 recupe-

206 2043 416 2083 rantibus
439 2044 687 2083 sanitatem
716 2045 962 2095 pristinam
987 2044 1256 2084 necessaria
1284 2050 1587 2094 pa1·arentur;
1610 2054 1696 2082 nec
1727 2041 1840 2081 solis

207 2115 293 2165 his,
312 2127 477 2155 verum
495 2116 708 2155 omnibus
721 2116 888 2155 misere
906 2115 1164 2166 egentibus:
1184 2114 1400 2154 conuenit
1416 2114 1575 2154 itidem
1592 2114 1712 2153 inter
1730 2113 1839 2152 ado—

208 2187 436 2226 lescentes
458 2199 527 2236 ea,
552 2198 671 2237 quae
692 2187 820 2237 prius
842 2187 887 2226 in
909 2186 1043 2234 ludis,
1069 2185 1298 2225 conuiuiis
1319 2191 1362 2224 et
1385 2185 1486 2224 aliis
1508 2184 1664 2223 multis
1697 2185 1839 2234 (quae

208 2258 325 2296 solet
347 2264 476 2296 aetas
497 2258 573 2297 illa
596 2257 783 2307 habere)
801 2258 997 2309 prodige
1015 2256 1366 2305 consumebant,
1387 2255 1434 2295 in
1453 2267 1563 2295 Vsus
1581 2265 1837 2306 pauperum

209 2336 500 2369 conuertere:
523 2329 692 2368 mirum
715 2330 854 2368 etiarn
884 2334 1108 2380 quantum
1129 2327 1216 2367 sibi
1247 2334 1446 2366 caueant
1468 2326 1681 2365 homines
1712 2324 1840 2365 vrbis

209 2397 344 2449 hujus
367 2412 392 2438 a
414 2399 631 2451 perjuriis
652 2407 695 2440 et
719 2398 1006 2451 jusjurandis
1026 2398 1146 2450 (sic).

289 2469 394 2510 Duo
417 2478 572 2511 autem
599 2479 862 2523 supersunt,
888 2482 1006 2522 quae
1027 2470 1110 2509 tibi
1131 2470 1334 2509 maxime
1364 2480 1610 2508 recensere
1637 2467 1837 2518 gaudeo:

210 2541 431 2591 primum,
457 2543 578 2593 quod
600 2543 659 2591 is,
691 2544 768 2594 qui
796 2543 854 2582 ab
882 2541 1255 2592 Archiepiscopo
1285 2539 1553 2590 Hispalensi
1580 2539 1733 2578 vicem
1758 2548 1840 2589 gu-

209 2611 433 2652 bernandi
457 2614 913 2665 archiepiscopatum
933 2620 976 2652 et
998 2624 1166 2652 munus
1189 2612 1247 2652 ad
1268 2610 1617 2662 persequendos
1638 2609 1746 2649 fidei
1761 2609 1841 2649 ho-

211 2687 305 2722 stes
327 2685 508 2734 accepit
530 2684 617 2734 (vir
639 2685 825 2735 quidem
846 2692 891 2724 et
918 2684 1180 2723 eruditione
1203 2690 1246 2722 et
1278 2681 1525 2733 prudentia
1549 2681 1726 2730 clarus,
1761 2691 1840 2719 no-

211 2753 373 2804 bisque
398 2766 424 2793 a
446 2755 674 2806 principio
702 2756 905 2795 maxime
928 2755 1181 2804 addictus),
1205 2760 1254 2793 ut
1275 2752 1538 2792 mercedem
1566 2762 1758 2791 suorum
1778 2751 1836 2790 la-

211 2823 374 2863 borum
395 2825 667 2875 susciperet,
692 2826 1012 2876 spiritualibus
1033 2837 1082 2865 se
1104 2824 1313 2864 exercuit
1336 2823 1510 2874 aliquot
1532 2822 1693 2862 diebus
1710 2833 1841 2861 exer-

211 2893 488 2935 citamentis:
512 2905 737 2947 quantum
758 2904 912 2937 autem
933 2897 980 2936 in
1002 2896 1058 2936 iis
1078 2895 1351 2948 profecerit,
1381 2894 1456 2934 vel
1483 2893 1582 2943 ipse
1613 2903 1750 2943 quern
1781 2904 1841 2932 ex

212 2975 261 3004 se
283 2966 462 3007 diffudit
484 2969 596 3009 odor
620 2977 832 3020 testatur;
862 2971 978 3010 adeo
1006 2971 1147 3010 etiam
1179 2969 1410 3021 imperare
1439 2964 1542 3003 aliis
1569 2974 1765 3004 exosum
1794 2969 1840 3003 et
