2028 3328
801 93 881 130 ΑΝ.
914 92 1002 129 ἰῖἱιῗ)
1661 92 1727 129 291

774 543 1051 598 OGGLVI

175 780 430 826 Alphonsus
453 779 725 825 Hernandoe,

219 844 288 881 Ex
306 844 625 881 commissione
649 845 692 881 P.
715 844 914 881 Rectoris
939 843 1115 879 Antonii
1137 841 1396 888 Soldevilla,

270 909 388 946 Patri
405 910 575 956 Ignatio
596 911 648 947 de
670 910 852 957 Loyola.

315 975 477 1021 Genua,
500 977 520 1011 7
540 976 769 1013 Februarii
791 976 882 1013 1555
902 975 926 1012 ¹.

874 1148 972 1225 nis

182 1328 282 1368 R.de
315 1329 360 1369 in
383 1329 569 1369 Christo
587 1329 739 1369 Pater.

181 1399 280 1440 Pax
302 1399 490 1441 Christi.

180 1471 351 1523 Elapso
371 1471 700 1523 quadrimestri
721 1471 887 1522 spatio,
916 1482 1002 1511 nos
1035 1476 1225 1522 recepto
1261 1469 1512 1511 Societatis
1541 1478 1731 1511 nostrae

101 1542 221 1583 mori
247 1542 664 1593 sanctissimaeque
700 1542 991 1582 obedientiae
1026 1541 1354 1582 satisfacturos
1390 1542 1727 1592 existimamus,

100 1615 140 1654 si
160 1613 214 1654 R.
238 1614 288 1654 Ρ.
311 1614 460 1653 Tuam
482 1625 657 1661 eorum,
683 1625 801 1665 quae
821 1614 868 1653 in
889 1614 978 1654 hoc
1000 1613 1197 1665 collegio
1217 1613 1462 1665 genuensi,
1494 1613 1595 1653 Deo
1623 1612 1729 1665 Opt.

101 1685 227 1725 Max.
252 1685 384 1734 duce,
408 1692 515 1725 acta
537 1691 657 1735 sunt,
696 1685 944 1725 certiorem
977 1684 1294 1724 redderemus:
1332 1684 1455 1736 quod
1485 1696 1603 1724 onus
1623 1696 1729 1735 ego,

100 1756 185 1797 etsi
202 1767 333 1796 meae
354 1756 686 1796 imbecillitatis
709 1756 881 1807 optime
902 1756 1140 1806 conscius,
1171 1756 1328 1795 subire
1356 1761 1513 1795 tamen
1550 1767 1642 1795 non
1663 1768 1727 1796 re-

103 1828 280 1877 cusaui,
318 1827 644 1867 sanctissimae
680 1827 971 1867 obedientiae
1008 1827 1139 1867 iussu
1173 1827 1423 1877 impulsus,
1464 1838 1598 1877 quem
1628 1826 1732 1866 sine

102 1898 317 1938 maxima
350 1897 489 1949 culpa
524 1897 654 1937 nullo
691 1898 826 1937 modo
864 1897 1132 1949 praeterire
1156 1903 1300 1949 posse
1335 1897 1553 1947 uidebar,-
1575 1898 1621 1937 in
1642 1909 1696 1938 eo
1719 1900 1733 1918 ¹

102 1969 276 2010 tuendo
311 1970 431 2009 hanc
473 1969 767 2020 potissimum
804 1981 998 2010 causam
1031 1969 1213 2020 habeo,
1256 1969 1379 2020 quod
1400 1969 1447 2008 in
1478 1980 1533 2008 eo
1573 1969 1731 2009 diuina

103 2042 322 2081 uoluntas
357 2048 581 2091 tanquam
614 2041 660 2080 in
689 2041 939 2092 purissimo
977 2040 1179 2092 quodam
1220 2041 1409 2092 speculo
1447 2040 1668 2080 elucescit
1701 2040 1730 2078 ³.

102 2111 342 2151 Praesidio
362 2112 506 2162 igitur
527 2111 614 2151 Dei
635 2110 796 2162 fretus,
821 2124 847 2151 a
868 2112 1015 2152 nostri
1051 2111 1231 2151 itineris
1262 2122 1484 2151 successu
1521 2111 1732 2163 auspica-

102 2183 201 2233 bor,
226 2183 271 2222 in
289 2195 379 2234 quo
398 2182 524 2222 Deus
541 2193 654 2222 suae
671 2183 996 2223 sanctissimae
1012 2183 1267 2223 uoluntatis
1284 2182 1578 2233 apertissima
1596 2183 1734 2234 signa

103 2255 310 2306 protulit.

182 2325 373 2365 Fratres
394 2325 516 2365 enim
537 2337 699 2365 omnes
720 2325 784 2364 ita
805 2324 864 2365 ad
885 2325 973 2365 iter
999 2324 1267 2365 faciendum
1296 2331 1429 2364 erant
1457 2324 1661 2375 accensi,
1687 2331 1738 2364 ut

103 2397 281 2436 nullum
302 2396 574 2447 periculum,
598 2396 772 2435 nullum
794 2395 1002 2436 laborem
1023 2395 1397 2447 subterfugerent
1420 2401 1498 2435 aut
1518 2395 1737 2436 formida-

104 2473 229 2507 rent:
252 2467 518 2518 flagrabant
539 2477 699 2506 eorum
720 2466 862 2506 corda
889 2466 1061 2506 eximia
1083 2466 1311 2506 charitate
1329 2498 1337 2516 ,
1366 2478 1505 2518 quam
1527 2466 1574 2506 in
1603 2477 1736 2518 quos-

103 2549 303 2590 cumque
316 2538 481 2577 obuios
494 2537 806 2578 effundebant.
821 2536 941 2578 Nam
955 2537 993 2577 si
1008 2537 1126 2578 forte
1139 2537 1305 2589 aliquis
1318 2537 1364 2577 in
1381 2537 1457 2578 uia
1470 2537 1560 2577 illis
1578 2549 1738 2578 comes

160 2675 169 2695 ¹
212 2674 461 2708 Autographae
477 2673 601 2708 duplici
616 2672 707 2707 folio,
723 2681 781 2700 nn.
800 2673 851 2700 176
865 2676 898 2700 et
916 2673 975 2700 177.
991 2673 1028 2700 In
1044 2673 1096 2700 his
1119 2674 1279 2701 nonnulla
1296 2673 1436 2706 delevit,
1459 2674 1557 2708 plura
1580 2675 1739 2701 emenda-

105 2722 156 2749 vit
174 2722 353 2749 Polaneus.
369 2721 437 2748 Nos
453 2725 567 2748 autem
583 2720 709 2748 italicis
724 2721 998 2751 characteribus.
1016 2726 1050 2748 ut
1068 2721 1167 2753 alias,
1189 2728 1274 2755 quae
1291 2721 1406 2748 deleta
1422 2724 1500 2748 sunt
1517 2721 1550 2748 in
1572 2725 1739 2756 autogra-

105 2769 173 2803 pho
189 2769 450 2802 distinguemus;
466 2768 720 2795 emendationes
735 2775 818 2794 vero
834 2768 877 2795 ad
899 2769 1028 2795 calcem
1043 2768 1294 2796 adnotabimus.
1317 2766 1424 2796 Extat
1447 2773 1479 2796 et
1503 2769 1595 2796 aliud
1620 2777 1735 2796 exem-

104 2817 185 2851 plar
201 2816 439 2851 apographum
454 2815 578 2850 duplici
594 2815 686 2849 folio,
701 2823 754 2842 nn.
773 2815 824 2842 175
838 2819 871 2842 et
888 2816 949 2842 178.

159 2865 173 2883 ’Ξ
212 2865 248 2890 z'n
266 2871 341 2898 quo.
360 2864 550 2890 POLANCUS.

159 2911 172 2931 :-
209 2913 345 2945 speculo
363 2911 452 2938 milti
466 2911 638 2938 elucescit.
654 2910 689 2937 Id
702 2931 709 2937 .
