2028 3328
199 141 268 178 504
712 142 937 179 LITTERAE
957 151 1317 186 QUADRIMESTRES

281 239 329 278 ln
353 239 682 290 quadrimestri
704 245 859 279 autem
879 240 967 279 hoc
991 245 1094 279 octo
1122 245 1229 278 sunt
1260 238 1483 277 exercitia
1512 237 1698 287 tradita,
1724 249 1832 289 quo-

201 321 305 349 rum
325 321 460 361 unus,
487 311 563 362 qui
581 310 823 351 sacrificus
841 317 908 351 est
927 311 1086 350 sacelli
1103 309 1235 360 regii,
1257 320 1479 359 magnam
1497 309 1551 348 de
1569 320 1617 348 se
1636 309 1833 349 caeteris

201 380 573 422 aedificationem
589 388 633 421 et
651 383 913 433 exemplum
928 381 1114 421 virtutis
1130 380 1336 431 praebet.
1355 378 1416 419 At
1429 379 1691 431 reliquisset
1705 392 1832 420 mun·

202 452 313 492 dum
333 459 376 492 et
399 453 570 502 omnia,
595 465 713 504 quae
734 453 780 492 in
802 465 855 492 eo
877 458 998 502 sunt,
1019 452 1057 490 si
1078 458 1297 503 parentes
1316 450 1498 502 (quibus
1515 459 1583 490 est
1601 451 1830 500 addictus>

202 524 288 564 sibi
310 524 640 575 impedimento
661 537 755 564 non
776 524 1052 563 extitissent.
1078 522 1342 572 Caeterum,
1365 522 1579 573 quamuis
1601 523 1665 562 ita
1686 534 1735 561 se
1757 534 1831 562 res

202 596 386 646 habeat,
411 608 465 635 ea
485 602 555 636 est
576 596 774 635 hominis
792 595 969 645 religio,
994 594 1039 633 id
1058 593 1261 633 studium
1282 593 1517 633 serviendi
1539 593 1639 633 Deo
1657 594 1831 645 optimo

202 667 422 717 maximo,
449 673 499 706 vt
524 668 699 706 nullum
721 678 813 706 non
840 664 1042 716 lapidem
1064 670 1266 714 moueat,
1297 676 1387 716 quo
1419 664 1631 704 ordinem
1659 672 1702 704 et
1723 665 1833 705 inte-

201 738 339 777 rioris
360 738 561 777 hominis
589 736 1028 783 considerationem,
1062 741 1286 787 quantum
1314 736 1403 775 fert
1432 747 1543 775 suus
1564 742 1734 786 status,
1759 736 1832 775 ob-

201 815 370 849 seruet.
402 809 593 861 Juuenis
614 815 857 859 praeterea
887 806 1091 857 quidam,
1124 806 1401 846 mercatoris
1428 807 1670 847 cuiusdam
1698 807 1831 857 filiuS,

200 891 453 931 peruersus
484 879 691 930 quidem,
725 885 768 917 et
795 878 965 917 mirum
994 877 1040 917 in
1073 878 1262 917 modum
1296 877 1416 917 ludis
1446 877 1717 918 chartarum
1746 878 1833 918 dis-

201 957 395 1001 tractus,
427 951 609 1002 publice
640 949 993 999 concubinatus,
1028 948 1107 1000 qui
1132 950 1316 1000 parenti
1339 949 1565 989 ducentos
1587 955 1726 1001 atque
1747 957 1834 990 ter-

202 1029 362 1062 centos
394 1022 531 1061 simul
566 1021 762 1060 ducatos
793 1031 962 1060 aureos
990 1020 1226 1072 surripere
1253 1031 1347 1060 non
1375 1026 1444 1060 est
1470 1021 1672 1072 veritus,
1704 1021 1835 1061 cuius

202 1092 387 1144 quidem
405 1091 711 1143 surreptionis
729 1102 871 1131 causa
892 1091 977 1131 fuit
1001 1097 1166 1142 captus
1188 1097 1232 1131 et
1252 1091 1488 1142 publicum
1510 1103 1749 1132 carcerem
1772 1092 1832 1132 in·

202 1165 377 1204 clusus:
403 1164 498 1213 hic,
524 1164 734 1214 inquam,
764 1162 850 1202 fuit
878 1162 1096 1202 maximis
1118 1163 1391 1202 muneribus
1420 1175 1446 1202 a
1473 1163 1631 1203 diuina
1660 1162 1836 1203 munifi·

201 1236 351 1275 centia
371 1234 580 1274 affectus.
600 1233 739 1273 Pater
756 1233 894 1284 enim,
910 1245 1015 1273 cum
1033 1246 1056 1273 e
1074 1245 1265 1273 carcere
1278 1232 1422 1273 filium
1434 1234 1693 1285 liberasset,
1712 1246 1835 1274 eum-

204 1306 400 1357 demque
413 1306 601 1345 domum
614 1316 771 1344 secum
786 1304 1048 1354 adduxiset,
1065 1304 1366 1355 compedibus
1380 1316 1486 1344 eum
1506 1305 1714 1356 tradidit,
1738 1306 1835 1357 qui—

202 1378 288 1418 bus
311 1385 447 1417 antea
471 1382 662 1428 propter
684 1376 858 1416 similes
880 1387 1100 1416 excessus
1121 1375 1274 1415 fuerat
1306 1375 1538 1416 detentus⁰
1560 1376 1836 1417 Accersitus

202 1461 303 1489 sum
326 1449 385 1488 ad
402 1448 649 1488 visendum
666 1448 896 1498 iuuenem,
917 1459 1055 1498 quem
1072 1447 1182 1487 dum
1201 1447 1542 1498 conuenissem,
1567 1449 1738 1499 rogaui
1759 1460 1836 1500 pa-

201 1527 320 1560 trem
338 1520 510 1560 sineret
528 1518 671 1559 filium
689 1518 850 1559 venire
867 1530 1051 1558 mecum
1068 1518 1127 1558 ad
1145 1518 1412 1569 collegium,
1432 1530 1521 1569 quo
1539 1525 1698 1570 posset
1719 1518 1838 1559 filius

203 1591 412 1632 confiteri
434 1591 589 1642 quiete
611 1596 822 1642 peccata,
847 1596 948 1630 erat
976 1589 1146 1641 quippe
1176 1596 1286 1630 tunc
1314 1589 1619 1631 Hebdomada
1642 1589 1832 1641 Sancta;

202 1663 312 1704 siuit
328 1663 517 1702 tandem
534 1668 681 1713 pater,
706 1661 921 1713 quamuis
942 1661 1115 1701 nemini
1132 1666 1241 1701 tunc
1258 1661 1347 1701 nisi
1367 1661 1480 1701 mihi
1502 1661 1828 1701 commisisset.

202 1734 343 1775 Venit
366 1734 521 1784 itaque
543 1733 725 1772 iuuenis
746 1743 944 1782 mecum,
969 1732 1125 1772 animo
1146 1738 1301 1772 autem
1318 1731 1384 1783 (ut
1405 1732 1558 1783 ipsum
1579 1731 1753 1772 dixisse
1770 1731 1830 1772 fe-

204 1805 326 1855 runt)
360 1804 633 1855 aufugiendi
660 1815 744 1855 per
768 1809 907 1853 tecta,
939 1803 1126 1855 quando
1155 1803 1341 1843 aliunde
1370 1815 1464 1843 non
1491 1810 1674 1854 pateret
1703 1803 1817 1854 fuga

204 1877 381 1917 Verum
403 1876 573 1916 mansit
594 1875 718 1927 apud
745 1886 830 1915 nos
861 1874 1176 1926 quadraginta
1209 1875 1328 1925 dies,
1359 1875 1548 1915 omnino
1577 1875 1836 1914 reluctante

201 1948 503 1988 inclinatione
525 1958 624 1987 sua:
649 1947 803 1986 aiebat
824 1946 947 1986 enim
967 1946 1082 1997 ipse,
1103 1945 1226 1997 quod
1243 1945 1475 1985 sufficeret
1494 1957 1629 1985 nemo
1648 1945 1707 1985 ad
1726 1945 1836 1985 deti-

201 2020 404 2060 nendum
433 2019 586 2070 ipsum
616 2018 846 2058 inclusum
868 2024 973 2057 octo
995 2017 1107 2057 dies.
1135 2016 1367 2067 Quoniam
1387 2028 1536 2068 neque
1568 2016 1835 2068 compedes,

201 2103 351 2142 neque
364 2096 543 2142 portae,
557 2101 707 2141 neque
719 2089 937 2141 parietes,
954 2094 1146 2140 possent
1157 2089 1282 2129 illum
1299 2087 1520 2128 detinere:
1538 2088 1694 2127 omnia
1708 2099 1836 2127 nam-

201 2173 289 2213 que
307 2161 591 2212 infringebat
607 2160 795 2213 quando
818 2172 845 2200 a
868 2166 1001 2211 patre
1022 2160 1089 2200 sic
1121 2159 1409 2210 trudebatur,
1434 2164 1478 2199 et
1499 2159 1688 2199 tandem
1706 2158 1834 2199 aufu-

202 2233 374 2284 giebat.
388 2231 626 2273 Statuerat
638 2238 883 2283 praeterea
900 2238 970 2271 ter
987 2231 1116 2271 abire
1128 2231 1251 2271 hinc.
1266 2230 1494 2270 Dominus
1508 2236 1663 2270 autem
1676 2229 1835 2270 Verbis

203 2310 247 2344 et
264 2305 495 2355 operibus,
512 2316 631 2355 quae
643 2303 707 2343 illi
725 2303 1055 2354 praestitimus,
1077 2302 1275 2353 largitus
1288 2308 1358 2342 est
1375 2301 1416 2341 ei
1432 2301 1637 2352 gratiam
1653 2313 1709 2341 ne
1728 2301 1835 2340 hinc

202 2375 485 2415 discederet:
509 2374 633 2426 quod
654 2375 752 2426 ipse
772 2373 910 2414 valde
930 2375 1218 2424 multumque
1241 2374 1452 2422 miratus,
1478 2372 1684 2412 dicebat:
1708 2371 1836 2422 quid-

205 2447 315 2497 quid
336 2457 423 2497 ego
447 2452 582 2486 antea
601 2446 906 2486 decreueram
922 2446 1093 2494 facere,
1117 2444 1205 2484 nisi
1223 2444 1351 2484 Deus
1368 2444 1481 2494 ipse,
1501 2443 1620 2483 alius
1638 2443 1839 2483 obstitis-

205 2523 275 2557 set
297 2530 446 2557 nemo.
472 2517 633 2568 ltaque
650 2517 748 2568 ipse
765 2516 906 2565 Deus,
927 2523 1117 2568 propter
1136 2527 1271 2556 suam
1287 2515 1559 2563 bonitatem,
1579 2514 1838 2554 discessum

207 2589 305 2628 eius
325 2589 580 2639 impediuit.
607 2588 695 2628 Hic
716 2600 830 2628 vero
851 2587 904 2628 40
925 2588 1088 2628 diebus
1114 2587 1225 2627 fecit
1248 2586 1488 2626 exercitia.
1523 2585 1843 2626 Confitebatur

206 2665 250 2698 et
267 2659 519 2710 recipiebat
538 2659 908 2698 sacratissimam
920 2658 1267 2699 Eucharistiam
1281 2657 1477 2707 singulis
1491 2656 1738 2696 dominicis
1751 2655 1840 2696 die-

207 2729 306 2768 bus.
331 2729 440 2769 Post
463 2741 595 2780 quae,
622 2730 667 2769 in
690 2729 946 2769 remedium
978 2729 1162 2769 animae
1186 2740 1314 2778 suae,
1339 2727 1645 2768 constitutum
1666 2732 1735 2766 est
1756 2727 1843 2766 iret

209 2800 502 2851 Corduuam,
536 2801 731 2840 daturus
758 2800 819 2839 ibi
851 2812 1043 2851 operam
1063 2800 1211 2840 literis
1233 2799 1280 2839 in
1302 2798 1509 2849 Collegio
1530 2804 1709 2848 nostro,
1734 2808 1839 2848 quo,

207 2870 301 2910 iam
321 2871 572 2921 profectus,
598 2871 766 2921 studet;
791 2871 994 2911 studium
1016 2877 1173 2911 autem
1194 2876 1375 2910 tantum
1398 2870 1529 2909 abest
1549 2875 1600 2909 vt
1623 2874 1760 2909 antea
1778 2867 1840 2908 di-

206 2941 387 2991 ligeret,
413 2948 462 2981 vt
484 2954 540 2981 ne
563 2941 725 2981 audire
747 2941 933 2992 quidem
956 2942 1108 2981 vellet.
1139 2941 1246 2980 Fuit
1267 2941 1403 2981 huius
1433 2940 1615 2980 iuuenis
1643 2939 1839 2979 mutatio
