2028 3328
827 120 907 156 ΑΝ.
939 120 1029 156 1555
1668 118 1738 155 477

105 219 201 269 des,
232 225 368 271 prout
397 219 464 258 eis
493 219 539 258 in
566 217 768 258 Domino
790 202 944 256 uisum
975 216 1038 255 ita
1067 222 1390 262 occurrerunt,
1416 221 1465 255 ut
1488 216 1619 266 plura
1643 227 1736 255 non

103 290 407 341 obloquentes
429 290 522 329 iam
542 300 665 329 nunc
687 288 751 338 (ut
772 286 953 338 opinor)
973 286 1324 337 conquiescant.

182 360 344 400 Patres
380 361 570 411 insuper
597 360 644 399 in
677 358 849 409 templo
879 368 1238 404 conuersarum,
1282 357 1399 395 alter
1434 357 1737 396 concionibus

103 431 265 471 diebus
301 432 469 481 sacris,
506 437 700 482 uterque
739 429 881 469 etiam
916 434 1321 468 sacramentorum
1356 426 1613 467 ministerio
1651 433 1740 466 stu-

105 502 230 542 dium
253 513 536 553 operamque
558 502 764 541 sedulam
788 499 1076 550 impendunt:
1114 510 1259 549 eoque
1277 498 1452 537 factum
1483 505 1552 537 est
1574 504 1622 537 ut
1644 499 1738 548 plu-

104 573 224 623 rimi,
253 573 516 624 frequentia
545 584 719 621 eorum,
754 583 780 611 a
809 570 1022 610 lethifero
1057 569 1251 609 crimine
1280 569 1493 608 reuocati
1521 569 1733 608 fuissent.

104 644 200 684 Nec
236 644 505 694 ambiguum
535 651 603 684 est
640 643 794 692 nobis,
828 643 937 693 quin
968 641 1132 681 Patres
1168 641 1276 680 huic
1316 640 1495 680 ciuitati
1529 639 1733 679 fructum

104 715 369 754 uberiorem
400 715 590 762 ferrent,
629 715 667 754 si
702 714 860 765 templi
896 712 1206 752 commoditas
1235 711 1368 751 nobis
1403 717 1526 751 esset
1561 711 1736 750 oblata.

106 785 242 836 Quod
260 786 445 837 quidem
466 786 569 837 pari
590 786 785 834 ratione,
809 790 905 824 tum
928 783 1196 833 coniugata,
1218 790 1314 822 tum
1333 782 1478 821 libera
1500 781 1740 821 hominum

103 857 361 908 frequentia
385 858 676 897 continenter
699 856 879 903 asserit,
904 855 1036 894 cuius
1053 853 1373 894 confessiones
1396 853 1608 904 proxime
1631 864 1737 891 exa-

106 935 180 968 cto
210 929 387 979 pascha
415 929 601 968 auditas
631 928 791 967 Patres
818 926 966 966 nostri
1001 926 1278 966 habuerunt:
1311 925 1341 964 ii
1373 925 1618 964 honestam
1652 924 1739 974 (in-

108 999 296 1050 quiunt)
326 999 639 1039 familiaritem
668 998 726 1038 ad
753 998 943 1049 spiritus
974 1002 1276 1048 augmentum
1298 1002 1342 1036 et
1371 995 1640 1035 firmitatem
1662 995 1739 1034 ha-

106 1070 314 1110 buissent
344 1071 587 1110 nobiscum
617 1075 923 1118 contractam,
957 1068 994 1108 si
1025 1079 1108 1119 per
1140 1068 1298 1118 templi
1321 1067 1628 1118 aptitudinem
1652 1066 1740 1106 sibi

106 1141 280 1180 liceret.
306 1140 652 1181 Conuersarum
678 1151 878 1191 namque
906 1149 1070 1178 sacras
1092 1139 1247 1187 aedes,
1272 1144 1316 1178 et
1345 1137 1673 1189 appellationis
1696 1142 1741 1176 et

106 1212 220 1252 situs
239 1223 397 1260 causa,
422 1212 629 1263 plerique
651 1211 903 1250 abhorrent
933 1221 988 1250 ac
1017 1209 1324 1249 detestantur.
1359 1208 1560 1259 Quidam
1583 1216 1742 1248 tamen

105 1284 311 1323 existunt
348 1282 685 1331 adolescenteS,
719 1282 796 1333 qui
823 1288 983 1321 nostra
1007 1281 1268 1332 spiritualia
1291 1280 1444 1320 studia
1467 1286 1753 1320 constanter*

111 1361 316 1395 seruant.

187 1425 282 1465 Nos
312 1425 488 1476 (Pater)
519 1427 672 1465 locum
706 1425 1060 1476 inuestigantes,
1092 1435 1325 1463 summam
1356 1423 1645 1474 diligentiam
1668 1422 1748 1462 hu-

107 1508 282 1547 cusque
304 1497 600 1536 contulimus.
622 1496 712 1537 Sed
730 1496 844 1548 proh
862 1496 1013 1536 dolor!
1033 1495 1154 1546 Quid
1173 1495 1297 1536 inde?
1315 1495 1613 1545 inuigilatum
1634 1505 1749 1533 sane

106 1568 236 1617 satis,
275 1568 610 1618 inuestigatum
637 1579 748 1607 uero
784 1567 1110 1619 nequicquam.
1149 1566 1447 1618 Quapropter
1482 1565 1624 1617 aliqui
1661 1576 1749 1605 nos

107 1640 399 1679 reuocandos
417 1639 790 1688 extimescentes,
806 1639 851 1678 id
869 1638 1274 1690 pergratissimum
1294 1637 1509 1677 daemoni
1526 1637 1626 1676 fore
1639 1648 1747 1677 con-

108 1716 355 1759 testantur,
382 1710 460 1761 qui
482 1716 692 1749 nostrum
713 1709 787 1749 hic
809 1709 1215 1760 pernecessarium
1236 1719 1536 1760 pernoscens,
1563 1708 1620 1748 ab
1644 1708 1745 1759 ipso

109 1788 300 1821 nostrae
323 1781 672 1821 aduentationis
694 1781 840 1828 initiO,
874 1781 1123 1832 collegium
1150 1780 1274 1820 istud
1303 1780 1567 1820 disturbare
1596 1791 1652 1819 ac
1680 1779 1743 1819 cli-

110 1864 246 1892 ruere
268 1859 363 1892 toto
385 1852 498 1891 nixu
535 1853 735 1891 luctatus
769 1859 850 1891 est.
887 1851 1075 1903 Aliquid
1102 1858 1260 1891 tamen
1291 1851 1516 1901 obtinere,
1554 1857 1598 1890 et
1626 1862 1749 1891 nunc

109 1924 361 1975 praecipue
384 1922 632 1972 (mitissimi
653 1923 763 1975 jesu
785 1923 1029 1974 auspicio),
1054 1922 1340 1974 sperandum
1363 1929 1447 1962 est.

188 1995 456 2035 Conuersae
490 1994 676 2034 interim
703 1994 929 2034 moniales
968 2006 1017 2033 se
1052 1994 1099 2033 in
1136 1993 1383 2034 Societatis
1422 1999 1612 2033 nostrae
1651 2004 1748 2032 mo-

110 2066 237 2106 ribus
260 2065 749 2116 meditationibusque,
774 2066 963 2106 admota
987 2064 1177 2105 Pati-um
1200 2076 1358 2116 opera,
1384 2070 1621 2115 exercent,
1646 2075 1741 2104 ma-

110 2148 348 2188 gnumque
370 2147 675 2188 progressum
701 2136 891 2176 faciunt.
924 2135 1069 2177 Cuius
1091 2136 1158 2175 rei
1185 2135 1499 2175 indubitatum
1519 2135 1747 2175 habemus

113 2215 457 2259 argumentum,
496 2207 619 2259 quod
653 2207 772 2247 inter
800 2207 892 2247 alia
921 2207 1136 2259 plurima,
1171 2206 1293 2246 unde
1316 2206 1606 2246 salutiferum
1635 2206 1743 2246 licet

112 2291 327 2330 promere
349 2280 627 2330 exemplum,
650 2278 763 2318 illud
783 2278 830 2318 in
850 2278 1014 2329 primis
1043 2278 1319 2318 adnotatum
1343 2278 1592 2327 noluimus,
1625 2277 1752 2329 quod

113 2361 335 2401 magnam
371 2356 582 2400 segetem
612 2356 656 2389 et
684 2349 929 2389 materiam
957 2356 1148 2389 nostrae
1183 2349 1438 2401 spiritualis
1470 2348 1751 2388 aedificatio-

120 2421 194 2460 nis
214 2421 386 2460 habere
407 2420 607 2460 uidetur.
627 2420 743 2461 Cum
765 2420 906 2472 igitur
927 2420 1205 2471 quibusdam
1228 2432 1286 2460 ex
1307 2420 1374 2460 eis
1396 2419 1752 2470 aegrotantibus

120 2492 288 2532 medici
305 2492 480 2532 nullam
500 2491 783 2543 sponderent
804 2492 1016 2540 salutem,
1050 2492 1138 2531 nisi
1169 2491 1460 2531 habitatione
1490 2491 1568 2530 illa
1597 2501 1752 2541 egres-

125 2564 203 2613 sis,
228 2563 522 2603 exhilarandi
552 2563 695 2603 animi
721 2563 875 2613 gratia
903 2575 1007 2603 cum
1039 2563 1408 2613 consanguineis
1432 2563 1609 2614 aliquot
1630 2574 1754 2602 men-

125 2646 199 2674 ses
220 2635 536 2674 conuiuerent:
561 2645 758 2686 cumque
780 2640 878 2674 tum
913 2634 1136 2685 temporis
1166 2633 1305 2674 Pater
1325 2633 1516 2684 Rector,
1541 2633 1619 2685 qui
1639 2632 1754 2673 nihil

118 2706 176 2745 ob
198 2705 243 2745 id
265 2706 427 2757 pericli
449 2706 691 2746 imminere
719 2705 1146 2755 animaduertisset,
1177 2705 1233 2745 ab
1257 2705 1421 2745 iisdem
1449 2705 1646 2745 libenter
1676 2715 1752 2744 ex—

124 2777 245 2817 irent
265 2788 411 2817 necne
434 2777 711 2828 quaesisset,
736 2776 864 2827 ipsae
885 2787 980 2816 vno
1005 2788 1084 2816 ore
1106 2776 1233 2816 Patri
1252 2784 1413 2816 nostro
1431 2776 1751 2827 obloquentes,

119 2847 386 2888 mortalium
415 2848 561 2887 uitam
588 2847 741 2887 Deum
774 2859 916 2898 penes
944 2859 1061 2897 esse,
1092 2859 1287 2898 eamque
1316 2847 1581 2898 (dummodo
1616 2859 1754 2899 expe-

120 2918 232 2966 diat)
262 2918 349 2958 sibi
379 2919 685 2969 elargiturum
714 2918 779 2958 cis
807 2924 1052 2958 aestuante
1091 2919 1256 2970 spiritu
1296 2925 1588 2959 contestatae
1625 2926 1751 2960 sunt.
