2028 3328
239 124 311 161 292
762 123 983 160 LITTERAE
1002 132 1360 165 QUADRIMESTRES

239 221 489 260 adiunctus
510 225 645 271 esset,
684 220 963 260 medicinam
998 220 1179 260 consilii
1209 219 1291 259 sni
1321 219 1610 270 adferebant,
1645 226 1782 272 atque
1815 221 1873 260 ad

238 291 460 331 uirtutem
480 290 632 331 facem
652 291 995 343 praeferebant,
1018 303 1214 342 eumque
1253 291 1313 330 ad
1345 290 1700 341 confessionem,
1732 297 1775 331 et
1812 292 1874 331 ad

238 374 427 403 sacram
442 362 787 403 Eucharistiam
808 362 1197 414 frequentandam
1216 362 1503 401 excitabant.
1527 362 1576 402 ln
1596 362 1797 413 hospitio
1820 374 1874 402 ea

239 435 564 487 loquebantur,
590 446 708 486 quae
732 434 1059 474 documentum
1081 433 1385 484 praestabant
1412 433 1603 473 intimae
1632 432 1875 473 cuiusdam

236 506 520 557 innataeque
555 505 821 557 probitatis3
855 516 964 544 nam
998 504 1167 543 mentis
1203 503 1413 543 habitum
1454 504 1684 543 sermonis
1720 505 1874 543 cultus

237 579 354 618 solet
374 577 597 617 indicare.
633 576 912 627 Peregrinos
935 575 989 625 (si
1019 575 1098 625 qui
1130 576 1278 623 erant>
1314 575 1599 626 auoluptate
1621 575 1874 626 mundique

237 648 469 688 illecebris
505 653 781 697 auocantes,
812 654 860 686 ut
892 646 1065 686 Christi
1099 645 1398 685 inhaererent
1432 649 1572 697 atque
1597 645 1875 686 insisterent

239 720 473 770 uestigiis,
511 717 735 769 grauiter
769 717 914 756 simul
940 728 994 756 ac
1029 716 1340 756 saluberrime
1374 717 1620 767 docebant,
1656 723 1794 769 atque
1822 721 1875 757 ut

237 791 360 831 illius
387 802 546 830 amore
576 790 742 839 nullas,
777 801 870 828 non
906 789 1043 828 modo
1078 788 1396 828 intolerabiles
1425 799 1691 839 aerumnas,
1715 788 1797 828 sed
1817 800 1875 828 ne

237 868 437 901 mortem
459 861 645 911 quidem
669 860 1001 910 detrectarent,
1034 859 1396 911 persuadebant,
1428 859 1496 898 sic
1526 859 1648 899 enim
1668 859 1802 910 fore,
1823 862 1876 898 itt

235 945 301 972 ex
317 932 582 972 hominibus
598 936 641 971 et
658 931 961 982 mortalibus,
981 930 1278 970 immortales
1299 941 1353 970 ac
1373 931 1472 970 Deo
1493 930 1674 970 similes
1678 931 1876 982 fierent:

238 1004 405 1056 quibus
428 1004 670 1055 colloquiis
706 1003 882 1043 factum
916 1008 1000 1054 est,
1025 1008 1074 1042 ut
1110 1002 1363 1053 aliquando
1398 1001 1576 1053 Patres,
1615 1002 1701 1042 etsi
1723 1002 1779 1042 de
1800 1001 1877 1041 uia

238 1076 537 1125 languebant,
562 1074 806 1114 audiendis
828 1080 986 1114 tamen
1007 1073 1381 1113 confessionibus
1402 1073 1449 1113 in
1472 1075 1666 1113 multam
1687 1078 1875 1113 noctem

236 1146 504 1196 uigilarcnt.
548 1145 763 1195 Quidam,
806 1150 913 1196 post
952 1144 1310 1193 confessionem,
1353 1144 1455 1184 dari
1494 1144 1582 1184 sibi
1616 1143 1776 1184 literas
1817 1143 1878 1183 ad

238 1216 293 1257 R.
316 1216 366 1257 P.
390 1216 540 1256 Tuam
562 1216 853 1267 efflagitauit,
879 1216 927 1256 in
948 1216 1155 1255 animum
1182 1215 1406 1255 inducens
1434 1227 1570 1255 suum
1593 1214 1620 1265 ¹,
1652 1226 1756 1255 cum
1785 1215 1876 1266 pri-

238 1299 366 1329 mum
386 1287 585 1328 Romam
606 1287 915 1339 peruenisset,
941 1298 1020 1326 eas
1042 1287 1170 1337 dare,
1197 1293 1350 1338 atque,
1375 1292 1425 1326 ut
1447 1286 1494 1326 in
1528 1292 1693 1326 nostra
1721 1285 1878 1326 Socie·

238 1366 335 1399 tate
358 1364 675 1410 cooptaretur,
696 1358 890 1398 summis
912 1358 1131 1409 precibus
1156 1358 1422 1398 obsecrare.

318 1430 548 1470 Venimus
566 1440 742 1480 omnes,
780 1430 859 1480 qui
892 1429 1043 1470 Roma
1065 1441 1157 1469 una
1179 1429 1361 1480 egressi
1391 1440 1566 1479 sumus,
1589 1429 1879 1469 Florentiam

239 1514 401 1554 usque,
425 1501 548 1542 unde
569 1501 765 1553 quisque
782 1501 870 1540 iter
892 1500 979 1540 sibi
1000 1500 1284 1540 destinatum
1306 1500 1516 1551 arripuit.
1540 1500 1636 1540 Nos
1652 1499 1785 1540 Pisas
1804 1500 1879 1539 de-

241 1574 469 1623 uenimus,
493 1573 571 1612 ubi
592 1572 732 1612 biduo
757 1584 946 1612 manere
969 1572 1121 1611 coacti
1143 1583 1319 1621 sumus,
1344 1577 1535 1611 uentum
1556 1577 1875 1623 expectantes;

239 1656 440 1695 cumque
462 1650 645 1695 tempus
675 1654 969 1694 summopere
1004 1643 1223 1692 saeuiret,
1258 1642 1317 1682 ad
1338 1642 1573 1694 oppidum,
1600 1643 1674 1682 cui
1707 1654 1879 1682 nomen

240 1723 312 1756 est
333 1716 476 1766 Lei-gi
497 1715 524 1765 ²,
549 1715 747 1766 profecti
778 1725 953 1765 sumus,
991 1726 1049 1754 ex
1084 1725 1173 1764 quo
1209 1714 1455 1753 duodecim
1490 1714 1618 1753 horis
1654 1725 1879 1765 prospero

239 1793 381 1828 uento
400 1787 613 1828 Genuam
636 1786 834 1837 deuecti,
859 1786 1123 1825 inuenimus
1145 1785 1198 1825 R.
1223 1784 1272 1825 P.
1296 1785 1526 1835 Natalem,
1552 1797 1658 1825 cum
1682 1785 1880 1824 caeteris

242 1859 473 1909 Patribus,
504 1858 583 1910 qui
621 1863 730 1897 tunc
771 1864 985 1897 recentes
1019 1869 1079 1896 ex
1117 1856 1347 1907 Hispania
1368 1861 1594 1895 uenerant
1617 1854 1645 1896 ⁵:
1683 1867 1880 1907 quorum

241 1936 461 1982 aspectus
481 1929 616 1969 nobis
634 1928 997 1969 iucundissimus
1021 1934 1160 1979 atque
1181 1927 1495 1978 gratissimus,
1526 1938 1632 1967 cum
1655 1926 1878 1977 animum,

241 2008 340 2042 tum
368 2002 510 2041 etiam
540 2011 732 2051 corpus,
763 1999 900 2039 nauis
935 1999 1189 2039 iactatione
1229 1998 1537 2050 fluctibusque
1578 2003 1879 2048 commotum,

243 2072 411 2113 mirum
431 2072 479 2112 in
501 2071 691 2111 modum
711 2070 877 2111 refecit
900 2081 955 2110 ac
976 2069 1262 2110 restaurauit
1279 2068 1307 2109 ⁴.

321 2143 530 2194 Exposui
552 2143 647 2182 iam
668 2141 848 2182 itineris
870 2144 1022 2181 nostri
1037 2140 1260 2191 foelicerri
1291 2145 1666 2191 prosperumque
1698 2150 1882 2179 succes-

241 2226 360 2264 sum,
380 2225 515 2265 quem
532 2213 630 2252 Deo
658 2213 760 2264 Opt.
781 2212 918 2251 Max.
937 2215 1177 2263 acceptum
1194 2211 1377 2262 referre
1394 2211 1627 2261 debemus,
1645 2210 1724 2250 cm·
1737 2209 1883 2249 lzm'zts

244 2284 455 2336 beneficii
495 2284 663 2335 gratia
711 2287 971 2334 nostraque
1007 2282 1255 2333 foelicitas
1303 2281 1406 2322 iure
1451 2281 1625 2333 optimo
1669 2281 1877 2321 debetur.

241 2356 382 2395 Nunc
403 2354 416 2374 ⁵
436 2355 640 2395 breuiter
657 2354 974 2406 perstringam
991 2365 1109 2405 quae
1122 2353 1284 2393 eodem
1299 2359 1491 2393 auctore
1508 2353 1586 2392 hic
1610 2352 1735 2392 facta
1751 2357 1873 2391 sunt.

244 2427 398 2478 Atque
415 2433 463 2466 ut
484 2427 541 2466 ab
564 2427 645 2476 eis,
670 2437 788 2477 quae
811 2424 870 2464 ad
904 2425 1195 2476 spiritualem
1231 2423 1492 2474 profectum
1524 2424 1881 2474 animarumque

246 2498 443 2537 salutem
464 2497 711 2548 pertinent,
736 2496 918 2536 initium
947 2506 1144 2546 sumam,
1177 2495 1296 2535 sciat
1323 2494 1377 2535 R.
1405 2494 1452 2535 P.
1482 2494 1583 2534 Tua
1613 2504 1774 2533 omnes
1801 2505 1882 2532 no-

306 2705 314 2724 ¹
354 2704 392 2730 in
409 2703 530 2730 animo
541 2702 685 2729 habens.
701 2702 890 2730 Pochcus.

303 2751 316 2770 2
355 2750 409 2778 Sic
426 2755 496 2778 tum
512 2750 545 2777 in
560 2750 787 2784 autog1·aph0‚
800 2755 872 2777 tum
896 2750 1001 2777 etiam
1016 2750 1048 2777 in
1070 2749 1282 2784 apographo;
1305 2752 1357 2776 est
1380 2751 1495 2775 tamen
1515 2747 1646 2782 Lerz'ci,
1669 2747 1828 2783 oppidum
1846 2751 1882 2776 et

248 2803 371 2833 portus
386 2799 418 2825 in
433 2798 517 2830 sinu,
534 2797 590 2831 qui
606 2797 730 2824 dicitur
747 2797 790 2823 de
806 2796 945 2831 Spezz‘a,
962 2804 1027 2824 non
1041 2797 1159 2831 procul
1174 2798 1216 2824 ab
1231 2797 1314 2823 urbe
1331 2795 1504 2823 sarzana.

303 2847 314 2864 '-
351 2845 438 2873 Vide
454 2844 603 2871 POLANCI
619 2844 822 2877 chronicon,
850 2848 874 2871 t.
890 2851 938 2878 1v,
953 2851 1033 2878 pag.
1048 2844 1093 2878 41,
1109 2851 1141 2871 n.
1157 2844 1201 2871 61.

303 2895 316 2914 ⁴
353 2893 588 2921 instaurauit.
605 2891 792 2918 POLANcus.

303 2942 317 2961 5
346 2943 440 2968 iam.
454 2940 501 2967 Id.
