2028 3328
827 165 910 202 AN.
941 164 1031 203 1555
1680 165 1751 202 603

116 274 342 314 magnum
370 264 429 303 sit
463 264 709 314 negocium
747 262 922 302 nostris
958 261 1174 301 Patribus
1211 262 1425 301 omnibus
1459 261 1748 301 satisfacere.

116 332 363 384 Aliquibus
386 335 431 373 in
454 341 663 385 egestate
684 332 950 373 constitutis
973 332 1253 371 subuentum
1275 339 1360 372 est:
1383 332 1565 371 mulieri
1586 343 1748 383 pecca-

118 405 225 444 trici
248 405 307 445 ad
327 404 579 445 Dominum
602 415 886 452 conuersae,
917 414 1061 454 seque
1089 403 1391 443 matrimonio
1421 403 1645 452 colligare
1674 414 1749 442 uo-

121 476 244 526 lenti,
283 475 367 515 dos
403 482 473 515 est
504 480 794 526 comparata.
832 474 916 514 His
948 473 1178 525 proximis
1206 473 1370 513 diebus
1400 473 1538 513 Pater
1561 473 1751 524 quidam

119 557 220 585 cum
244 545 388 586 fratre
411 546 469 586 ad
490 547 686 598 populos
708 545 889 586 uicinos
911 545 1086 585 missus
1106 550 1190 594 est,
1216 545 1295 595 qui
1314 555 1418 583 cum
1443 544 1502 583 ad
1530 544 1751 595 oppidum

120 617 426 667 peruenisset,
452 617 515 656 ita
542 616 775 668 persuasit
803 615 1018 656 omnibus
1049 615 1408 664 confessionem,
1441 620 1489 653 ut
1521 615 1619 653 sola
1648 626 1753 654 con-

120 687 425 727 fessariorum
450 688 607 738 inopia
626 686 802 727 factum
823 686 978 736 fuerit,
1001 697 1058 725 ne
1081 696 1244 725 omnes
1265 691 1463 736 peccata
1481 684 1752 724 confiteren-

121 765 207 797 tur:
233 758 497 798 doctrinam
520 758 825 798 christianam
854 757 989 797 ambo
1024 757 1303 805 docuerunt,
1335 762 1495 807 atque,
1528 756 1607 807 qui
1637 767 1753 807 opus

119 827 239 868 istud
261 829 305 867 in
330 828 467 868 finem
490 840 634 880 usque
656 828 922 877 deduceret,
947 834 1226 867 statuerunt:
1258 838 1399 878 quam
1427 833 1583 866 autem
1611 837 1753 877 aegre

120 899 310 938 tulerint
335 899 557 950 oppidani
579 911 739 939 eorum
760 899 1033 947 discessum,
1063 898 1146 938 vix
1176 897 1304 938 credi
1332 902 1500 948 potest,
1530 908 1753 948 magnam

124 970 253 1020 prius
270 970 543 1010 adhibentes
562 970 867 1021 diligentiam,
886 976 935 1009 ut
952 981 1114 1009 eorum
1131 968 1359 1020 profectio
1376 968 1423 1008 in
1440 968 1622 1019 aliquos
1636 969 1709 1008 ali‹
1722 981 1754 1008 ›s

118 1040 216 1080 dies
234 1040 436 1091 (quando
458 1052 642 1081 menses
664 1053 757 1080 non
778 1041 992 1090 dabatur>
1013 1040 1383 1092 protraheretur;
1402 1051 1506 1079 cum
1525 1050 1638 1079 vero
1661 1039 1753 1079 iam

117 1111 288 1151 diutius
311 1123 401 1151 non
423 1118 615 1163 possent
652 1123 733 1151 eos
767 1123 926 1152 secum
956 1111 1178 1161 detinere,
1211 1122 1384 1162 magna
1414 1111 1753 1161 praeclaraque

118 1182 239 1222 dona
256 1182 345 1222 illis
363 1181 635 1228 offerebant,
655 1193 853 1233 cumque
869 1182 983 1222 nihil
1000 1183 1172 1222 uellent
1190 1181 1420 1233 accipere,
1440 1182 1583 1221 multo
1602 1182 1754 1232 magis

118 1259 222 1293 sunt
244 1265 323 1293 eos
345 1253 575 1293 admirati,

196 1323 479 1364 Persuasum
501 1331 569 1363 est
592 1336 616 1363 a
640 1324 843 1375 quodam
864 1324 1009 1364 fratre
1032 1332 1191 1364 nostro
1215 1324 1452 1373 omnibus,
1477 1323 1556 1375 qui
1587 1322 1631 1363 in
1660 1322 1751 1363 hoc

118 1395 289 1447 oppido
312 1402 436 1444 sunt,
460 1403 509 1436 ut
531 1396 636 1435 libri
659 1407 835 1446 omnes,
860 1396 938 1447 qui
968 1397 1042 1435 uel
1069 1395 1316 1436 inhonesta
1346 1397 1420 1435 uel
1447 1395 1646 1446 profana
1674 1394 1749 1434 do-

122 1473 303 1517 cerent,
328 1466 737 1517 comburerentur,
763 1472 807 1506 et
828 1478 992 1507 eorum
1018 1467 1121 1507 loco
1149 1466 1253 1506 libri
1281 1466 1487 1516 honesti,
1524 1467 1602 1517 qui
1631 1465 1749 1505 chri-

122 1537 323 1577 stianam
346 1536 568 1588 pietatem
595 1537 881 1587 redolerent,
915 1537 1257 1578 euoluerentur.
1291 1537 1452 1588 Itaque
1483 1538 1614 1576 multi
1646 1544 1753 1577 sunt

122 1608 168 1648 id
189 1619 338 1659 genus
359 1608 465 1648 libri
487 1608 533 1648 in
554 1614 763 1648 nostram
781 1608 971 1648 domum
988 1608 1132 1649 allati:
1151 1609 1218 1648 eis
1234 1614 1406 1659 autem,
1426 1608 1504 1660 qui
1521 1608 1655 1648 nobis
1673 1619 1753 1648 eos

121 1678 392 1729 afferebant,
424 1679 488 1730 pii
519 1679 774 1727 dabantur,
804 1691 894 1731 quo
926 1679 1108 1720 iactura
1134 1691 1326 1720 suorum
1350 1679 1576 1719 librorum
1606 1679 1662 1730 (si
1689 1680 1752 1719 lu-

121 1761 252 1790 crum
273 1750 429 1801 potius
457 1761 549 1789 non
582 1757 650 1790 est
678 1750 1029 1800 nominandum)
1059 1756 1464 1802 compensaretur:
1495 1750 1752 1790 constituta

122 1821 322 1872 denique
343 1821 430 1872 die,
465 1833 626 1861 omnes
655 1822 749 1873 (qui
777 1822 1075 1873 complurimi
1103 1822 1253 1872 erant)
1285 1828 1393 1862 sunt
1419 1822 1603 1873 publice
1630 1833 1753 1862 com-

118 1891 254 1932 busti.

201 1962 360 2014 Aliqui
381 1963 562 2003 externi
584 1963 807 2003 exercitia
831 1963 1093 2014 spiritualia
1108 1963 1335 2010 fecerunt;
1354 1975 1414 2003 ex
1430 1964 1604 2004 nostris
1621 1975 1750 2013 uero,

124 2044 286 2073 omnes
307 2033 354 2073 in
375 2034 614 2073 literarum
632 2034 798 2074 studiis
814 2034 1009 2085 aliisque
1028 2034 1176 2074 solitis
1194 2034 1610 2076 exercitationibus
1627 2036 1752 2075 uelut

118 2105 350 2144 hactenus
371 2111 692 2155 perseuerant:
717 2105 832 2144 mira
855 2105 902 2144 in
924 2105 991 2144 eis
1013 2106 1223 2156 profecto
1244 2105 1511 2156 resplendet
1539 2106 1753 2146 obedien·

118 2175 198 2225 tia,
222 2174 535 2225 mortificatio,
565 2174 960 2227 perfectionisque
991 2176 1296 2216 desiderium:
1327 2176 1479 2227 magis
1510 2182 1668 2217 tamen
1698 2189 1753 2217 ac

118 2246 270 2296 magis
291 2257 453 2286 eorum
474 2246 618 2286 animi
638 2246 826 2286 fuerunt
847 2247 1054 2287 aduentu
1076 2247 1124 2287 Ρ.
1150 2246 1330 2287 Natalis
1348 2247 1550 2298 accensi,
1570 2259 1752 2288 summa

122 2328 227 2356 cum
265 2317 506 2368 diligentia
543 2319 732 2368 regulas
767 2324 811 2358 et
845 2319 1202 2359 constitutiones
1235 2329 1397 2358 omnes
1431 2318 1751 2360 obseruantes.

121 2387 259 2428 Faxit
279 2387 409 2428 Deus
430 2394 479 2428 ut
500 2388 600 2428 eius
622 2388 967 2428 sanctissimam
989 2390 1278 2429 uoluntatem
1300 2400 1446 2441 usque
1468 2389 1528 2430 ad
1554 2397 1753 2431 mortem

122 2470 423 2510 exequamur,
448 2459 571 2511 quod
591 2466 655 2510 tu,
678 2459 732 2500 R.
756 2459 909 2509 Pater,
935 2460 992 2500 ab
1014 2460 1177 2500 eodem
1198 2461 1472 2511 postulabis.

199 2528 427 2581 Gandiae,
452 2529 671 2571 Calendis
691 2529 979 2582 Septembris
1006 2531 1107 2571 1555
1133 2530 1159 2568 ¹.

196 2600 249 2640 R.
275 2599 322 2641 P.
347 2600 475 2641 Tuae
497 2612 664 2641 seruus
686 2601 733 2642 in
754 2600 975 2652 Domino,

980 2743 1220 2785 ANToNius
1251 2745 1520 2786 CORDESSES

176 2976 182 2993 ¹
229 2974 322 3002 Haec
337 2974 446 3002 verba
458 2982 478 3002 a
494 2981 578 3002 voce
595 2974 755 3002 Gandiae
771 2975 875 3002 tertia
891 2975 1059 3009 quaedam
1075 2983 1194 3003 manus
1210 2977 1349 3012 adjecit.
