2028 3328
874 110 957 147 AN.
989 110 1080 147 1554
1726 111 1791 149 101

156 214 323 249 sancto
356 208 683 249 Eucharistiae
711 204 1033 256 Sacramento,
1067 206 1268 246 Domino
1301 206 1401 247 Deo
1437 218 1520 246 suo
1552 207 1598 246 in
1629 207 1791 246 viuum

158 278 486 320 holocaustum
506 290 556 320 se
577 284 724 319 totum
745 277 1057 318 consecrauit.
1085 276 1219 317 Nunc
1241 283 1311 317 est
1340 277 1560 317 ostiarius
1581 289 1667 317 nec
1699 289 1790 317 me·

154 350 367 390 diocrem
387 351 520 391 nobis
542 349 756 390 omnibus
779 349 1156 400 expectationem
1178 348 1337 388 mouit.

236 421 493 462 Doctrinae
514 421 798 462 christianae
816 420 1147 472 praelectionis
1169 420 1542 472 concionumque
1560 420 1674 461 ordo
1699 421 1792 461 Do—

156 492 339 532 minicis
354 504 537 544 semper
557 505 612 534 ac
628 491 808 532 festiuis
824 491 985 532 diebus
1003 491 1232 532 hactenus
1254 497 1469 532 seruatus
1486 498 1569 532 est.
1593 491 1787 532 Necnon

158 563 204 603 in
227 563 330 603 aliis
351 570 395 604 et
417 565 464 604 in
484 565 599 605 vrbe
625 570 669 605 et
700 569 834 604 extra
859 563 1019 603 Vrbem
1053 563 1168 602 locis
1188 562 1399 602 nonnulli
1428 575 1487 603 ex
1513 563 1687 603 nostris
1714 564 1795 603 ali-

155 634 340 685 quoties
373 635 638 675 concionati
663 640 789 686 sunt;
820 645 912 674 non
939 641 1093 674 tamen
1130 633 1267 673 toties
1288 634 1472 685 quoties
1492 634 1791 685 petebantur,

157 705 283 756 quod
305 706 520 746 omnibus
539 718 634 746 non
654 706 815 746 liceret
836 716 918 756 per
941 705 1227 756 paucitatem
1250 704 1539 745 satisfacere.

242 776 293 817 In
315 776 623 818 confessionis
657 776 1030 828 frequentatione
1067 787 1268 827 magnus
1296 775 1503 816 cernitur
1533 788 1588 816 ac
1617 777 1792 827 perspi-

158 859 277 888 cuus
298 848 549 899 profectus.
575 848 671 889 Nec
694 859 899 900 vnquam
927 848 1156 888 hactenus
1182 853 1340 887 tantus
1369 847 1452 887 fuit
1473 847 1795 888 confitentium

158 930 395 960 numerus.
430 919 519 971 Qui
554 926 711 960 tantus
745 924 837 970 est,
876 925 924 960 ut
961 929 1212 970 cogamur,
1246 925 1443 970 vrgente
1471 918 1795 959 confitentium

160 990 469 1040 multitudine,
503 1002 604 1040 eos,
630 991 707 1042 qui
736 989 914 1042 jamdiu
935 996 1131 1042 peccata
1159 989 1366 1030 fatentur
1395 996 1438 1030 et
1469 1002 1668 1042 quorum
1691 1002 1799 1031 con-

161 1062 362 1102 stantiae
384 1062 583 1113 fidimus,
608 1061 697 1102 alio
720 1068 915 1113 peccata
933 1060 1144 1102 fassuros
1166 1062 1501 1113 transmittere,
1526 1073 1583 1101 ne
1601 1073 1697 1112 eos,
1721 1062 1799 1113 qui

161 1145 285 1174 nunc
307 1133 508 1185 primum
531 1140 747 1175 sanctum
763 1133 851 1174 hoc
870 1133 1179 1174 confessionis
1200 1139 1548 1174 sacramentum
1572 1133 1801 1184 incipiunt

157 1204 472 1256 frequentare,
497 1205 686 1246 tristitia
708 1217 763 1245 ac
785 1216 997 1246 moerore
1033 1204 1305 1245 afficiamus.
1330 1205 1510 1245 Tantus
1546 1211 1706 1245 tamen
1727 1212 1799 1245 est

161 1276 219 1316 ad
243 1276 586 1317 confessionem
602 1276 935 1317 confluentium
953 1287 1225 1326 concursus
1250 1282 1299 1316 ut
1318 1276 1415 1317 fere
1433 1287 1688 1328 nunquam,
1709 1276 1802 1316 die-

161 1347 250 1387 bus
267 1348 562 1399 potissimum
578 1348 773 1399 festinis,
798 1348 1011 1388 omnibus
1028 1347 1303 1388 satisfacere
1326 1348 1573 1399 possimus.
1597 1348 1799 1388 Nonnul-

162 1420 234 1459 lae
253 1419 393 1459 etiam
407 1419 725 1460 confessiones
736 1420 983 1471 generales
1000 1419 1074 1463 (ex
1087 1419 1254 1471 quibus
1270 1431 1443 1471 magna
1458 1419 1547 1459 Dei
1565 1420 1803 1460 emanauit

97 1505 100 1508 ·
162 1491 279 1541 laus)
301 1490 455 1530 factae
477 1496 605 1532 sunt:
629 1503 687 1532 ex
708 1490 887 1531 duobus
911 1490 959 1530 in
979 1490 1068 1530 hac
1086 1491 1201 1530 vrbe
1223 1490 1325 1531 sitis
1342 1490 1615 1531 monialium
1633 1503 1800 1531 coeno-

161 1561 248 1602 biis
270 1562 331 1612 (in
353 1562 518 1614 quibus
540 1562 858 1614 superioribus
893 1562 1054 1603 diebus
1091 1562 1149 1602 ob
1181 1570 1451 1603 nostrorum
1478 1562 1672 1603 Patrum
1702 1570 1801 1603 tum

158 1633 433 1683 conciones,
467 1640 564 1674 tum
599 1634 815 1684 consilia,
853 1640 951 1674 tum
980 1634 1122 1674 etiam
1149 1634 1206 1674 de
1233 1634 1372 1674 rebus
1398 1634 1687 1686 spiritalibus
1713 1635 1805 1674 col-

160 1705 440 1755 locutiones,
483 1717 657 1756 magna
697 1717 879 1746 morum
923 1706 970 1746 in
1015 1706 1179 1746 melius
1228 1706 1555 1754 commutatiO,
1598 1718 1802 1757 magnus

156 1777 471 1828 quarumdam
490 1777 785 1828 potissimum
800 1776 886 1817 fuit
908 1777 967 1817 ad
983 1777 1245 1818 orationem
1263 1777 1693 1829 perfectionemque
1714 1777 1803 1817 fer-

161 1848 268 1899 uor)
306 1860 333 1889 a
367 1859 525 1888 mense
555 1847 666 1899 Maji
700 1847 1003 1888 vehementer
1036 1847 1266 1889 hactenus
1300 1860 1355 1889 ac
1389 1849 1577 1900 saepius
1611 1861 1638 1889 a
1660 1849 1800 1888 nobis

157 1920 501 1960 contenderunt
533 1926 582 1960 ut
610 1920 676 1960 eis
697 1931 724 1959 a
746 1918 1121 1959 confessionibus
1155 1931 1380 1961 essemus.
1416 1920 1661 1972 Tantoque
1691 1926 1803 1960 sunt

160 1990 296 2042 hujus
316 1992 385 2032 rei
412 1991 645 2032 desiderio
673 2002 923 2041 accensae,
959 2000 1010 2034 ut
1043 1992 1296 2032 nonnullae
1325 2004 1383 2032 ex
1410 1991 1544 2043 ipsis,
1575 1992 1714 2043 copia
1743 1991 1805 2032 ad

159 2062 206 2103 id
225 2062 496 2115 impetrata,
519 2063 767 2114 ipsaemet,
791 2063 1062 2105 exorandae
1084 2062 1221 2115 hujus
1242 2062 1311 2102 rei
1331 2063 1509 2114 gratia,
1533 2062 1594 2103 ad
1615 2074 1702 2102 nos
1719 2074 1797 2102 ve-

159 2134 327 2174 nerint:
352 2134 466 2174 illud
481 2140 612 2174 tanta
629 2134 966 2175 lachrimarum
982 2134 1220 2175 affluentia
1233 2145 1289 2174 ac
1308 2133 1556 2174 deuotione
1580 2134 1800 2174 obiicien-

159 2212 229 2245 tes
253 2206 330 2254 (ne
374 2205 554 2246 scilicet
592 2205 834 2257 religionis
866 2212 1038 2257 status,
1072 2205 1510 2246 indumentorumue
1548 2206 1803 2246 monacho-

161 2287 265 2317 rum
285 2288 451 2327 causa,
482 2283 613 2317 tanto
634 2277 934 2328 priuarentur
963 2278 1108 2326 bono,
1139 2282 1300 2317 nostra
1329 2276 1549 2317 videlicet
1567 2275 1800 2328 doctrina,

163 2346 390 2400 hujusque
415 2347 708 2388 Sacramenti
728 2348 1123 2400 frequentatione,
1148 2360 1239 2400 quo
1264 2348 1341 2388 vel
1367 2348 1513 2400 ipsius
1530 2348 1802 2400 plebeculae

158 2419 326 2460 uetulis
346 2419 490 2460 libere
510 2419 635 2472 apud
655 2431 742 2459 nos
762 2419 853 2460 frui
873 2420 1057 2470 liceret)
1082 2425 1130 2460 ut
1147 2419 1318 2460 mirum
1334 2419 1382 2460 in
1400 2419 1590 2460 modum
1609 2419 1805 2460 Patrem

160 2496 400 2542 vrgerent3
424 2490 551 2542 quod
572 2491 639 2531 eis
659 2489 799 2531 Pater
829 2491 1094 2543 denegauit.
1118 2489 1346 2542 Nuncque
1374 2491 1516 2531 etiam
1546 2502 1654 2531 cum
1679 2491 1807 2531 idem?

160 2561 267 2602 illae
287 2561 571 2603 contendere
592 2573 687 2602 non
708 2568 916 2613 cessent,
940 2562 1041 2614 ipse
1063 2568 1222 2602 tamen
1242 2562 1289 2602 in
1321 2562 1484 2602 eadem
1516 2568 1673 2602 manet
1700 2573 1806 2602 sen—

159 2633 326 2682 tentia,
351 2639 396 2674 et
432 2633 648 2685 quamuis
683 2632 1041 2685 consequendae
1072 2631 1209 2684 hujus
1230 2633 1298 2673 rei
1340 2645 1472 2685 spem
1499 2645 1592 2674 non
1613 2633 1809 2674 omnino

157 2703 408 2755 ademerit,
433 2704 665 2756 protrahit
687 2710 845 2744 tamen
872 2715 996 2754 eam,
1035 2710 1174 2756 atque
1203 2704 1249 2744 in
1284 2704 1383 2746 dies
1413 2705 1565 2756 magis
1594 2704 1801 2745 distinet.

240 2775 426 2817 Morum
456 2787 629 2826 magna
664 2775 971 2816 communiter
998 2776 1045 2816 in
1072 2776 1237 2816 melius
1267 2776 1501 2817 restitutio
1532 2776 1597 2828 fit,
1631 2776 1802 2828 aliique

159 2848 281 2888 alios
301 2848 518 2893 inuicem.
542 2854 639 2888 tum
660 2846 1126 2898 reprehensionibus,
1150 2853 1249 2887 tum
1276 2847 1698 2898 cohortationibus,
1722 2847 1803 2887 mi-

160 2928 266 2959 rum
287 2918 333 2959 in
355 2919 546 2959 modum
563 2917 742 2969 juuant.
768 2917 838 2958 Ac
863 2917 983 2958 inter
1005 2918 1124 2958 alios
1147 2918 1338 2969 quidam
1360 2919 1655 2971 potissimum
1676 2925 1802 2969 sunt,
