2028 3328
247 186 318 223 595
765 183 991 220 LITTERAE
1009 191 1365 225 QUAoRmEsTREs

510 553 791 580 Praecedentium
808 551 974 584 Alphonsi
991 550 1126 576 Lozano
1143 549 1337 575 litterarum
1351 548 1459 574 latina
1476 546 1588 572 versio
1606 546 1627 570 ἔ.

1025 951 1121 1029 Iit-{S

333 1136 498 1177 Gratia
522 1142 565 1175 et
588 1146 680 1185 pax
701 1132 891 1173 Domini
911 1131 1060 1171 nostri
1081 1129 1193 1183 Jesu
1214 1129 1388 1170 Christi
1408 1134 1633 1180 perpetuo
1649 1127 1885 1179 praesidio

253 1208 510 1248 nobiscum.
535 1205 702 1246 Amen.

334 1278 451 1319 Cum
473 1277 559 1317 sim
581 1276 856 1327 scripturus,
880 1272 980 1314 Rde
1007 1272 1075 1323 R,
1099 1284 1220 1324 quae
1241 1272 1373 1311 lucra
1390 1270 1606 1322 proximo
1624 1269 1882 1321 quadrime-

251 1349 335 1389 stri
365 1348 611 1389 Valentiae
641 1347 791 1386 nostri
820 1346 868 1385 in
898 1344 1086 1385 Christo
1122 1343 1288 1383 fecisse
1323 1341 1557 1392 videntur,
1596 1352 1688 1392 qua
1722 1345 1886 1391 potero

252 1421 498 1469 breuitate,
531 1418 750 1459 exordiar
778 1429 805 1457 a
835 1416 985 1456 nostri
1012 1415 1172 1467 templi
1202 1413 1472 1462 structione,
1497 1412 1544 1452 in
1565 1424 1656 1463 quo
1685 1412 1887 1462 (fauente

252 1491 367 1541 Deo)
392 1489 702 1530 celebrabitur
733 1498 922 1528 sacrum
950 1487 1166 1539 proximo
1194 1485 1314 1525 festo
1342 1483 1616 1524 Natiuitatis
1644 1494 1888 1523 sacrosan-

250 1569 355 1603 ctae
378 1561 593 1612 Virginis
614 1560 809 1608 Mariae,
834 1559 966 1599 cuius
988 1558 1113 1598 fores
1134 1557 1361 1608 patebunt
1391 1555 1588 1605 cunctis,
1613 1562 1709 1594 tam
1729 1554 1886 1594 mulie-

249 1633 394 1684 ribus„
421 1643 562 1684 quam
584 1632 715 1671 viris:
739 1641 857 1681 quos
877 1630 1009 1670 iuxta
1037 1640 1199 1669 eorum
1228 1627 1511 1667 desiderium
1532 1626 1696 1666 eodem
1723 1625 1797 1665 die
1818 1636 1885 1665 sa-

250 1705 505 1745 cramentis
526 1702 953 1751 corroborabimus,
986 1706 1267 1750 caeteraque
1296 1698 1556 1738 ministeria
1583 1697 1733 1737 nostri
1761 1696 1887 1736 insti-

249 1775 337 1816 tuti
359 1774 583 1827 perfacile
604 1772 964 1825 praestabimus:
990 1771 1112 1823 quod
1140 1770 1327 1822 quidem
1349 1775 1651 1821 expectamus
1673 1767 1886 1808 omnibus

249 1846 349 1886 fore
372 1846 711 1897 gratissimum,
735 1850 832 1884 tum
853 1843 1042 1893 nostris,
1067 1842 1145 1894 qui
1176 1841 1365 1881 liberius
1393 1852 1478 1880 sua
1500 1850 1695 1880 munera
1717 1838 1886 1878 submi-

247 1917 529 1968 nistrabunt,
560 1922 659 1956 tum
680 1916 766 1966 his,
792 1915 870 1967 qui
892 1925 977 1954 nos
1004 1914 1217 1964 diligunt.
1249 1912 1388 1952 Faxit
1410 1910 1539 1951 Deus
1569 1911 1771 1962 optimus
1793 1921 1886 1950 ma-

249 1990 402 2029 ximus
424 1988 580 2028 omnia
602 1987 736 2028 nobis
757 1986 1015 2026 secundum
1035 1996 1165 2036 spem
1187 1984 1453 2024 succedere.

328 2059 680 2113 Impedimenta‚
715 2070 833 2109 quae
863 2056 1174 2109 prohibebant
1209 2054 1459 2106 quominus
1487 2062 1650 2094 nostra
1686 2052 1886 2092 ecclesia

249 2130 567 2182 perficeretur,
606 2129 771 2169 Patres
808 2128 1092 2179 reipublicae
1129 2126 1360 2177 (omnibus
1394 2122 1669 2176 perspectis>
1701 2122 1886 2163 auferre

249 2201 546 2251 mandarunt,
584 2202 862 2252 plenamque
900 2200 1171 2239 facultatem
1207 2195 1484 2237 aedificandi
1518 2195 1652 2235 nob1s
1687 2194 1888 2244 benigne

250 2273 526 2312 tribuerunt.
552 2271 722 2312 Noster
743 2270 1010 2322 praefectus
1031 2268 1227 2319 Proregi
1249 2268 1316 2308 rei
1336 2273 1500 2318 gestae
1518 2276 1711 2306 causam
1727 2276 1886 2305 narra-

251 2344 331 2393 uit,
358 2343 434 2395 qui
453 2344 497 2383 in
521 2343 734 2383 omnibus
754 2340 1090 2381 humanissime
1112 2351 1214 2379 sese
1236 2344 1452 2390 paratum
1474 2336 1652 2387 obtulit,
1676 2340 1889 2376 nostrum

250 2415 493 2466 negotium
521 2415 772 2466 diligenter
800 2413 1000 2453 curauit:
1033 2412 1176 2451 semel
1201 2421 1403 2461 namque
1431 2415 1571 2460 atque
1598 2408 1767 2448 iterum
1798 2406 1888 2447 huc

252 2486 467 2532 accessit,
493 2491 537 2525 et
557 2485 604 2525 id
625 2485 748 2537 quod
769 2484 1086 2536 cupiebamUS,
1110 2482 1246 2522 facile
1267 2488 1336 2521 est
1358 2486 1688 2531 consequutus:
1712 2489 1804 2530 quo
1824 2477 1888 2517 fa-

252 2564 344 2607 cto,
368 2556 491 2596 idem
518 2556 698 2596 Prorex
728 2567 863 2596 suam
893 2557 1070 2603 (coram
1098 2552 1327 2602 omnibus)
1356 2562 1470 2602 erga
1497 2562 1583 2590 nos
1610 2549 1888 2590 benevolen-

252 2627 365 2667 tiam
388 2627 690 2679 significauit,
714 2626 846 2666 iussit
869 2626 991 2665 enim
1013 2625 1115 2665 dari
1137 2623 1196 2664 ad
1216 2622 1377 2674 templi
1393 2621 1678 2662 erectionem
1692 2632 1787 2660 non
1799 2631 1890 2660 me-

254 2697 462 2737 diocrem
483 2697 828 2737 eleemosinam.

338 2768 466 2808 Haec
488 2774 609 2819 sunt,
634 2767 688 2808 R.
713 2768 780 2818 P„
805 2779 923 2819 quae
945 2767 1005 2807 ad
1025 2767 1250 2817 templum
1269 2770 1482 2805 nostrum
1510 2769 1739 2815 spectant.
1772 2762 1890 2803 Tum

314 2952 322 2970 ἱ
364 2952 612 2986 Apographum
632 2952 730 2979 unico
752 2952 784 2978 in
808 2950 897 2983 ίοὶἰο,
920 2958 951 2978 n.
975 2951 1037 2980 406.
1054 2951 1097 2977 ab
1112 2958 1150 2977 eo
1173 2954 1367 2982 exaratum,
1383 2948 1436 2983 qui
1460 2949 1492 2975 in
1507 2947 1726 2983 praecedenti
1748 2946 1892 2981 hispano

263 3001 419 3033 exemplo
436 2999 759 3033 superscriptionem
773 2998 946 3032 apposuit.
