2028 3328
837 164 920 201 AN.
952 165 1044 201 1555
1687 165 1752 201 701

114 262 383 302 Biliomensi
407 263 452 302 in
474 261 736 313 proximum
757 259 940 300 Pascha
964 271 990 299 a
1012 259 1299 299 Paternitate
1317 266 1398 300 tua
1428 271 1634 311 exorem,
1657 273 1750 312 qua

116 334 172 373 de
196 345 243 373 re
265 333 478 373 eumdem
499 344 580 384 per
602 333 761 372 literas
783 342 890 371 cum
911 329 1191 370 Reuerentia
1214 330 1315 370 Tua
1334 331 1604 382 propediem
1625 339 1752 372 actu-

120 416 222 444 rum
242 404 458 444 arbitror.
483 404 663 444 Interea
687 402 852 442 domus
870 408 1008 453 atque
1031 401 1146 441 adeo
1169 403 1380 453 supellex
1400 402 1534 442 nobis
1561 414 1755 454 praepa-

119 476 314 525 rabitur,
353 476 485 515 cuius
528 473 874 525 comparandae
905 472 1131 523 paulatim
1164 476 1327 512 curam
1357 473 1585 524 Magistro
1618 473 1756 514 Petro

116 546 332 586 iniunxit.
378 546 581 586 Domum
621 557 769 596 suam,
807 556 946 596 quam
981 544 1158 594 incolo,
1196 544 1442 584 duodecim
1472 545 1757 596 pauperibus

117 617 429 663 scholasticis,
453 617 499 656 in
521 628 700 656 morem
723 615 919 666 Collegii
947 615 1051 655 istic
1074 614 1357 665 Germanici,
1383 614 1632 655 Societatis
1666 627 1757 655 ma-

116 687 315 738 gisterio
345 687 640 727 instituendis
673 693 811 738 atque
848 685 1028 726 alendis
1064 685 1332 726 destinauit.
1371 685 1546 726 Aream
1576 698 1706 736 vero,
1732 699 1758 726 a

117 758 254 798 turba
273 764 518 807 secretam,
544 757 736 797 aedibus
758 757 830 797 his
858 756 1146 807 contiguam,
1176 756 1414 808 gymnasii
1450 757 1660 796 classicis
1689 769 1758 797 or-

118 829 306 868 dinibus
328 828 502 868 dicauit
525 828 669 868 animi
699 828 772 868 sui
807 828 1016 868 decretO.
1053 826 1277 867 Societati
1312 839 1427 868 Vero
1462 828 1759 868 domumam-

120 900 399 951 piissimam,
425 900 499 939 cui
520 899 734 950 proxime
766 899 974 939 vicinum
1004 905 1073 938 est
1103 899 1325 950 templum
1351 898 1408 938 D.
1446 898 1664 939 Michaeli
1691 911 1760 939 sa-

117 982 264 1021 crum,
290 969 519 1011 Societati
549 970 814 1020 dicandum,
840 977 979 1022 atque
1000 981 1111 1010 area
1133 970 1319 1020 publica
1342 969 1566 1021 suffragio
1589 970 1760 1010 ciuium

119 1041 255 1081 nobis
294 1041 529 1092 donanda,
585 1041 866 1092 designauit,
908 1052 1048 1092 quam
1090 1041 1239 1093 pretio
1276 1041 1505 1082 redimere
1546 1041 1759 1082 instituit.

117 1111 259 1152 Faxit
281 1112 495 1153 Christus
516 1118 567 1152 Vt
595 1124 736 1164 quam
764 1112 998 1164 ocyssime
1032 1112 1276 1163 negotium
1310 1124 1446 1152 omne
1468 1112 1759 1153 conficiatur.

123 1182 260 1224 Certe
282 1183 589 1223 Biliomenses
610 1195 793 1223 summo
820 1183 989 1223 affectu
1010 1194 1066 1223 ac
1088 1183 1256 1235 spiritu
1278 1183 1446 1224 anhelo
1475 1184 1534 1224 ad
1565 1183 1763 1235 Collegii

117 1255 403 1295 erectionem
425 1254 651 1306 aspirant,
678 1261 934 1306 optantque
951 1260 1001 1294 vt
1024 1266 1116 1295 non
1139 1254 1339 1306 dispersi
1361 1266 1651 1307 separemur,
1681 1254 1763 1295 sed

119 1326 259 1365 simul
279 1337 373 1365 vna
397 1326 443 1365 in
465 1326 603 1365 domo
627 1337 988 1366 commoremur.

199 1396 447 1437 Caeterum
464 1404 688 1448 quantum
711 1396 770 1436 ad
792 1397 1154 1447 occupationum
1175 1396 1503 1448 spiritualium,
1543 1408 1664 1449 quae
1687 1408 1760 1437 me

119 1479 266 1520 prope
289 1468 460 1518 obruit,
485 1468 672 1507 turbam
694 1468 875 1518 attinet,
900 1468 1177 1519 compendio
1199 1469 1426 1508 historiae
1448 1468 1659 1509 ordinem
1675 1468 1759 1508 Pa·

120 1539 316 1579 ternitas
338 1538 438 1578 Tua
461 1538 676 1590 accipere
698 1538 882 1589 poterit,
906 1550 1189 1590 quamquam
1212 1551 1288 1579 res
1309 1545 1472 1590 gestae
1494 1541 1762 1591 complures

120 1610 215 1650 sint
235 1621 446 1650 numero.
470 1609 514 1650 A
534 1610 783 1661 postremis
806 1609 952 1661 igitur
974 1609 1120 1650 literis
1143 1610 1362 1651 Octobris
1396 1610 1481 1651 17.0
1517 1597 1707 1663 scriptis
1731 1610 1756 1661 ¹,

122 1682 301 1721 tructus
351 1681 630 1721 concionum
669 1680 885 1721 discretis
924 1681 970 1720 in
1010 1681 1125 1721 locis
1165 1681 1434 1722 habitarum
1478 1682 1759 1732 vberrimus,

123 1752 298 1792 Christi
315 1752 472 1803 gratia
504 1752 635 1802 duce,
675 1752 842 1803 extitit,
880 1764 974 1792 non
1008 1753 1149 1792 modo
1185 1753 1370 1793 Biliomi
1404 1753 1486 1794 sed
1521 1760 1567 1793 et
1603 1753 1758 1795 Claro-

123 1829 294 1873 monte,
319 1835 408 1874 quo
430 1824 532 1862 loco
558 1830 760 1874 quatuor
783 1823 1086 1864 concionibus
1108 1824 1294 1875 habitis,
1324 1825 1496 1876 partim
1524 1825 1571 1865 in
1607 1825 1767 1866 Xeno·

124 1894 310 1944 dochiO,
336 1894 506 1945 partim
528 1895 575 1934 in
596 1895 710 1934 aede
728 1894 884 1935 Divae
907 1894 1123 1946 Virginis
1141 1896 1201 1936 du
1215 1895 1339 1946 Port‚
1365 1896 1562 1948 denique
1579 1896 1626 1936 in
1643 1908 1766 1937 sum-

122 1964 197 2005 'mo
220 1965 489 2005 dioeceseos
510 1966 696 2016 templo,
720 1972 968 2017 praesente
990 1965 1096 2006 D.¹¹0
1127 1967 1378 2018 Episcopo,
1401 1967 1551 2007 bonus
1587 1967 1765 2008 Christi

123 2036 238 2077 odor
259 2037 306 2076 in
328 2037 594 2076 auditorum
615 2043 807 2088 pectora
829 2049 853 2078 e
870 2038 1020 2078 nostri
1048 2038 1274 2095 ingenio-li
1302 2039 1497 2079 vasculo
1526 2038 1765 2090 dispersus

122 2114 207 2147 est.
250 2107 679 2157 Fragrantissimus
713 2119 827 2148 vero
855 2108 1264 2149 circumstantium
1294 2121 1519 2149 coronam
1555 2109 1669 2150 odor
1697 2122 1766 2150 rc-

124 2178 304 2219 creavit
326 2178 551 2218 orationis
573 2179 794 2219 solemnis
817 2179 863 2219 in
883 2179 1066 2231 synodo
1089 2179 1456 2221 Claromontana
1477 2192 1504 2221 a
1538 2192 1610 2221 me
1633 2181 1762 2222 habi-

124 2256 199 2290 tae
222 2249 294 2289 die
318 2248 540 2290 Octobris
560 2249 664 2299 249,
690 2262 826 2302 quae,
851 2250 906 2291 de
924 2251 1176 2291 residentia
1199 2257 1338 2303 atque
1354 2251 1591 2292 functione
1611 2259 1765 2304 pasto-

125 2332 229 2360 rum
250 2321 477 2370 instituta‚
502 2320 619 2361 adeo
640 2320 775 2361 Rmo.
799 2321 1000 2362 Domino
1022 2322 1198 2373 placuit
1227 2329 1278 2362 Vt
1299 2334 1402 2362 eam
1424 2323 1549 2375 typis
1579 2323 1763 2371 excudi,

125 2392 360 2432 adiunctis
397 2392 808 2432 constitutionibus
845 2392 1203 2445 Episcopalibus
1234 2405 1400 2433 recens
1430 2396 1760 2445 promulgatis,

126 2463 364 2503 mandarit
392 2465 418 2503 ².
455 2462 675 2503 Nonnulli
710 2463 852 2503 etiam
890 2464 999 2504 hinc
1040 2464 1115 2516 pio
1156 2464 1324 2505 affectu
1363 2466 1586 2506 commoti
1621 2478 1762 2518 super

125 2545 266 2573 onere
286 2534 605 2574 conscientiae
636 2546 748 2574 suae
783 2546 854 2575 me
889 2536 1239 2586 consuluerunt,
1278 2548 1477 2587 quorum
1512 2549 1536 2577 e
1571 2549 1766 2577 numero

123 2616 246 2645 vnus
269 2604 432 2645 Abbas
454 2605 552 2645 fuit.
576 2605 703 2646 Binis
721 2605 1024 2646 concionibus
1046 2606 1092 2646 in
1115 2607 1338 2647 coenobio
1354 2606 1604 2659 Virginum
1621 2608 1765 2648 Mart-

123 2687 205 2716 sac
241 2682 511 2727 nuncupato
541 2687 686 2728 prope
708 2675 941 2728 Ryomum
972 2677 1163 2729 habitis,
1188 2678 1345 2718 multis
1375 2685 1514 2719 antea
1548 2679 1765 2731 precibus

180 2835 188 2855 ¹
232 2835 378 2863 Periisse
397 2835 416 2862 h
431 2843 461 2862 ie
479 2835 658 2862 videntur.

177 2884 190 2902 2¹
230 2884 294 2915 An,
307 2884 406 2917 juxta
423 2882 582 2910 Gulielmi
600 2883 642 2910 du
661 2882 741 2910 prat
758 2883 967 2916 mandatum,
985 2884 1095 2911 oratio
1112 2884 1196 2911 haec
1213 2885 1305 2920 typis
1322 2893 1464 2914 excussa
1479 2887 1523 2914 sit
1540 2894 1656 2920 necne,
1673 2887 1764 2921 igno-

126 2939 254 2958 ramus.
285 2930 386 2958 Certe
411 2931 606 2966 Clayssonii
633 2938 753 2958 nomen
777 2939 842 2958 non
866 2932 1037 2965 reperitur
1060 2931 1092 2959 in
1125 2931 1371 2967 Biblz'otheque
1395 2934 1458 2961 des
1479 2936 1661 2962 c'crz'vains
1676 2935 1768 2962 dela

129 2978 346 3013 Compagnie
366 2979 408 3005 de
422 2978 539 3013 Je'sus.
