2028 3328
181 188 253 226 652
703 190 929 228 LirrERAE
949 199 1308 234 QUADRIMESTRssS

836 638 1169 691 CDXXVII

256 875 519 912 Franciscus
540 874 803 922 Stephanus,

303 938 374 976 Ex
391 939 713 977 commissione
736 939 878 976 Patris
898 938 1079 975 Antonii
1102 937 1259 981 Vinck,

352 1005 468 1042 Patri
487 1005 657 1052 Ignatio
677 1004 730 1041 de
750 1004 936 1051 Loyola.

395 1070 613 1115 Messana,
638 1071 680 1106 17
700 1068 973 1117 Septembris
997 1069 1088 1106 1555
1108 1069 1131 1104 ¹.

961 1225 1062 1302 iiis

261 1423 328 1464 Ne
350 1424 494 1463 multa
516 1434 634 1474 quae
669 1423 788 1463 alias
811 1423 936 1463 dicta
973 1428 1097 1473 sunt,
1134 1421 1236 1462 R.<¹e
1262 1422 1309 1462 in
1344 1422 1530 1463 Christo
1566 1422 1721 1473 Pater,
1752 1423 1829 1463 hic

181 1500 468 1545 repetantur,
494 1495 532 1534 si
549 1495 660 1545 quid
681 1494 912 1534 habemus
933 1495 1045 1534 noui
1077 1493 1200 1546 quod
1222 1492 1270 1534 P.
1301 1493 1354 1534 T.
1392 1505 1486 1534 non
1508 1494 1759 1546 acceperit,
1783 1494 1830 1534 id

181 1577 320 1615 nunc,
344 1577 483 1617 quam
504 1565 601 1605 fieri
624 1577 734 1617 poss
749 1567 783 1606 it
804 1565 1098 1615 breuissime,
1122 1564 1370 1606 dicendum
1392 1571 1476 1605 est.

261 1636 434 1677 Montis
455 1637 612 1688 (quem
635 1638 779 1688 vulgo
796 1636 997 1688 pietatis
1018 1637 1194 1685 dicunt)
1224 1636 1430 1676 habuisti
1464 1648 1523 1677 ex
1538 1637 1713 1677 nostris
1732 1637 1826 1677 lite-

180 1708 245 1748 ris
266 1709 477 1759 proxime
499 1708 686 1760 scriptis
708 1709 848 1749 rudia
887 1709 1118 1760 quaedam
1144 1708 1277 1748 initia
1314 1720 1368 1748 ac
1403 1708 1549 1748 veluti
1582 1708 1829 1749 informem

181 1779 394 1820 formam.
419 1779 567 1831 Nunc,
607 1779 801 1820 Domini
820 1780 1052 1831 imprimis
1073 1779 1380 1830 benignitate,
1406 1791 1517 1819 mox
1537 1779 1591 1820 R.
1622 1779 1673 1819 P.
1692 1779 1828 1820 Prae-

179 1850 317 1901 positi
338 1850 351 1869 ²
373 1862 485 1891 cura
507 1858 549 1891 et
572 1851 695 1903 apud
716 1851 971 1902 Proregem
991 1851 1222 1902 huiusque
1244 1850 1449 1891 ciuitatis
1471 1850 1721 1902 primarios
1761 1850 1830 1891 di-

181 1921 390 1972 ligentia,
421 1930 613 1974 coeptus
634 1923 673 1962 is
694 1929 763 1963 est
785 1930 829 1963 et
846 1923 1103 1973 institutus;
1135 1922 1210 1961 hic
1230 1928 1357 1962 certe
1393 1933 1527 1962 mons
1564 1928 1632 1962 est
1666 1922 1715 1961 z'n
1739 1933 1828 1973 quo

185 1993 522 2044 beneplacitum
545 1998 615 2034 est
640 1994 847 2034 Domino
869 1993 1084 2034 habitare
1104 1993 1153 2033 z'n
1174 2004 1225 2033 eo
1249 1991 1277 2042 ⁵,
1301 1993 1348 2032 in
1369 2004 1461 2044 quo
1483 1993 1623 2033 etiam
1641 1992 1708 2043 (vt
1730 2005 1829 2044 spe-

182 2065 356 2115 ramus)
380 2065 609 2105 habitabit
632 2066 678 2105 in
699 2066 910 2105 seculum
944 2064 1105 2105 seculi:
1142 2065 1232 2104 hoc
1269 2075 1385 2115 opus
1415 2064 1617 2116 pietatis,
1654 2069 1705 2104 vt
1726 2063 1828 2104 Deo

182 2136 559 2187 acceptissimum
576 2137 824 2187 credimus,
844 2136 907 2176 ita
922 2136 981 2176 ad
998 2136 1249 2176 multorum
1266 2135 1604 2175 subleuandam
1620 2135 1828 2187 inopiam

182 2206 487 2247 Vtilissimum
512 2208 611 2247 fore
633 2219 727 2247 non
750 2207 1007 2248 dubitatur.

264 2277 479 2318 Accessit
500 2279 607 2318 huic
630 2279 706 2330 pio
729 2278 861 2329 operi
891 2279 979 2318 hoc
1000 2289 1160 2318 mense
1199 2277 1406 2329 Augusti
1441 2277 1567 2317 aliud
1594 2276 1830 2328 quoddam

184 2359 277 2387 non
298 2350 451 2389 minus
473 2349 617 2400 pium,
642 2349 784 2401 quod,
809 2357 861 2389 vt
883 2360 1073 2399 nouum,
1098 2349 1163 2389 ita
1184 2361 1308 2389 nouo
1328 2350 1578 2389 uoluerunt
1601 2349 1830 2400 appellari

184 2419 429 2470 uocabulo,
461 2420 722 2460 Concilium
758 2420 1014 2461 charitatis
1034 2432 1117 2460 seu
1149 2419 1366 2470 officium,
1402 2420 1482 2459 vbi
1514 2419 1628 2460 nihil
1648 2430 1826 2470 eorum,

184 2500 302 2540 quae
324 2491 382 2530 ad
403 2491 624 2542 pietatem
643 2492 893 2543 pertinent,
917 2491 1161 2532 omittitur.
1185 2490 1480 2532 Sanctissimi
1502 2490 1637 2530 huius
1666 2490 1824 2541 operis

186 2571 323 2611 quem
340 2562 588 2602 credamus
606 2570 849 2603 auctorem
866 2563 1024 2612 alium,
1039 2562 1129 2602 nisi
1144 2561 1296 2602 Deum
1309 2561 1535 2613 optimum
1551 2561 1830 2601 maximum?

188 2630 278 2671 Sed
299 2637 470 2683 tamen,
493 2639 544 2673 vt
567 2645 625 2673 ex
648 2634 928 2684 hominibus,
952 2633 1103 2675 voluit
1125 2644 1308 2673 summa
1342 2632 1528 2672 bonitas
1563 2638 1613 2671 vt
1642 2631 1688 2671 id
1711 2631 1830 2671 eius·

188 2701 292 2741 dem
324 2701 377 2743 R.
412 2703 460 2743 P.
493 2703 751 2755 Praepositi
782 2716 926 2755 opera
954 2704 1099 2744 fieret.
1137 2703 1179 2744 Is
1209 2704 1380 2755 itaque,
1419 2703 1674 2754 spiritualis
1704 2714 1828 2743 com·

187 2772 313 2812 modi
341 2774 597 2824 studiosus,
628 2774 897 2826 frequenter
920 2774 979 2814 ad
1001 2774 1254 2825 Proregem
1275 2773 1526 2825 profectus,
1552 2784 1693 2825 saepe
1717 2784 1823 2813 cum

249 2910 259 2929 ¹
299 2909 550 2944 Autographae
564 2910 598 2937 in
614 2910 694 2937 folio
708 2910 818 2942 unico,
835 2918 865 2937 n.
881 2910 943 2937 223.

243 2957 257 2975 2
295 2956 541 2991 Intelligendus
558 2958 695 2984 videtur
712 2957 938 2985 provincialis
953 2956 1186 2992 Praepositus,
1206 2957 1311 2984 Pater
1326 2956 1556 2992 Hieronymus
1569 2956 1775 2984 Domeneeh.

240 3004 254 3024 ⁵
297 3004 352 3031 Ps.
368 3011 498 3038 Lxxvu,
514 3005 557 3031 17.
