2028 3328
884 162 968 200 AN.
999 161 1091 199 1555
1744 162 1816 198 013

887 615 1101 670 GDXX

242 849 453 887 Nicolaus
474 850 704 896 BeIIefiIIe,

289 914 360 951 Ex
378 915 700 952 commissione
721 915 865 953 Patris
887 915 1113 953 Paschasii
1139 915 1290 959 Bro'et‚

338 981 460 1017 Patri
478 980 649 1027 Ignatio
669 980 722 1018 de
740 981 924 1028 Loyola.

385 1045 578 1091 Parisiis,
599 1045 622 1082 2
641 1046 914 1093 Septembris
933 1046 1024 1084 1555
1044 1048 1067 1081 ¹.

917 1185 1053 1238 Jesus

248 1328 412 1368 Gratia
430 1334 473 1367 et
494 1339 588 1379 pax
616 1328 805 1368 Domini
832 1329 981 1369 nostri
1009 1329 1119 1382 Jesu
1149 1329 1325 1370 Christi
1356 1341 1460 1370 cum
1489 1329 1702 1370 omnibus
1722 1341 1801 1369 no-

169 1398 252 1438 bis.
273 1398 445 1439 Amen.

244 1470 293 1510 In
315 1471 400 1518 his,
425 1483 544 1522 quae
574 1472 701 1511 breui
721 1471 996 1523 compendio
1014 1472 1226 1512 enarrari
1243 1478 1439 1524 possunt
1456 1471 1800 1523 (obseruandis-

164 1542 277 1581 sime
299 1541 452 1592 Pater)
475 1543 641 1591 longas
659 1550 909 1583 contexere
927 1543 1163 1583 orationes
1183 1554 1590 1595 superuacaneum
1612 1543 1799 1584 omnino

163 1612 416 1664 videretur,
440 1613 563 1665 apud
584 1625 665 1654 eos
687 1614 995 1665 potissimum,
1020 1625 1218 1666 quorum
1239 1622 1505 1666 promptam
1532 1615 1708 1665 ingenii
1728 1627 1801 1655 so-

163 1684 346 1723 lertiam
366 1684 636 1725 laconismis
666 1685 889 1725 delectari
930 1691 1221 1736 compertum
1251 1692 1335 1725 est.
1372 1685 1669 1737 Quapropter
1696 1698 1799 1738 pro-

163 1765 355 1804 gressus
375 1761 565 1795 nostros
588 1756 954 1807 quadrimestres
986 1756 1269 1804 summatim,
1295 1763 1522 1807 quantum
1551 1756 1651 1796 fieri
1672 1763 1799 1808 pote-

163 1826 222 1865 rit
241 1825 531 1876 breuissime,
569 1827 957 1878 perstringemus,
993 1838 1048 1867 ea
1079 1827 1169 1867 leui
1195 1827 1312 1878 pede
1346 1833 1796 1878 praetercurrentes,

160 1908 279 1947 quae
300 1898 539 1937 molestias
560 1898 714 1949 potius
735 1899 952 1948 ingerere
979 1909 1132 1949 posse,
1164 1909 1304 1949 quam
1329 1899 1620 1950 voluptatem
1647 1900 1795 1951 suspi-

160 1978 335 2017 camur,
359 1968 574 2019 quamuis
591 1969 631 2009 si
651 1976 876 2020 perpetuo
914 1975 959 2009 et
980 1970 1027 2009 in
1062 1969 1291 2020 omnibus,
1329 1977 1379 2009 Vt
1415 1976 1631 2010 strenuos
1660 1970 1794 2011 decet

159 2037 333 2078 Christi
352 2039 537 2090 milites,
563 2040 769 2080 animum
790 2040 1088 2080 intendamus
1111 2041 1170 2080 ad
1201 2040 1531 2092 Coryphaeum
1561 2047 1605 2081 et
1633 2041 1794 2082 autho-

159 2121 257 2150 rem
278 2117 505 2161 nostrum,
530 2111 662 2151 cuius
684 2112 871 2152 nomine
907 2112 1081 2152 arduos
1117 2113 1272 2152 subire
1300 2112 1486 2152 labores
1519 2118 1565 2168 et
1594 2112 1795 2153 aduersa

91 2229 99 2235 ..
157 2193 306 2233 aequo
328 2182 484 2222 animo
515 2183 717 2223 tolerare
746 2189 815 2222 est
841 2183 1233 2234 gloriosissimum
1265 2190 1309 2223 et
1330 2184 1706 2224 immarcessibili
1731 2183 1795 2224 di-

159 2263 303 2302 gnum
323 2264 514 2303 corona,
539 2253 653 2293 nihil
675 2265 769 2294 non
787 2253 1178 2305 jucundissimum
1211 2260 1256 2294 et
1292 2254 1444 2294 obuiis
1479 2255 1600 2294 vlnis
1622 2255 1793 2307 ample—

158 2322 364 2364 xandum
385 2323 517 2364 nobis
535 2324 753 2365 obortum
788 2336 890 2365 esse
926 2325 1151 2377 conqueri
1177 2325 1448 2376 poterimus.
1487 2324 1609 2376 Quin
1638 2325 1795 2377 potius

157 2406 262 2435 cum
283 2394 428 2434 Paulo
463 2401 507 2435 et
545 2395 860 2436 exultabimus
900 2403 945 2436 et
983 2396 1290 2447 gloriabimur
1329 2396 1375 2436 in
1416 2396 1793 2437 tribulationibus

155 2465 343 2515 nostris,
367 2477 565 2517 quarum
587 2467 855 2507 meminisse
877 2467 988 2507 olim
1003 2479 1099 2507 non
1116 2467 1415 2507 mediocriter
1432 2467 1626 2518 iuuabit;
1649 2473 1792 2520 vtque

153 2543 249 2577 tam
269 2536 520 2587 plurimum
541 2548 627 2577 nos
648 2537 927 2588 exhilarent,
951 2545 1165 2578 recreent
1186 2545 1231 2578 et
1264 2539 1579 2589 consolentur,
1617 2538 1692 2579 cui
1707 2539 1790 2590 igi-

152 2614 228 2648 tur
247 2607 364 2647 haec
387 2608 548 2648 audire
569 2609 816 2649 molestum
837 2608 944 2649 erit?
978 2608 1096 2650 Cum
1129 2620 1215 2649 suo
1248 2609 1390 2649 etiam
1415 2608 1571 2650 fructu
1599 2621 1694 2650 non
1715 2622 1789 2650 ca-

151 2684 298 2728 reant,
323 2678 406 2718 sed
439 2685 663 2730 tanquam
684 2680 840 2731 palma
863 2691 983 2731 quae
1014 2679 1144 2720 oneri
1174 2680 1480 2720 succumbere
1510 2680 1673 2731 nescit,
1698 2693 1789 2733 quo

151 2750 303 2800 magis
335 2750 635 2801 opprimitur,
673 2750 996 2791 vehementius
1031 2751 1078 2791 in
1109 2751 1255 2791 altum
1288 2750 1541 2802 contendit.
1581 2750 1787 2792 Virescit

148 2832 349 2872 namque
372 2821 566 2860 vulnere
587 2821 753 2871 virtus,
774 2827 818 2862 et
840 2833 930 2874 quo
943 2821 1319 2862 vehementiores
1336 2822 1784 2864 suntcontradictio-

203 2983 211 3002 ¹
252 2983 512 3018 Autographae,
528 2986 622 3010 totae
638 2990 738 3010 manu
756 2982 899 3018 Nicolai‚
914 2983 1041 3018 duplici
1053 2984 1086 3011 in
1101 2984 1192 3018 folio,
1209 2991 1266 3011 nn.
1284 2983 1337 3010 324
1352 2987 1385 3010 et
1400 2983 1462 3012 325.
