2028 3328
832 80 914 116 ΑΝ.
945 79 1037 116 1555
1689 79 1763 117 335

127 178 184 218 ob
207 178 448 218 daemonis
468 184 749 229 potestatem
770 187 852 228 per
874 176 1013 216 aliam
1031 176 1158 216 uiam
1174 176 1473 227 dilaberetur,
1500 176 1628 216 missi
1650 183 1759 217 sunt

124 249 266 289 etiam
288 250 366 289 alii
386 249 411 288 6
432 249 542 299 bini,
567 249 644 300 qui
665 248 724 288 ad
745 247 935 287 ianuam
963 247 1136 298 oppidi,
1168 247 1214 286 in
1248 247 1399 287 medio
1431 247 1610 296 itinere,
1646 254 1689 288 et
1711 248 1758 287 in

127 321 230 360 loco
259 320 318 360 ad
346 320 706 371 exequutionem
735 324 830 358 tam
865 317 1110 358 insolentis
1132 317 1373 357 discursus
1405 318 1653 369 destinato,
1678 330 1758 358 eas

126 392 527 443 praestolarentur
548 390 727 442 paratis
748 389 807 430 ad
828 389 874 429 id
909 388 1226 429 concionibus.
1263 388 1513 428 Caeterum
1541 401 1759 439 praesen-

126 463 292 503 tientes
315 462 699 503 concionatorem
720 459 840 501 velle
1275 460 1282 476 ¹
1306 459 1546 510 impedire,
1572 460 1645 499 uel
1666 472 1761 499 non

126 534 387 584 exiuerunt‚
412 534 486 573 uel
507 544 727 584 egressae
749 531 856 581 iam,
881 529 1072 570 domum
1101 530 1324 570 confusae
1355 530 1608 570 redierunt.
1641 530 1758 571 Eua-

125 610 286 645 serunt
316 611 473 644 tamen
499 615 582 656 per
611 603 751 643 aliam
772 601 899 642 viam
921 601 1270 641 concionatoris
1293 613 1461 641 manus
1490 602 1756 653 nonnullae,

127 688 243 727 quas
270 687 356 716 nos
387 675 447 715 ad
473 681 660 727 portum
686 672 1087 725 deprehendentes
1115 672 1281 712 saltem
1309 671 1547 712 effecimus
1579 678 1628 712 ut
1656 684 1758 724 pro—

127 747 363 787 mitterent
393 746 506 786 nihil
528 757 578 786 se
598 744 871 785 indecorum
898 748 978 783 aut
1009 743 1232 783 indecens
1260 743 1610 793 commissuraS,
1636 744 1759 795 quod

125 817 342 858 effectum
357 823 442 864 est,
467 828 560 856 non
582 817 682 856 sine
698 815 976 856 intuentium
998 814 1326 854 admiratione.

206 888 337 929 Multi
358 888 499 928 etiam
521 892 765 939 apostatae
786 885 846 926 ad
862 885 1178 926 intermissam
1196 885 1383 925 uiuendi
1399 885 1633 926 rationem
1651 892 1757 936 post

127 959 487 1011 exequutionem
530 957 751 998 salutaris
788 956 1104 1008 poenitentiae
1144 962 1252 996 sunt
1293 957 1487 997 reuersi.
1536 956 1758 998 Nonnulli

127 1032 282 1081 etiam,
303 1042 361 1071 ex
378 1030 537 1070 mundi
553 1029 758 1069 tenebris
775 1028 927 1079 soluti,
945 1027 1122 1068 relictis
1140 1027 1370 1077 omnibUS,
1391 1039 1440 1068 se
1463 1033 1584 1068 totos
1602 1028 1648 1068 in
1670 1028 1759 1068 Dei

126 1102 401 1153 obsequium
423 1106 773 1142 consecrarunt.
798 1099 870 1139 Ex
891 1099 1130 1139 exercitiis
1151 1098 1472 1150 spiritualibus
1496 1111 1588 1139 non
1618 1100 1759 1151 pauci

125 1180 231 1213 sunt
251 1173 299 1213 in
320 1173 409 1212 hac
431 1180 596 1212 sancta
618 1171 770 1212 Domo
792 1171 852 1211 ad
868 1169 1204 1222 perfectionem
1227 1170 1555 1221 euangelicam
1573 1182 1758 1222 promo-

125 1245 173 1296 ti,
197 1256 256 1285 ex
278 1244 445 1296 quibus
465 1254 611 1295 nuper
634 1249 728 1283 tres
748 1254 797 1282 se
818 1241 1041 1282 Societati
1064 1241 1395 1291 adiunxerunt‚
1427 1248 1615 1293 praeter
1637 1243 1759 1282 alios

123 1315 343 1367 quinque,
367 1326 485 1366 quos
507 1313 561 1354 R.
585 1314 636 1354 T.
661 1313 925 1354 Paternitas
947 1312 994 1352 in
1020 1311 1220 1353 fratrum
1243 1312 1537 1352 consortium
1559 1312 1757 1364 dignata

126 1392 197 1427 est
225 1391 466 1437 cooptare.

203 1456 335 1497 Haec
356 1463 479 1505 sunt,
503 1455 557 1495 R.
581 1455 647 1503 R,
673 1466 791 1508 quae
813 1455 970 1495 diuina
1000 1454 1201 1504 bonitas,
1225 1465 1308 1506 per
1330 1466 1416 1494 nos
1445 1454 1630 1495 inutiles
1653 1462 1758 1496 tuos

125 1527 260 1579 filios,
283 1527 374 1568 hoc
395 1526 727 1579 quadrimestri
748 1525 942 1578 dignata
964 1532 1033 1566 est
1061 1525 1249 1577 operari
1276 1525 1324 1565 in
1352 1525 1441 1565 hac
1472 1537 1595 1567 noua
1619 1526 1758 1567 uinea

125 1599 342 1640 coelestis
373 1599 627 1650 agricolae,
660 1609 779 1650 quae
809 1598 990 1638 maiora
1016 1597 1238 1648 fuissent,
1264 1596 1302 1636 si
1324 1595 1756 1639 abundantissimus

123 1670 328 1711 influxus
365 1669 582 1710 coelestis
611 1669 793 1720 gratiae
831 1669 1250 1709 instrumentorum
1287 1667 1468 1709 uilitate
1504 1668 1756 1720 impeditus

121 1752 216 1781 non
236 1741 413 1782 fuisset.
439 1739 694 1792 Speramus
714 1740 837 1780 enim
858 1740 1125 1780 orationum
1155 1746 1344 1779 tuarum
1365 1739 1602 1790 praesidio
1625 1752 1652 1779 a
1673 1751 1756 1780 no-

125 1812 194 1852 bis
214 1811 457 1852 uberiores
475 1810 657 1851 fructus
678 1811 725 1851 in
745 1819 987 1864 posterum
1015 1816 1345 1862 prouenturos.
1369 1809 1506 1861 Vale,
1541 1810 1681 1853 Pater
1708 1811 1765 1856 in,

123 1882 208 1924 X.⁰
229 1882 670 1924 obseruandissime.

204 1953 382 1995 Datum
402 1953 576 2003 Loreti,
599 1952 625 1993 8
651 1953 754 1995 idus
775 1952 953 2006 Aprilis
978 1953 1096 1993 1555.

496 2023 570 2065 Ex
591 2024 918 2065 commissione
937 2023 992 2065 R.
1017 2023 1066 2064 P.
1090 2022 1323 2064 Rectoris.

661 2095 788 2136 Tuus
808 2095 1029 2147 indignus
1049 2095 1096 2135 in
1118 2094 1240 2147 Xpo.
1264 2093 1399 2145 filius,

1108 2235 1341 2280 RAPHAeL
1371 2238 1541 2279 RmRA.

179 2398 188 2417 ¹
228 2397 292 2426 Hic
310 2401 387 2426 sunt
403 2397 467 2426 duo
485 2399 602 2434 verba,
619 2406 705 2435 quae
720 2399 842 2427 charta
858 2400 986 2428 detrita
1004 2401 1118 2435 legere
1135 2408 1199 2428 non
1215 2401 1396 2435 permittit.
