2028 3328
861 80 945 116 AN.
977 80 1068 117 1555
1724 81 1797 117 265

154 182 370 216 nostrum
391 176 740 228 adscripsimus.
778 177 954 216 Eorum
981 176 1071 216 duo
1099 182 1206 216 sunt
1234 176 1433 228 hispani,
1464 178 1632 217 tertius
1655 178 1794 217 italus

157 252 203 286 et
230 246 518 288 florentinus:
556 259 716 288 omnes
750 254 908 287 autem
942 247 1134 288 nobiles:
1175 259 1294 287 unus
1331 247 1455 287 enim
1489 248 1795 299 hispanorum

158 319 328 369 equitis
350 319 526 359 honore
548 319 875 369 decorabatur,
901 320 1020 359 alter
1041 324 1111 358 est
1132 318 1180 358 P.
1204 319 1370 371 Jacobi
1392 330 1553 370 nepos:
1587 320 1724 359 ambo
1749 320 1794 359 in

158 389 331 440 pietate
366 396 410 430 et
441 390 710 430 christianis
746 390 996 430 uirtutibus
1024 390 1169 441 probe
1191 390 1404 430 instituti.
1431 390 1631 440 Tertius,
1658 402 1794 441 quem

159 460 323 500 italum
357 467 402 500 et
436 461 732 502 florentinum
767 461 884 511 dixi,
922 461 980 501 ad
1014 461 1254 501 Pratensis
1288 460 1797 512 Archipresbyteratus

158 532 436 582 dignitatem
464 539 671 584 euectus,
704 539 834 573 tanto
868 533 1005 584 plane
1033 533 1229 582 muneri,
1256 538 1300 572 et
1332 532 1567 583 religiosis
1590 533 1798 572 moribus

157 609 202 642 et
224 603 348 642 uitae
369 604 602 654 probitate
623 603 888 656 respondet.
913 603 1114 654 Quidam
1149 604 1289 644 etiam
1325 604 1599 644 adolescens
1633 604 1796 644 floren-

157 673 297 723 tinus,
317 675 461 714 nobili
480 687 503 714 e
520 675 697 715 familia
715 681 859 727 ortus,
880 675 1185 716 Cortonensis
1202 676 1425 727 Episcopi
1442 687 1604 727 ηεροδ,
1630 676 1677 715 in
1698 675 1798 715 lati-

157 745 229 784 nis
264 745 412 784 literis
447 746 561 785 satis
595 752 850 798 promotus,
886 747 1074 798 graecis
1110 747 1252 787 etiam
1287 747 1507 797 imbutus,
1542 747 1800 786 modestiae

159 815 427 867 singularis,
452 828 508 856 ac
529 818 722 858 maioris
744 818 864 858 inter
885 818 1090 870 reliquos
1112 824 1301 858 nostros
1318 817 1575 870 discipulos
1594 818 1801 870 probita-

158 887 232 937 tis,
258 899 433 927 annum
455 900 569 928 vero
593 888 685 930 XV
714 894 866 941 natus,
891 900 1065 940 magno
1102 890 1300 942 denique
1336 889 1572 930 seruiendi
1600 890 1700 929 Deo
1723 890 1800 930 fla-

158 969 304 1009 grans
327 959 572 1010 desiderio,
597 961 720 1001 hanc
741 960 1024 1002 Societatem
1044 961 1230 1012 ingredi
1252 961 1331 1001 diu
1360 963 1650 1012 multumque
1673 968 1802 1012 opta-

158 1030 246 1080 uit;
280 1030 418 1081 idque
450 1038 546 1070 tam
568 1031 778 1072 modeste
805 1038 993 1084 tamque
1014 1032 1249 1072 humiliter
1277 1033 1488 1084 rogauit,
1521 1038 1571 1072 ut
1592 1044 1686 1072 non
1709 1032 1800 1072 alio

160 1112 299 1152 quam
327 1101 486 1142 diuino
514 1103 737 1144 instinctu
764 1109 918 1144 motus
945 1103 1145 1144 iudicari
1172 1110 1345 1155 posset.
1375 1103 1467 1145 Sed
1493 1104 1585 1155 hic,
1616 1116 1643 1144 a
1664 1104 1802 1144 nobis

158 1172 341 1212 admitti
363 1174 461 1213 sine
484 1180 731 1225 parentum
753 1186 945 1215 suorum
966 1175 1207 1215 uoluntate
1229 1187 1322 1215 non
1355 1187 1494 1227 posse
1505 1175 1801 1225 admonitus,

159 1244 416 1295 desperans
443 1252 598 1285 autem
619 1245 887 1286 huiusmodi
908 1258 957 1286 se
978 1247 1166 1287 ueniam
1188 1259 1215 1287 a
1236 1259 1321 1287 sua
1344 1253 1494 1288 matre
1528 1248 1804 1299 impetratu-

159 1327 279 1366 rum,
305 1316 442 1367 clam,
466 1317 580 1356 nulli
600 1328 793 1357 suorum
814 1324 977 1358 sancto
999 1318 1267 1369 significato
1290 1319 1500 1369 consilio,
1527 1331 1585 1358 ne
1607 1330 1656 1358 se
1678 1319 1804 1358 uide-

160 1387 268 1426 licet
291 1386 578 1427 domesticus
594 1388 917 1440 insequeretur
938 1390 1101 1441 hostiS,
1126 1391 1248 1430 clam
1264 1390 1456 1442 inquam
1477 1390 1587 1430 hinc
1605 1390 1803 1431 discedit

161 1457 445 1498 fortissimus
468 1458 642 1499 Christi
662 1460 809 1511 miles;
832 1461 941 1501 licet
963 1461 1205 1512 delicatus,
1238 1462 1345 1502 licet
1374 1463 1586 1512 tenellus,
1610 1462 1719 1502 licet
1740 1468 1806 1501 te-

163 1529 242 1569 nui
263 1529 340 1569 filo
364 1536 603 1581 consutus,
630 1536 786 1571 tamen
818 1533 974 1572 animo
1000 1532 1301 1584 fortissimus,
1334 1534 1461 1574 uiam
1488 1534 1615 1574 solus
1637 1544 1805 1585 aggre-

162 1599 300 1651 ditur,
325 1613 466 1652 quam
493 1613 733 1653 nunquam
754 1609 892 1644 antea
921 1610 1134 1656 nouerat,
1159 1604 1242 1645 sed
1276 1617 1417 1656 quam
1444 1610 1574 1645 certo
1597 1605 1656 1645 ad
1677 1604 1806 1645 Chri-

162 1677 285 1712 stum
306 1672 477 1712 ducere
495 1673 686 1723 sciebat,
706 1685 903 1726 eumque
920 1675 967 1715 in
984 1676 1124 1716 corde
1140 1676 1357 1727 habebat,
1378 1677 1456 1728 qui
1474 1677 1626 1728 ipsum
1648 1676 1806 1716 omnia

161 1741 376 1793 docebat,
401 1743 448 1783 in
469 1755 559 1795 quo
582 1745 739 1785 omnia
757 1746 856 1797 ip'se
876 1752 1074 1798 poterat,
1091 1754 1136 1787 et
1163 1760 1189 1787 a
1212 1759 1302 1799 quo
1323 1748 1460 1789 unice
1482 1749 1804 1789 recreabatur.

167 1813 361 1854 Romam
380 1814 524 1866 igitur
540 1816 688 1867 petiit,
712 1822 761 1856 ut
779 1815 920 1868 (quod
936 1818 1035 1869 ipse
1052 1818 1311 1870 flagranter
1333 1819 1647 1870 desiderabat)
1665 1819 1807 1859 isthic

162 1897 190 1925 a
210 1886 262 1926 T.
287 1885 341 1926 R.
367 1886 416 1926 P.
452 1886 758 1938 reciperetur.
793 1887 1092 1941 Quapropter
1113 1889 1240 1931 haud
1268 1891 1467 1942 exiguus
1498 1891 1545 1931 in
1572 1891 1662 1931 hac
1690 1891 1807 1930 vrbe

164 1969 328 1998 rumor
350 1969 405 1997 ac
432 1958 659 1998 tumultus
690 1959 796 1999 inde
824 1966 1014 2000 secutus
1043 1966 1128 2001 est:
1158 1973 1296 2013 quem
1327 1968 1485 2003 tamen
1512 1962 1718 2003 Ducissa
1740 1962 1807 2013 (ut

163 2029 360 2079 uocant)
392 2039 566 2079 magna
598 2041 657 2069 ex
687 2037 820 2081 parte
857 2031 1064 2073 sedauit:
1103 2039 1172 2073 est
1209 2034 1333 2074 enim
1367 2034 1414 2074 in
1450 2034 1614 2085 primis
1645 2033 1808 2074 admo-

162 2100 272 2139 dum
301 2099 377 2151 pia
407 2106 453 2139 et
487 2100 726 2151 religiosa,
760 2107 859 2142 tum
888 2102 1025 2143 huius
1056 2102 1308 2144 Societatis
1331 2105 1557 2155 studiosa,
1582 2105 1716 2161 cuius
1740 2104 1807 2144 rei

162 2170 280 2210 haec
300 2177 407 2211 sunt
431 2178 726 2223 argumenta,
752 2173 877 2225 quod
911 2174 1011 2215 eius
1047 2174 1299 2216 Societatis
1329 2177 1598 2227 cognitione
1632 2182 1677 2216 et
1698 2188 1808 2216 con-

162 2240 409 2281 suetudine
425 2253 474 2281 se
487 2242 684 2282 multum
695 2243 743 2283 in
761 2243 932 2295 pietate
947 2245 1120 2286 fatetur
1133 2246 1406 2298 profecisse;
1426 2247 1652 2299 quodR.m
1666 2247 1715 2288 P.
1732 2247 1808 2301 Ja-

163 2313 347 2364 cobum‚
372 2324 509 2364 quem
543 2313 749 2354 maxima
777 2317 1041 2357 reuerentia
1064 2318 1174 2358 colit
1202 2324 1246 2358 et
1276 2319 1510 2370 obseruat‚
1536 2320 1583 2359 in
1604 2319 1662 2360 D.
1687 2319 1810 2360 Lau-

161 2384 301 2424 rentii
323 2383 515 2424 aedibus
537 2384 626 2424 hac
646 2385 1010 2438 quadragesima
1028 2389 1302 2430 concionari
1322 2391 1537 2442 uoluerit,
1556 2391 1666 2431 licet
1687 2391 1809 2431 alius

167 2455 261 2494 iam
279 2455 339 2495 ad
360 2455 406 2495 id
428 2461 551 2495 esset
573 2456 870 2497 constitutus.
899 2458 983 2499 Est
1016 2466 1174 2500 autem
1204 2460 1316 2501 illud
1344 2461 1569 2513 templum
1596 2461 1807 2514 magnifi-

168 2538 289 2577 cum,
306 2526 674 2577 celeberrimum,
687 2533 826 2579 atque
843 2529 901 2569 ab
914 2529 1016 2581 ipsa
1030 2530 1322 2572 Medicorum
1342 2531 1350 2551 ¹
1367 2532 1546 2573 familia
1561 2533 1675 2574 inD.
1687 2533 1810 2574 Lau-

165 2597 306 2637 rentii
326 2608 496 2637 nomen
514 2597 616 2637 Deo
639 2598 816 2649 optimo
837 2600 1043 2641 maximo
1065 2602 1285 2653 dicatum,
1311 2603 1435 2655 quod
1455 2604 1645 2645 domum
1665 2604 1806 2655 hane,

164 2680 308 2720 quam
333 2668 671 2718 inhabitamus,
704 2670 991 2722 amplificare
1024 2674 1245 2725 coeperit,
1276 2675 1413 2716 iactis
1441 2675 1585 2716 futuri
1607 2676 1808 2717 aedificii

222 2900 232 2920 ¹
272 2900 503 2936 Frequentius
517 2902 645 2930 dicitur
659 2903 912 2940 Mediceorum‚
932 2906 975 2934 de
990 2906 1150 2935 Medicis.
