2028 3328
178 111 249 147 392
684 113 913 152 LITTERAE
943 127 1302 159 QUADRIMEsTREs

798 561 1212 616 CCCLXXIH

256 791 476 838 Josephus
493 791 545 828 de
567 791 736 827 Acosta

305 855 426 893 Patri
445 856 615 903 Ignatio
635 855 688 892 de
710 855 896 901 Loyola.

400 921 653 968 Methymna
673 921 842 967 Campi,
863 919 910 957 28
928 919 1097 966 Aprilis
1119 919 1210 956 1555
1226 919 1251 955 ¹.

1003 1092 1023 1124 †

964 1128 1062 1169 IHS

269 1273 535 1313 Admodum
556 1272 655 1313 R.<¹‘³
688 1272 733 1312 in
755 1272 941 1312 Christo
966 1271 1118 1311 Pater.

271 1345 437 1385 Gratia
459 1350 502 1385 et
523 1356 617 1396 pax
633 1344 804 1385 Christi
823 1343 935 1396 Jesu
957 1343 1078 1383 adsit
1100 1354 1284 1394 semper
1306 1341 1585 1382 Paternitati
1608 1348 1730 1381 tuae.

270 1417 339 1457 Ex
374 1417 445 1465 iis,
485 1427 603 1468 quae
636 1416 739 1465 tibi,
777 1415 916 1455 Pater
956 1426 1183 1466 perquam
1222 1413 1538 1463 observande,
1581 1412 1829 1452 referenda

191 1489 403 1539 subeunt,
444 1499 585 1527 vnum
618 1486 729 1527 illud
765 1487 823 1526 ad
858 1486 959 1526 Deo
998 1487 1172 1538 optimo
1209 1486 1416 1526 maximo
1453 1484 1689 1536 agendum
1723 1494 1828 1534 gra-

189 1560 278 1599 tias
299 1559 549 1611 praecipue
570 1559 767 1598 incitare
789 1558 1027 1607 existimo,
1059 1569 1163 1597 cum
1199 1558 1432 1608 duplicem
1454 1557 1542 1596 hoc
1572 1556 1673 1607 ipso
1704 1566 1828 1594 anno

187 1630 439 1682 jubilaeum
460 1630 794 1670 Sanctissimus
829 1628 967 1669 Pater
997 1628 1010 1646 ²
1042 1628 1253 1679 ediderit}>
1290 1628 1579 1668 vberrimum
1610 1626 1716 1666 inde
1737 1626 1827 1666 fru-

193 1708 317 1742 ctum
339 1701 625 1741 redundasse
655 1701 844 1740 omnino
865 1700 1081 1740 innotuit.

272 1772 404 1812 Multi
426 1772 594 1824 quippe
616 1772 804 1812 domum
826 1772 947 1811 hanc
969 1778 1180 1811 nostram
1218 1771 1478 1811 confessuri
1509 1774 1754 1819 venerunt,
1779 1774 1823 1808 et

195 1855 306 1883 sane
328 1843 373 1894 ii,
411 1843 488 1894 qui
526 1843 698 1882 diutius
734 1843 850 1882 alias
887 1842 1098 1882 confiteri
1133 1842 1322 1882 minime
1360 1846 1720 1890 consueuerant3
1750 1839 1829 1879 alii

195 1915 334 1954 etiam
359 1914 451 1966 qui,
482 1914 839 1954 commissorum
869 1913 1158 1964 turpitudine
1181 1913 1368 1963 detenti,
1394 1924 1449 1953 ea
1483 1911 1607 1964 apud
1629 1923 1677 1951 se
1698 1910 1829 1951 fecis-

193 1992 294 2025 sent
314 1985 507 2037 reliqua.
531 1985 740 2025 Fuerunt
762 1991 1007 2036 praeterea
1038 1984 1303 2036 complures
1332 1985 1432 2036 qui,
1464 1983 1588 2035 apud
1615 1982 1831 2022 sacerdo-

194 2063 264 2097 tes
285 2056 402 2096 alios
423 2056 641 2103 confessi,
665 2068 757 2096 non
779 2056 867 2096 sibi
895 2056 1189 2096 satisfactum
1213 2055 1269 2095 iri
1299 2061 1532 2107 putarent,
1565 2053 1652 2094 nisi
1675 2052 1826 2094 Socie-

195 2129 303 2168 tatis
338 2127 505 2179 aliquis
541 2138 674 2167 suam
709 2127 1052 2167 confessionem
1087 2126 1327 2167 audiisset.
1361 2126 1507 2177 Igitur
1542 2126 1599 2166 iis
1640 2124 1831 2164 omnino

194 2198 466 2239 satisfacere
484 2198 785 2238 vehementer
808 2198 1100 2238 elaboratum
1122 2204 1206 2238 est.
1234 2197 1301 2238 Ac
1323 2209 1436 2237 sane
1457 2197 1504 2236 in
1522 2207 1728 2246 carcere,
1756 2207 1833 2235 xe-

196 2269 455 2320 nodochiis,
479 2269 673 2321 pacibus
695 2276 738 2309 et
769 2269 1035 2309 foederibus
1071 2269 1300 2320 ineundiS,
1325 2268 1470 2308 obitui
1498 2268 1741 2319 proximos
1771 2266 1834 2306 iu-

198 2340 367 2390 uando,
392 2340 480 2391 piis
497 2340 694 2391 denique
713 2340 816 2380 aliis
838 2340 1078 2381 exercitiis
1099 2340 1382 2380 nostratium
1399 2351 1542 2391 opera
1561 2337 1837 2379 commodis-

200 2411 318 2450 sima
340 2423 523 2462 semper
553 2411 720 2451 extitit.

277 2481 559 2522 Eorumdem
581 2482 1031 2522 communicationes
1053 2489 1099 2522 et
1120 2482 1305 2534 priuata
1328 2481 1561 2532 colloquia
1582 2491 1688 2520 curn
1710 2478 1837 2530 apud

200 2552 378 2591 omneis
398 2553 647 2592 valuerunt
669 2553 934 2604 plurimum,
959 2559 1057 2593 tum
1078 2565 1192 2594 Vero
1215 2552 1339 2604 apud
1361 2551 1655 2592 sacerdotem
1682 2560 1839 2601 quem-

204 2622 344 2674 piam,
376 2623 469 2674 qui,
504 2623 620 2663 miro
652 2624 826 2663 talento
854 2624 1095 2675 praeditus
1130 2631 1174 2664 et
1206 2624 1265 2664 ab
1298 2622 1593 2663 incunabulis
1627 2622 1674 2662 in
1709 2621 1838 2660 curia

261 2781 272 2801 ¹
314 2781 367 2808 Ex
382 2782 507 2809 volum.
526 2782 605 2809 anni
622 2783 786 2816 1553-1554,
802 2785 1039 2819 autographae
1056 2785 1180 2818 duplici
1196 2784 1286 2817 folio¹
1303 2784 1411 2818 primo
1425 2791 1461 2810 n.
1476 2783 1540 2816 322,
1557 2783 1669 2810 altero
1680 2789 1763 2809 vero
1778 2789 1845 2808 non

210 2832 400 2855 numerato.

263 2874 277 2894 Ξ
316 2874 424 2908 Julius
445 2875 787 2911 111.—Jubilaeorum,
811 2878 850 2904 de
873 2879 992 2912 quibus
1016 2879 1070 2906 hic
1092 2883 1143 2906 est
1164 2886 1286 2912 sermo,
1309 2885 1394 2905 unus
1417 2882 1510 2905 certe
1525 2877 1588 2904 suit
1603 2877 1635 2904 in
1650 2875 1846 2910 gratiarum

210 2922 381 2949 actionem
395 2930 457 2956 pro
473 2923 622 2957 Angliae
640 2924 849 2960 reductione;
866 2925 906 2952 de
923 2927 1034 2953 altero
1049 2926 1134 2954 nihil
1146 2926 1279 2954 omnino
1295 2925 1380 2953 certi
1394 2925 1566 2953 affirmare
1581 2924 1754 2952 audemus.
