2028 3328
196 112 268 150 296
713 112 941 150 LITTERAE
960 122 1318 154 QUADRIMESTRES

203 208 375 250 siderio
399 210 707 250 confessionis
729 210 908 261 ardent,
933 216 983 250 ut
1018 219 1355 260 saepenumero
1377 207 1423 247 in
1460 208 1611 247 classe
1633 212 1828 256 certent,

203 281 306 332 quis
327 281 507 332 primus
529 281 587 321 ad
610 281 951 322 confessionem
973 281 1091 320 mitti
1113 280 1292 319 debeat.
1316 278 1527 329 Denique
1550 277 1639 317 illis
1657 277 1713 317 ob
1736 278 1831 317 ani-

202 351 265 391 mi
287 352 540 393 candorem
561 364 617 393 ac
647 353 899 404 puritatem
920 352 1127 392 maxima
1148 352 1250 390 laus
1271 349 1479 399 debetur,
1503 355 1642 400 atque
1663 360 1717 388 eo
1739 360 1833 388 ma-

201 423 275 473 gis
295 429 484 464 nostras
513 424 638 464 uires
660 430 948 475 conatusque
975 434 1062 462 nos
1090 432 1282 461 exerere
1311 420 1552 470 debemus,
1590 431 1681 471 quo
1711 419 1836 459 uide-

202 506 305 534 mus
328 507 490 535 eorum
511 496 691 536 animos
713 495 772 535 ad
792 496 1012 535 uirtutem
1039 492 1384 545 propensiores,

282 566 420 607 Faxit
441 565 592 615 Deus,
615 572 664 606 ut
684 577 772 606 nos
803 577 994 605 munere
1017 570 1157 616 atque
1178 563 1328 604 officio
1363 563 1496 603 nobis
1531 562 1739 602 iniuncto
1762 561 1835 602 de-

206 637 298 678 bite
318 638 586 687 fungamur,
610 643 654 677 et
674 637 740 677 illi
761 636 820 676 ad
841 635 1036 676 meliora
1064 640 1107 675 et
1128 635 1243 675 uiris
1266 633 1535 674 christianis
1557 633 1699 684 digna
1720 644 1835 672 sem-

205 720 289 760 per
311 709 541 760 aspirent:
565 720 684 760 quae
706 707 861 747 omnia
884 719 910 746 a
931 706 1032 747 Deo
1055 705 1159 758 Opt.
1183 706 1308 746 Max.
1335 705 1606 745 obtenturos
1626 715 1712 744 nos
1735 715 1838 744 esse

208 779 499 830 confidimus,
523 779 562 819 si
582 778 635 818 R.
660 779 709 819 Ρ.
733 778 862 818 Tuae
878 778 1095 830 precibus
1113 783 1157 817 et
1175 776 1433 826 sacrificiis,
1455 781 1839 826 caeterorumque

207 850 399 891 Patrum
422 858 466 891 et
487 851 685 891 fratrum
703 850 764 890 ibi
786 848 1192 898 commorantium,
1217 847 1512 895 adiuuemus,
1534 847 1700 898 quibus
1718 857 1838 886 com-

206 923 451 963 mendatos
473 922 519 962 in
541 921 729 962 Christo
746 932 833 960 nos
850 932 952 960 esse
969 919 1196 971 cupimus.

288 993 467 1043 Genua,
490 993 514 1032 7
538 993 641 1033 idus
661 991 905 1032 Februarii
927 1003 1049 1031 anno
1073 990 1188 1030 1555.

285 1064 425 1117 Jussu
447 1062 539 1104 Rdi
559 1063 607 1103 Ρ.
633 1062 864 1113 Rectoris,

287 1134 341 1175 R.
361 1134 408 1174 P.
434 1135 562 1175 Tuae
586 1134 939 1185 indignissimus
954 1133 1001 1173 in
1023 1132 1209 1173 Christo
1227 1143 1407 1181 seruus,

1008 1275 1287 1316 ALPHoNsUS
1318 1274 1624 1314 HERNANDEZ.

288 1492 400 1532 Alsa
421 1504 567 1532 mmm
588 1493 637 1532 m
660 1492 802 1532 tertia
822 1491 1031 1543 pagina.-
1053 1501 1250 1543 spagna,
1275 1487 1509 1537 Louanio,
1535 1485 1735 1534 Vienna,
1760 1482 1842 1523 Pa-

208 1565 298 1615 rigi
324 1563 349 1602 ¹.

290 1636 646 1688 superscriptio
684 1636 732 1675 in
763 1639 937 1687 quarta
963 1619 1303 1687 pag2·na.·†A1
1332 1632 1474 1671 molto
1491 1628 1592 1669 R.d0
1622 1627 1774 1668 Padre
1796 1627 1844 1666 in

210 1707 415 1759 Christo,
435 1707 580 1748 Micer
597 1708 780 1759 Ignatio
799 1707 854 1747 de
870 1707 1053 1758 Layola
1074 1705 1201 1756 (sic),
1221 1702 1464 1755 Preposito
1485 1699 1705 1751 generale
1723 1698 1843 1738 della

213 1779 507 1832 Compagnia
529 1780 584 1819 de
610 1778 759 1833 JESV
779 1791 837 1818 en
857 1777 1022 1818 Roma.

293 1851 407 1891 Alsa
443 1862 607 1890 manu:
646 1850 760 1890 1555.
800 1849 1011 1890 Genoua.
1051 1847 1428 1899 Quadrimestres
1449 1844 1473 1884 7
1508 1844 1553 1884 di
1581 1840 1841 1883 Februarii.

258 1955 266 1963 .
291 1929 336 1963 et
357 1922 413 1963 A.
439 1922 499 1962 V.

212 1922 251 1974 Q
306 1994 569 2044 Vestigium
592 2003 723 2032 cerae
745 1992 917 2031 rubrae
945 1994 988 2031 et
1017 1989 1187 2041 sigilli.

268 2178 278 2198 ¹
321 2178 382 2205 His
398 2177 592 2205 indicantur
608 2178 695 2209 loca,
713 2176 754 2204 ad
771 2184 856 2211 quae
872 2176 994 2203 harum
1016 2176 1213 2202 litterarum
1228 2173 1486 2201 emendatarum
1509 2173 1664 2206 exempla
1686 2170 1775 2197 mitti
1797 2169 1858 2196 de—

218 2226 358 2253 bebant.
