2028 3328
241 176 313 213 524
749 178 977 217 LITTERAE
1004 189 1361 224 QUADRIMESTRES

242 273 330 325 ris,
368 273 561 325 aliisque
597 276 874 316 exercendis
908 276 1028 316 ludis
1063 275 1430 326 exhibendisque
1471 276 1641 326 populo
1676 276 1877 327 publicis

243 345 540 396 spectaculiS,
565 351 690 386 totus
710 354 831 387 esset
853 347 1081 387 hactenus
1102 347 1324 396 intentus,
1343 357 1467 385 nunc
1485 345 1700 386 omnibus
1722 347 1875 387 modis

241 414 430 455 enititur
451 428 508 456 ne
528 416 573 456 id
595 417 675 457 fiat
696 417 999 467 intercedere3
1024 417 1146 468 quod
1176 416 1214 456 si
1243 416 1428 467 assequi
1451 428 1542 456 non
1572 417 1723 468 liceat,
1754 418 1872 458 vrbe

241 486 376 536 cedit,
402 498 551 538 neque
569 488 785 538 precibus
803 489 909 528 vllis
931 494 1009 527 aut
1030 486 1411 538 persuasionibus
1430 493 1480 526 vt
1502 488 1783 538 spectaculis
1804 488 1867 528 in-

239 557 373 597 tersit
395 558 452 597 ab
475 569 529 598 eo
551 559 792 610 impetrari
814 564 982 610 potest.

320 627 463 668 Multa
485 630 640 679 etiam,
666 636 710 669 et
734 636 913 670 retenta
935 636 979 669 et
1000 630 1120 669 male
1142 635 1291 680 parta,
1324 630 1382 670 ad
1404 641 1513 669 suos
1540 629 1752 669 redeunt.
1783 629 1869 670 Ini-

239 699 443 739 micitiae
465 700 758 752 deponuntur
781 707 824 740 et
845 701 1107 740 inueterata
1130 700 1251 740 odia.

317 769 430 810 Illud
452 783 544 810 non
563 771 882 819 omittendum,
907 771 1030 822 quod
1052 772 1172 811 inter
1195 772 1285 811 alia
1301 783 1384 822 per
1405 771 1592 812 Patrem
1610 771 1866 811 Doctorem

236 847 457 891 operatus
479 848 547 881 est
570 842 813 882 Dominus.
838 842 962 882 Inter
992 843 1148 882 virum
1177 848 1220 882 et
1248 854 1446 882 onrem
1473 854 1646 894 graues
1674 843 1864 882 inimici-

234 911 325 951 tiae
348 919 496 953 erant:
523 913 768 953 laborabat
791 914 914 953 enim
947 914 1002 953 de
1031 925 1178 953 vxore
1206 915 1403 954 maritus
1425 926 1517 954 non
1553 914 1740 965 quidem
1772 914 1866 953 leui

234 983 513 1034 suspicione,
537 983 659 1023 vnde
682 984 768 1024 sibi
791 984 955 1024 mulier
977 991 1175 1024 mortem
1194 985 1402 1025 timebat:
1424 984 1613 1024 tandem
1631 997 1684 1024 eo
1703 996 1777 1024 res
1795 997 1863 1024 re-

233 1053 315 1093 diit
336 1060 387 1093 Vt
408 1060 603 1106 vterque
625 1055 751 1095 Patri
774 1056 969 1095 Doctori
987 1056 1230 1096 confessus
1252 1056 1331 1096 sit:
1355 1056 1417 1096 ita
1438 1068 1541 1096 cum
1565 1057 1686 1095 bona
1708 1057 1862 1107 gratia

232 1126 475 1176 compositi
498 1126 649 1176 ambo,
674 1128 821 1166 vitam
843 1139 1038 1178 coepere
1060 1128 1105 1167 in
1136 1127 1337 1167 Domino
1360 1127 1727 1178 placidissimam
1755 1137 1861 1177 age—

228 1207 294 1236 re.
319 1197 376 1236 Et
397 1204 447 1236 vt
468 1198 590 1248 parti
613 1198 718 1237 huic
742 1198 1087 1238 confessionum
1109 1198 1247 1238 finem
1267 1199 1576 1250 imponamus,
1600 1199 1766 1238 messis
1788 1210 1859 1238 co-

229 1267 360 1317 piosa
383 1270 540 1319 plures
562 1255 796 1309 desiderat
820 1270 1077 1320 operarios.

308 1338 553 1390 Reliquum
577 1347 645 1380 est
667 1347 718 1380 vt
740 1341 795 1380 de
817 1340 1080 1381 studiorum
1101 1341 1313 1393 profectu
1330 1341 1536 1382 breuiter
1559 1339 1761 1393 [dicam]:
1786 1352 1858 1380 ac-

227 1410 396 1449 crescit
416 1410 463 1450 in
484 1411 581 1450 dies
603 1412 866 1451 auditorum
885 1412 1034 1463 copia,
1061 1413 1290 1464 nullisque
1319 1412 1556 1452 laboribus
1588 1417 1789 1464 parcunt
1812 1413 1858 1451 in

224 1481 559 1532 persequendis
586 1483 772 1533 studiis,
803 1495 826 1523 e
849 1484 1014 1535 quibus
1036 1484 1272 1535 ingentem
1290 1484 1492 1523 fructum
1522 1483 1755 1535 reportari
1781 1495 1857 1523 ex-

223 1551 483 1601 perimento
511 1553 647 1593 discit
668 1555 890 1595 Vniuersa
920 1554 1016 1595 fere
1044 1555 1224 1595 ciuitas.
1246 1555 1387 1608 Juuat
1407 1555 1659 1606 plurimum
1686 1555 1858 1606 datque

221 1621 370 1662 literis
396 1623 734 1665 incrementum
763 1626 1034 1676 maximum,
1069 1626 1191 1678 quod
1213 1626 1272 1666 ad
1292 1626 1514 1678 pietatem
1549 1625 1856 1666 christianam

223 1704 385 1733 omnes
408 1695 506 1734 nati
533 1696 795 1747 Videantur3
816 1697 879 1736 ita
908 1697 1028 1737 inter
1057 1709 1107 1737 se
1129 1703 1286 1737 mutuo
1311 1704 1485 1747 amant,
1524 1702 1855 1748 praeceptores

219 1773 494 1806 fenerentur
521 1778 576 1806 ac
612 1768 890 1819 suspiciunt,
923 1780 1041 1820 quae
1072 1769 1286 1809 recinunt
1307 1768 1481 1809 dictata
1503 1770 1631 1808 velut
1662 1770 1854 1809 oracula

218 1836 526 1887 excipientes;
549 1839 774 1889 praebent
795 1846 921 1879 certe
943 1840 1181 1891 specimen
1202 1840 1378 1880 solidae
1397 1840 1584 1880 virtutis
1607 1852 1662 1880 ac
1685 1840 1854 1880 doctri-

216 1918 320 1947 nae:
344 1909 548 1959 quotidie
578 1921 626 1949 se
655 1917 699 1950 et
721 1909 918 1951 dicendo
941 1918 985 1950 et
1008 1911 1330 1963 componendo
1360 1918 1595 1962 exercent,
1629 1911 1751 1963 quod
1773 1923 1851 1963 pu-

212 1977 361 2018 blicae
389 1979 752 2021 declamationes
785 1982 970 2022 habitae
996 1983 1276 2023 documento
1309 1988 1438 2033 sunt,
1469 1983 1528 2023 ad
1558 1994 1676 2034 quas
1711 1983 1852 2023 etiam

213 2049 353 2090 modo
367 2061 468 2091 sese
486 2060 770 2103 componunt
787 2053 834 2093 in
851 2053 972 2093 diem
990 2053 1186 2094 Beatiss.
1199 2054 1409 2107 Joannis,
1429 2065 1519 2105 quo
1535 2055 1675 2094 etiam
1687 2054 1852 2105 dieper

213 2120 532 2162 adolescentes
554 2123 738 2174 agenda
759 2130 828 2164 est
850 2137 904 2164 ea
927 2125 1168 2165 comoedia
1189 2125 1350 2175 latina,
1378 2136 1519 2176 quam
1539 2131 1713 2165 Vocant
1734 2125 1848 2165 Aco-

210 2190 408 2242 lustum,
429 2192 717 2235 detruncatis
740 2207 799 2235 ex
823 2207 877 2235 ea
894 2196 1010 2236 locis
1032 2196 1279 2248 aliquibus,
1304 2208 1445 2247 quam
1469 2196 1849 2236 commodissime

211 2262 310 2303 fieri
331 2265 494 2315 potuit,
520 2265 596 2316 qui
614 2266 716 2317 pias
747 2278 886 2307 aures
908 2267 1211 2308 offenderent.
1236 2267 1449 2308 Graecae
1471 2268 1612 2307 etiam
1640 2268 1845 2307 literatu—

210 2345 292 2373 rae
314 2340 504 2375 strenua
526 2343 729 2377 nauatur
746 2350 903 2389 opera,
925 2338 1042 2378 adeo
1060 2345 1110 2379 vt
1127 2339 1219 2379 sint
1236 2339 1314 2390 qui
1335 2349 1507 2390 graece
1525 2338 1729 2379 condant
1746 2350 1845 2378 car-

208 2405 335 2444 mina
358 2406 559 2458 quinque
581 2420 726 2448 sexve
753 2409 983 2449 mensium
1006 2410 1174 2461 spatio.
1197 2409 1438 2450 Hactenus
1460 2410 1516 2450 de
1537 2410 1716 2450 studiis.

288 2475 429 2516 Hisce
451 2477 611 2519 diebus
634 2480 811 2531 aliquot
833 2492 935 2521 sese
953 2481 1000 2521 in
1016 2481 1336 2532 spiritualibus
1354 2481 1480 2521 domi
1497 2491 1766 2530 exercuere,
1787 2493 1846 2521 ex

209 2546 498 2588 auditoribus
520 2551 745 2590 nonnulli:
770 2557 814 2590 et
835 2551 943 2591 licet
965 2563 1125 2592 omnes
1148 2552 1363 2592 omnibus
1389 2552 1515 2591 votis
1535 2551 1717 2591 admitti
1738 2562 1844 2591 con-

207 2617 467 2669 tenderent,
497 2631 548 2659 re
576 2620 641 2660 ita
669 2622 902 2673 exigente,
933 2622 1087 2663 visum
1118 2629 1188 2663 est
1215 2623 1262 2663 in.
1284 2623 1409 2663 aliud
1437 2622 1615 2663 differri
1641 2629 1839 2674 tempus.

208 2685 468 2736 Quemdam
489 2695 646 2730 tamen
669 2692 1016 2734 adolescentem
1036 2693 1096 2734 ad
1115 2693 1164 2734 P.
1184 2694 1491 2734 Franciscum
1514 2694 1739 2742 misimus,
1763 2693 1842 2745 qui

206 2757 349 2798 latine
371 2760 516 2810 probe
539 2761 704 2802 doctus
725 2770 841 2804 erat.

283 2828 447 2870 Patres
469 2837 512 2870 et
534 2831 726 2873 Fratres
747 2834 885 2875 huius
909 2836 1095 2887 collegii
1110 2836 1229 2877 bene
1245 2837 1419 2887 valent,
1439 2835 1626 2877 Christo
1640 2835 1837 2884 gratias:

204 2899 316 2939 Velit
336 2900 426 2940 hoc
446 2902 579 2942 nobis
600 2905 843 2955 proprium
865 2918 967 2946 esse
984 2906 1112 2947 Deus
1130 2912 1182 2947 vt
1199 2907 1354 2948 animo
1376 2918 1561 2958 semper
1576 2907 1832 2956 valeamus,

205 2968 493 3023 solidamque
515 2976 857 3026 amplectamur
877 2977 1020 3029 viam,
1051 2989 1170 3030 quae
1190 2990 1276 3019 nos
1306 2979 1366 3019 ad
1386 2979 1632 3018 veritatem
1663 2977 1835 3028 dirigat
