2028 3328
872 78 956 116 AN.
988 79 1080 116 1554
1733 79 1805 116 105»

863 528 1107 584 CCOXV

227 754 276 793 Ρ.
298 755 561 796 Leonardus
581 758 739 796 Kessel

274 822 398 860 Patri
416 823 588 870 Ignatio
608 822 661 861 de
680 823 866 871 Loyola.

325 886 527 937 Colonia,
551 888 568 926 1
589 888 863 937 Septembris
885 887 976 926 1554
996 889 1020 925 ¹.

938 1087 1036 1166 1135

237 1318 402 1359 Gratia
420 1325 464 1359 et
484 1332 579 1371 pax
599 1319 673 1360 X.i
701 1320 889 1361 Domini
911 1320 1171 1360 nobiscum.

233 1389 421 1431 Literas
444 1391 812 1443 quadrimestres
833 1392 1109 1444 scripturuS‚
1133 1390 1235 1431 R.de
1259 1391 1306 1431 in
1326 1389 1411 1431 X.⁰
1431 1390 1499 1441 P.,
1515 1390 1666 1442 primo
1686 1389 1797 1430 scri-

153 1461 358 1502 bendum
394 1464 599 1504 occurrit
626 1463 683 1504 de
716 1464 944 1504 immensa
968 1463 1058 1504 Dei
1086 1474 1201 1514 erga
1227 1474 1314 1503 nos
1340 1462 1564 1512 bonitate,
1590 1473 1680 1513 qua
1710 1472 1801 1502 nos.

154 1532 282 1574 fouet
312 1535 610 1587 protegitque
631 1535 720 1576 hoc
741 1535 788 1576 in
808 1541 1018 1588 tempore
1043 1536 1182 1583 malo,
1207 1546 1313 1586 quo,
1343 1534 1571 1574 bellorum
1593 1533 1799 1574 tumulti-

156 1604 242 1645 bus
260 1637 268 1655 ‚
306 1606 654 1647 haereticorum
688 1607 828 1648 sectis
863 1613 908 1648 et
941 1607 1080 1648 nouis
1115 1606 1485 1656 infirmitatibus,
1524 1605 1797 1658 perturbata

159 1682 414 1718 cernuntur
451 1678 623 1729 omnia,
656 1690 750 1719 non
778 1690 925 1731 paruo
956 1690 1064 1719 cum
1085 1678 1244 1719 dolore
1276 1677 1420 1718 animi
1448 1677 1612 1718 nostri.
1636 1675 1796 1717 Domi-

160 1759 248 1788 nus
269 1754 427 1789 tamen
443 1761 529 1789 sua
550 1749 795 1790 clementia
812 1750 859 1790 in
879 1761 1011 1803 spem
1030 1762 1118 1791 nos
1139 1750 1291 1801 erigit,
1314 1750 1362 1790 in
1379 1749 1571 1801 diesque
1593 1760 1679 1789 nos
1700 1760 1795 1788 ma-

154 1820 228 1871 gis
249 1831 441 1871 sperare
469 1820 597 1873 facit,
621 1822 695 1862 cui
716 1822 1001 1874 impossibile
1029 1821 1159 1873 nihil,
1189 1821 1300 1873 quin
1328 1821 1401 1862 his
1422 1821 1559 1861 malis
1579 1820 1798 1861 omnibus.

156 1890 296 1931 finem
317 1891 445 1932 dabit
465 1904 643 1943 nosque
671 1893 848 1945 eripiet,
882 1893 929 1934 in
956 1899 1260 1945 augmentum
1282 1893 1464 1944 gloriae
1481 1891 1684 1932 nominis
1705 1891 1795 1942 sui,

154 1962 215 2003 ad
236 1964 597 2004 restaurandam
617 1963 879 2005 Ecclesiam
895 1976 1045 2016 suam,
1059 1970 1111 2004 vt
1127 1965 1227 2016 ipse
1248 1969 1409 2016 pastor
1426 1974 1569 2004 verus
1586 1962 1794 2003 omnium

155 2034 484 2075 constituatur:
507 2035 759 2086 plurimum
775 2047 861 2076 nos
883 2036 929 2076 in
950 2035 1153 2076 Domino
1175 2036 1293 2076 haec
1314 2047 1422 2087 spes
1443 2036 1730 2075 consolatur.

239 2105 411 2146 Nostra
435 2105 632 2147 Colonia
655 2118 788 2147 suam
807 2107 1197 2157 beneuolentiam,
1222 2112 1267 2147 et
1288 2105 1568 2147 charitatem
1588 2117 1683 2146 non
1699 2116 1795 2145 mo-

158 2177 331 2228 dicam,
355 2189 468 2229 erga
490 2189 575 2218 nos
596 2178 643 2218 in
665 2178 763 2218 dies
792 2178 1016 2229 declarat,
1053 2190 1147 2219 non
1166 2178 1324 2219 verbis
1356 2183 1538 2218 tantum
1559 2177 1640 2218 sed
1662 2182 1706 2217 et
1726 2176 1791 2216 fa·

157 2248 261 2289 ctis.
285 2247 518 2289 Dominus
539 2255 866 2290 remunerator
887 2250 1094 2290 omnium
1115 2250 1342 2290 retribuat
1363 2250 1429 2290 eis
1450 2248 1709 2289 secundum
1730 2247 1794 2288 di—

156 2318 296 2360 uitias
318 2320 544 2360 bonitatis
566 2332 694 2371 suae,
718 2321 765 2361 in
785 2320 873 2361 hoc
895 2322 1052 2362 seculo
1074 2327 1118 2363 et
1139 2321 1187 2361 in
1206 2320 1379 2362 futuro.

234 2390 471 2432 Plurimos
503 2391 776 2432 confitentes
804 2391 1068 2443 habuimus,
1097 2392 1175 2444 qui
1196 2404 1358 2433 omnes
1379 2393 1527 2433 vitam
1549 2392 1596 2432 in
1626 2393 1794 2434 melius

158 2468 425 2503 statuerunt
447 2468 723 2503 conuertere
745 2469 790 2504 et
811 2475 861 2504 se
882 2469 1005 2505 totos
1039 2463 1113 2505 X.i
1144 2465 1415 2516 mancipare
1437 2464 1643 2506 seruitio.
1667 2464 1796 2505 Inter

155 2545 271 2585 quos
294 2546 438 2575 unum
459 2533 749 2575 haereticum
769 2535 1033 2584 habuimUS‚
1056 2536 1134 2587 qui
1155 2547 1205 2576 se
1224 2535 1283 2576 ad
1302 2536 1565 2577 Ecclesiam
1580 2535 1655 2577 Χ.ί
1686 2547 1794 2577 con-

151 2604 307 2645 uertit.
329 2605 642 2646 Plurimorum
658 2606 905 2657 generales
926 2606 1249 2648 consessiones
1267 2607 1547 2648 audiuimus.

234 2676 340 2717 Duo
354 2676 581 2718 Canonici
596 2675 998 2728 Nouiomagenses
1011 2689 1113 2718 sese
1123 2676 1347 2719 Societati
1364 2679 1592 2720 dederunt
1607 2678 1636 2717 ².
1655 2678 1796 2720 Vnus

205 2812 217 2833 ¹
257 2813 519 2848 Autographae,
534 2814 633 2841 unico
643 2814 733 2848 folio,
749 2821 780 2841 n.
794 2813 858 2841 238.

206 2860 221 2881 ²
260 2861 392 2890 Horum
405 2862 554 2895 nomina,
569 2861 853 2896 quemadmodum
869 2866 902 2890 et
921 2863 1076 2899 aliorum,
1092 2865 1148 2899 qui
1163 2865 1227 2894 hoc
1242 2873 1330 2894 anno
1346 2865 1555 2894 Societatem
1570 2870 1648 2894 sunt
1664 2867 1794 2901 ample-

151 2909 237 2941 xati,
251 2909 328 2937 vide
344 2910 377 2937 in
393 2909 540 2938 Pontum
559 2909 694 2944 Chron.,
708 2910 778 2937 vol.
796 2917 888 2945 1v,n.
904 2910 957 2939 587
971 2917 1004 2940 et
1018 2913 1252 2947 sequentibuS.
