2028 3328
232 155 303 190 olo
759 159 982 197 LITTERAE
998 171 1355 203 QUADRnnESTREs

236 250 386 292 nibus.
410 253 661 294 Praeterea
684 256 824 296 etiam
846 256 1048 297 inuisere
1070 258 1223 307 coepit
1244 269 1345 307 eos,
1371 259 1448 309 qui
1469 265 1660 309 propter
1691 260 1868 299 scelera

234 333 317 361 sua
340 324 654 366 coniiciuntur
683 326 728 366 in
757 328 961 379 vincula,
997 340 1102 368 cum
1133 328 1460 379 Episcopatus,
1497 337 1594 369 tum
1624 336 1815 370 senatus
1839 331 1864 377 ¹,

233 403 339 432 cum
361 396 567 435 maxima
589 397 867 439 miserorum
885 405 928 438 et
946 399 1176 450 applausu
1191 406 1235 438 et
1254 399 1587 449 consolatione,
1608 400 1732 451 apud
1749 412 1867 452 quos

233 464 483 515 aliquando
505 479 693 508 sacrum
714 468 838 510 fecit:
863 470 1131 520 frequenter
1153 476 1309 509 autem
1332 470 1516 510 illorum
1539 471 1866 512 auditconfes-

233 535 402 587 sioneS,
418 539 542 589 quod
558 547 685 579 certe
695 540 922 580 hactenus
938 541 1142 580 insolens
1159 540 1258 590 fuit,
1278 547 1327 580 vt
1345 542 1511 593 quibus
1528 544 1670 582 semel
1683 542 1729 582 in
1742 554 1865 583 anno

234 605 443 648 confiteri
462 609 566 659 (nisi
588 611 644 650 iis
666 612 743 662 qui
766 612 824 651 ad
846 618 1080 651 tormenta
1102 611 1422 662 rapiebantur)
1441 618 1541 652 erat
1560 615 1863 665 consuetudo,

233 676 314 716 sed
336 684 558 731 tanquam
579 681 716 721 bruta
739 683 997 721 animantia
1026 682 1087 721 ibi
1120 682 1353 731 degebant
1389 683 1558 734 ignari,
1585 695 1670 723 nec
1702 696 1866 725 curan·

233 753 302 787 tes
324 750 417 789 Vllo
439 752 577 791 modo
601 764 719 803 quae
742 760 847 792 sunt
865 753 1070 804 spiritus,
1097 765 1182 792 nec
1205 765 1325 804 quae
1347 754 1655 795 christianum
1685 755 1865 796 decent.

232 817 337 869 Jam
358 832 471 860 vero
488 834 570 873 per
590 822 679 862 Dei
712 824 916 873 gratiam
953 824 1069 863 mira
1101 824 1226 863 facta
1264 832 1333 864 est
1368 827 1782 877 metamorphosis,
1818 834 1867 867 ut

233 901 352 940 quac
377 893 517 943 aloga
554 901 692 934 antea
728 902 875 943 erant,
911 895 1123 935 homines
1146 895 1419 946 efficiantur,
1453 908 1721 949 nouumque
1741 898 1867 938 vitae

232 972 380 1011 genus
401 964 659 1004 instituant.
680 965 780 1005 Hoc
803 978 1025 1017 peperere
1048 967 1344 1007 inhibitiones
1362 968 1496 1008 nobis
1513 967 1681 1008 factae.
1706 969 1867 1020 Itaque

232 1032 530 1084 diligentibus
551 1036 703 1078 Deum
727 1038 880 1076 omnia
903 1045 1216 1088 cooperantur
1238 1038 1284 1078 in
1304 1039 1492 1089 bonum,
1516 1052 1573 1079 ex
1595 1040 1730 1079 malis
1742 1041 1867 1080 enim

231 1104 352 1144 bona
374 1106 542 1146 elicere
563 1115 734 1147 norunt
758 1116 801 1147 et
825 1109 1040 1148 omnibus
1061 1109 1178 1149 bene
1196 1110 1277 1149 vti.

314 1176 565 1228 Postquam
588 1186 743 1218 autem
774 1180 977 1230 diploma
1006 1181 1356 1231 prouocationis
1386 1182 1689 1232 extorsimus,
1721 1183 1866 1222 recla-

233 1248 466 1288 mantibus
488 1261 607 1300 pene
629 1251 843 1290 omnibus
865 1251 1044 1302 amicis,
1069 1252 1192 1303 quod
1207 1253 1341 1292 nobis
1357 1253 1640 1304 grauissima
1659 1253 1865 1304 pericula

231 1319 473 1359 imminere
495 1320 724 1371 viderent,
750 1333 805 1361 ne
827 1323 1047 1362 videlicet
1066 1323 1113 1362 in
1139 1334 1380 1363 carcerem
1402 1324 1763 1374 coniiceremur,
1788 1325 1867 1364 ali-

238 1391 368 1441 isque
409 1392 620 1442 pluribus
655 1393 882 1433 molestiis
917 1394 1075 1433 vexati
1111 1393 1484 1445 exploderemur,
1523 1395 1706 1435 sublato
1742 1396 1869 1435 omni

235 1467 374 1512 metu,
399 1469 443 1502 et
466 1463 625 1503 diuino
648 1464 833 1513 honori,
860 1464 1063 1513 vincula,
1087 1477 1319 1515 carceres,
1345 1473 1595 1517 ceteraque
1626 1467 1672 1506 id
1698 1477 1862 1517 genus,

231 1544 351 1583 quae
374 1533 420 1573 in
442 1546 527 1573 nos
547 1541 764 1585 poterant
787 1536 954 1587 moliri,
978 1542 1328 1587 postponentes,
1354 1537 1512 1577 diuina
1536 1548 1616 1587 spe
1638 1537 1744 1595 freti
1767 1549 1865 1577 rur-

229 1615 309 1643 sus
331 1604 388 1643 ad
411 1603 455 1645 S.
482 1605 773 1646 Germanum
796 1607 1091 1657 reuertimus,
1123 1614 1167 1647 et
1195 1607 1400 1648 Instituti
1428 1609 1576 1648 nostri
1606 1609 1785 1659 munia,
1816 1614 1866 1648 vt

230 1676 374 1726 prius,
400 1676 529 1716 obire
550 1688 636 1727 pro
660 1678 840 1718 viribus
863 1678 1070 1718 nitimur.
1097 1679 1275 1718 Verum
1305 1691 1397 1719 non
1429 1680 1566 1730 pauci
1587 1691 1763 1729 eorum,
1788 1679 1866 1731 qui

231 1759 315 1786 nos
337 1748 565 1787 accedere
587 1756 951 1799 consueuerant,
976 1756 1018 1789 et
1041 1761 1228 1790 sacram
1251 1751 1627 1790 communionem
1655 1750 1866 1802 frequen-

228 1827 328 1857 tare
350 1826 395 1858 et
420 1819 664 1859 nobiscum
686 1820 983 1860 familiariter
1006 1822 1295 1870 conuersari,
1326 1822 1496 1872 quique
1524 1834 1615 1862 non
1642 1823 1865 1873 vulgares

227 1900 508 1939 progressus
530 1891 578 1930 in
598 1891 772 1942 pietate
794 1892 962 1932 fecisse
983 1892 1279 1942 videbantur,
1303 1898 1400 1932 tum
1418 1893 1627 1943 iuuenes,
1647 1905 1754 1933 cum
1770 1905 1863 1933 ma-

228 1967 407 2007 tronae,
436 1967 536 2001 orta
559 1969 837 2013 tempestate
859 1963 1207 2003 succubuerunt
1229 1970 1272 2003 et
1302 1963 1573 2004 defecerunt
1602 1964 1648 2004 in
1675 1964 1863 2004 tribula-

232 2032 438 2072 tionibus
477 2034 665 2083 nostris,
708 2035 879 2085 partim
919 2045 1118 2074 censura
1160 2035 1381 2086 Episcopi
1421 2035 1653 2085 deterriti,
1695 2036 1865 2087 partim

228 2114 371 2143 suasu
407 2110 451 2144 ct
488 2105 684 2144 consilio
720 2106 932 2145 reuocati
967 2105 1277 2156 quorumdam
1312 2105 1588 2156 Doctorum,
1621 2106 1698 2158 qui
1727 2107 1866 2146 nullis

234 2181 433 2225 parcunt
457 2176 638 2215 technis
666 2183 716 2216 vt
749 2187 835 2216 nos
863 2176 1041 2216 inuisos
1071 2177 1269 2216 reddant
1299 2183 1344 2217 et
1374 2183 1617 2228 suspectos
1652 2177 1865 2217 omnibus

230 2246 565 2297 cuiuscumque
600 2253 751 2287 status
788 2254 832 2287 et
868 2247 1062 2295 ordiniS,
1099 2248 1228 2298 ipsos
1259 2256 1580 2287 conuenerunt
1611 2248 1861 2299 principeS,

231 2318 484 2368 praelatos,
509 2323 554 2357 et
576 2318 755 2358 aulicos
777 2329 895 2369 pene
917 2329 1094 2368 omneS,
1118 2330 1198 2358 eos
1219 2324 1376 2358 autem
1396 2319 1615 2367 maxime,
1640 2330 1755 2370 quos
1784 2325 1863 2359 aut

230 2388 389 2427 fauere
412 2388 561 2439 nobis,
586 2397 666 2429 aut
686 2389 804 2428 bene
826 2399 940 2439 erga
963 2400 1050 2428 nos
1078 2388 1270 2430 affectos
1299 2390 1622 2440 suspicantur,
1655 2389 1859 2440 sinistra,

228 2458 386 2510 impia,
417 2460 665 2507 scelerata,
697 2460 869 2511 Vbique
897 2460 953 2500 de
984 2459 1120 2500 nobis
1150 2461 1360 2512 improbe
1395 2467 1681 2501 euomentes:
1718 2471 1863 2512 quare

231 2529 401 2568 mirum
423 2541 564 2580 quam
583 2531 705 2570 male
728 2530 852 2582 apud
869 2541 1030 2570 omnes
1048 2531 1309 2582 audiamus,
1331 2532 1622 2583 hypocritas,
1641 2531 1863 2571 schisma-

230 2599 372 2650 ticos,
397 2607 700 2651 arrogantes,
725 2608 1049 2651 contumaces,
1078 2602 1212 2652 pacis
1239 2602 1467 2643 ecclesiae
1494 2603 1861 2654 perturbatores,

231 2682 314 2709 nos
345 2672 652 2721 proclamant.
689 2671 811 2722 Quid
836 2673 1068 2724 superest?
1096 2671 1146 2713 Si
1175 2672 1374 2725 denique
1402 2673 1538 2714 facile
1570 2684 1709 2713 aures
1738 2672 1864 2713 exhi-

233 2741 424 2791 buisset,
448 2748 527 2781 aut
549 2753 795 2783 assensum
817 2743 1109 2795 praebuisset
1135 2742 1286 2795 Regia
1311 2744 1550 2795 Maiestas,
1574 2744 1666 2784 imo
1687 2744 1777 2784 nisi
1797 2755 1863 2783 re-

285 2923 293 2942 ¹
335 2930 402 2955 cose,
419 2924 509 2958 qui...
524 2926 751 2960 conjiciuntur
767 2926 799 2953 in
815 2925 963 2959 vincula,
979 2933 1054 2953 cum
1070 2927 1112 2953 ab
1128 2926 1297 2961 Episcopo
1313 2927 1343 2954 in
1366 2934 1506 2955 carcere
1525 2928 1768 2962 ecclesiastico,
1791 2932 1862 2956 tum

231 2978 248 2994 a
268 2969 393 2997 Senatu
411 2971 440 2998 in
456 2971 558 3004 civili,
576 2979 632 2999 seu
649 2973 828 3000 saeculari.
