2028 3328
911 160 1115 198 AN.,1555
1770 163 1841 199 615

203 258 366 306 nostri,
390 271 475 299 nec
493 270 630 299 sacra
649 259 922 308 faceremus,
944 265 1023 297 aut
1037 257 1307 297 audiremus
1325 257 1658 307 confessiones,
1685 260 1838 299 aliaue

204 328 469 370 huiusmodi
490 336 786 370 sacramenta
804 339 1144 377 exerceremus,
1168 334 1218 368 vt
1235 328 1417 368 abunde
1436 329 1481 368 in
1500 341 1662 368 eorum
1680 329 1834 370 edicto

204 400 494 441 declaratum
514 407 598 441 est.
623 400 685 441 At
703 401 965 441 truculenta
983 410 1145 439 eorum
1157 399 1353 438 vesania
1370 399 1583 439 deflenda
1600 408 1727 439 certe
1746 411 1837 439 ma-

201 471 275 522 gis
297 472 408 511 mihi
444 472 629 512 videtur
663 483 801 524 quam
836 471 1045 522 pluribus
1076 470 1396 521 exprimenda.
1434 470 1680 510 Innumera
1715 472 1839 511 enim

203 542 427 593 subticeo,
468 554 588 593 quae
623 543 797 594 absque
840 541 1083 582 stomacho
1124 552 1209 580 nec
1253 541 1489 580 recenseri
1512 573 1518 591 ,
1561 553 1647 581 nec
1690 542 1841 581 audiri

202 620 418 663 possunt.

282 684 463 724 Interea
486 691 643 725 autem
665 697 692 725 a
714 684 970 736 praeclaris
991 695 1152 724 eorum
1176 683 1340 723 edictis
1378 690 1517 734 atque
1553 683 1839 723 inhibitioni-

199 754 283 794 bus
306 755 362 794 ad
386 753 552 795 Sedem
567 754 891 807 Apostolicam
913 755 1274 806 prouocauimus
1296 761 1484 805 praeter
1506 765 1669 793 eorum
1687 765 1834 805 spem,

199 831 249 864 vt
270 826 345 877 qui
376 827 434 866 ad
464 826 886 878 Archiepiscopum
922 837 1006 865 nos
1041 825 1315 876 pertrahere
1344 831 1644 865 conarentur.
1684 824 1839 875 Quare

199 908 305 936 cum
327 908 429 936 sese
452 897 515 936 ita
534 898 729 937 laeuiter
748 897 933 936 delusos
954 903 998 936 et
1016 908 1099 936 sua
1118 897 1449 947 expectatione
1462 895 1715 935 frustratos
1737 907 1839 935 esse

197 967 429 1017 viderunt,
455 969 532 1018 qui
554 968 658 1007 aliis
680 980 845 1007 cruces
868 967 1114 1019 parabant,
1154 967 1355 1007 cruciari
1378 967 1546 1006 misere
1569 967 1657 1017 ipsi
1679 978 1839 1017 coepe-

197 1045 304 1078 runt
326 1046 369 1078 et
391 1040 516 1089 angi,
542 1039 621 1078 sed
646 1046 689 1078 et
709 1040 870 1079 literas
888 1038 1257 1090 prouocationis,
1279 1039 1485 1089 quandiu
1502 1045 1710 1089 potuere,
1734 1049 1841 1077 con-

197 1109 363 1149 cedere
402 1117 750 1161 protraxerunt.
804 1110 962 1150 Multis
1001 1110 1142 1149 etiam
1193 1109 1418 1150 molestiis
1457 1109 1611 1160 ipsum
1651 1109 1837 1148 Patrem

196 1187 410 1220 nostrum
436 1180 443 1199 ¹
470 1181 608 1232 (quod
629 1181 688 1221 ad
724 1192 772 1221 se
807 1180 937 1220 adire
969 1181 1161 1220 alternis
1191 1180 1354 1220 diebus
1390 1179 1715 1231 compellebat)
1746 1179 1835 1219 affi-

196 1252 371 1291 cientes
392 1251 784 1303 frequentissime;
806 1252 935 1291 cuius
957 1259 1112 1292 tamen
1135 1252 1416 1303 importunis
1446 1251 1837 1291 solicitationibus

193 1322 419 1362 obsistere
442 1335 534 1362 non
554 1330 820 1374 potuerunt,
845 1330 888 1362 et
909 1334 1046 1374 quern
1065 1323 1193 1374 prius
1211 1323 1347 1363 minis
1372 1322 1609 1362 deterrere
1624 1323 1836 1362 niteban-

192 1399 282 1443 tur,
305 1393 399 1433 iam
419 1394 741 1434 blandioribus
762 1394 919 1433 verbis
939 1394 1202 1434 demulcere
1231 1394 1493 1442 studebant,
1528 1399 1578 1433 vt
1609 1393 1831 1444 Episcopi

190 1464 393 1515 imperio
414 1464 682 1505 institutum
700 1471 912 1505 nostrum
934 1465 1286 1505 subiiceremuS.

273 1535 389 1576 Cum
401 1542 558 1575 autem
575 1542 641 1576 tot
658 1536 874 1587 procellis
888 1542 931 1575 et
948 1536 1165 1576 fiuctibus
1182 1536 1457 1576 obrueretur
1471 1536 1642 1587 cymba
1655 1541 1833 1586 nostra,

194 1617 336 1646 suasu
358 1607 872 1657 praestantissimorum
908 1607 1133 1657 virorum,
1168 1607 1226 1647 ab
1255 1607 1500 1647 audiendis
1534 1606 1834 1646 confessioni-

191 1677 276 1717 bus
299 1678 422 1728 apud
446 1676 490 1717 S.
518 1677 821 1728 Germanum,
845 1690 935 1729 quo
966 1678 1192 1718 accedere
1229 1679 1578 1722 consueuimus,
1622 1678 1833 1729 aliquan-

194 1748 339 1800 tisper
371 1757 606 1789 cessatum
645 1757 729 1800 est,
769 1761 826 1788 ne
866 1749 1023 1800 gladio
1065 1750 1222 1800 ignem
1258 1749 1510 1789 confodere
1550 1749 1832 1799 videremur,

191 1830 399 1871 quousqe
424 1820 633 1871 diploma
664 1821 1014 1872 prouocationis
1049 1821 1107 1861 ad
1144 1820 1312 1860 Sedem
1343 1820 1669 1872 Apostolicam
1695 1820 1835 1872 (quod

194 1889 252 1929 ad
284 1891 433 1930 nostri
464 1891 708 1931 tuitionem
729 1903 972 1931 necessum
995 1894 1112 1939 erat)
1150 1892 1528 1932 extorsissemus.
1560 1891 1656 1931 Nec
1677 1898 1834 1931 tamen

198 1961 320 2001 inter
338 1966 496 2001 tantas
517 1962 668 2001 vndas
690 1974 745 2002 ac
767 1968 1070 2012 tempestates
1106 1974 1249 2013 agere
1280 1974 1453 2013 remos,
1483 1968 1708 2014 quantum
1730 1973 1832 2013 sup-

187 2032 409 2082 petebant
430 2033 570 2084 Vires,
600 2033 876 2084 destitimus,
909 2045 994 2073 nec
1017 2034 1170 2073 minus
1193 2045 1338 2085 quarn
1367 2041 1509 2074 antea
1545 2033 1833 2085 spiritalibus

188 2103 394 2153 negotiis
414 2103 748 2144 insudauimus.
785 2103 1004 2144 Consiliis
1039 2104 1223 2156 piisque
1262 2104 1688 2155 exhortationibus,
1723 2111 1832 2156 quo·

184 2174 473 2226 tiescumque
491 2175 590 2215 fieri
609 2175 850 2215 commode
868 2176 1034 2227 potuit,
1059 2182 1102 2216 et
1120 2176 1446 2227 pernoctando
1465 2176 1588 2228 apud
1605 2175 1829 2226 infirmos,

187 2254 230 2285 et
259 2244 369 2285 dum
404 2246 610 2286 animam
645 2253 841 2297 agerent
872 2247 1240 2287 corroborantes
1272 2259 1378 2287 cum
1414 2258 1586 2298 magna
1624 2248 1833 2287 omnium

187 2316 524 2368 aedificatione,
549 2318 671 2369 quod
696 2329 858 2358 rarum
882 2318 941 2358 sit
961 2324 1006 2358 et
1026 2330 1146 2370 pene
1167 2318 1447 2369 inauditum,
1471 2325 1522 2359 vt
1544 2319 1608 2358 ita
1629 2318 1771 2358 libere
1789 2326 1833 2358 et

185 2388 337 2438 gratis
355 2399 409 2428 ac
431 2388 530 2428 sine
560 2388 654 2428 vlla
692 2389 1070 2429 remuneratione
1107 2401 1197 2430 nos
1236 2390 1402 2429 alienis
1440 2389 1676 2441 obsequiis
1698 2390 1833 2430 deuo-

187 2469 398 2499 ueamus.

265 2528 733 2571 Obseruandissimus
754 2538 910 2571 autem
931 2530 1070 2571 Pater
1093 2531 1223 2571 D.¹¹1¹⁵
1254 2531 1555 2582 Paschasius,
1590 2532 1668 2584 qui
1694 2532 1830 2572 nullis

191 2599 344 2641 adhuc
365 2602 515 2653 potuit
533 2601 640 2652 cogi
661 2601 856 2642 habenis
886 2602 1139 2654 quominus
1173 2614 1290 2642 suae
1320 2602 1559 2643 vocationi
1590 2602 1828 2643 satisface-

188 2677 272 2722 ret,
291 2682 530 2724 nunquam
548 2673 702 2712 minus
722 2672 914 2723 otiosus,
935 2684 1075 2725 quam
1092 2684 1236 2725 quum
1254 2674 1596 2725 praescriptum
1616 2678 1662 2714 et
1679 2674 1823 2714 iniun-

184 2749 310 2782 ctum
332 2741 417 2782 fuit
438 2743 607 2783 ocium.
641 2742 914 2783 Monialium
940 2743 1131 2784 liberius
1159 2743 1498 2795 frequentabat
1525 2745 1829 2788 monasteria,

185 2824 302 2864 quas
324 2815 518 2854 multum
535 2814 770 2866 promouit
791 2814 837 2854 in
859 2813 1230 2855 confessionibus
1253 2821 1296 2855 et
1319 2815 1517 2867 priuatis
1539 2816 1828 2856 exhortatio-

241 2976 250 2994 ¹
293 2974 318 3000 Ρ
347 2975 568 3002 Paschasium
591 2975 703 3002 ssro‘et.
