2028 3328
166 135 239 172 ‘232
681 134 732 171 L]
747 146 752 170 1
767 146 905 171 TERAE
922 146 1278 178 QUADfflMEsTREs

167 233 298 273 multi
319 234 568 273 auditores.
594 232 640 272 P.
663 233 895 273 Antonius
913 232 968 271 de
985 231 1199 282 Quadros
1220 232 1365 271 'idem
1377 242 1572 282 pensum
1594 229 1730 269 soluit
1750 230 1796 269 in

166 304 337 356 oppido
358 305 529 355 vicino,
552 305 628 344 ubi
654 305 833 346 fructus
854 313 1101 358 perceptus
1129 312 1211 354 est,
1236 303 1498 355 populoque
1521 301 1636 340 adeo
1660 301 1794 340 satis-

164 375 340 416 factum
358 382 422 426 vt,
447 382 694 427 postquam
716 375 821 417 inde
855 378 1059 428 redierit,
1094 375 1338 427 aliquoties
1374 372 1626 424 requisitus
1655 371 1794 411 fuerit

162 446 553 498 efflagitatusque,
578 448 732 487 missis
753 448 893 488 etiam
913 449 1058 488 literis
1080 447 1138 487 ad
1162 447 1212 486 R.
1238 444 1580 485 Prouincialem
1604 455 1629 482 a
1652 441 1794 482 Sena-

163 523 236 567 tu,
261 518 426 569 quibus
444 530 536 557 non
557 518 685 558 licuit
707 531 789 570 per
804 520 921 559 alias
939 518 1272 569 occupationes
1291 514 1579 555 satisfacere.

244 589 399 629 Utitur
420 589 536 629 haec
558 589 726 629 ciuitas
755 596 887 630 tanta
923 592 1151 630 charitate
1180 589 1225 628 in
1247 598 1332 627 nos
1354 587 1400 625 in
1429 584 1685 636 largiendis
1708 585 1794 623 ele-

162 660 416 710 emosynis,
443 667 491 700 vt
511 660 645 700 nobis
666 662 921 712 praeripiat
939 660 1145 712 patiendi
1168 659 1482 698 occasionem.
1506 656 1555 695 In
1573 656 1794 706 templum

160 730 464 772 conferuntur
481 733 625 772 multa
643 739 918 773 ornamenta
939 732 1158 784 pretiosa,
1180 731 1226 769 in
1244 729 1412 780 quibus
1431 733 1536 767 sunt
1556 726 1791 773 frontalia,

162 802 387 852 cortinae,
411 809 692 854 caeteraque
710 804 879 855 templo
898 803 1180 843 necessaria.
1201 799 1434 840 Proximis
1451 798 1615 838 diebus
1634 797 1795 837 donati

162 879 270 913 sunt
282 874 504 914 aedituof)
524 873 558 919 ,ζΐ
573 873 586 892 ²
605 874 664 914 ad
677 874 896 914 emendos
909 885 1086 924 cereos
1102 874 1513 922 interrogatusque
1532 875 1600 909 est
1619 875 1793 920 quanta

162 945 361 995 singulis
382 945 618 985 mensibus
639 945 838 996 pecunia
859 945 905 984 in
927 945 995 985 eis
1016 942 1376 996 expenderetur,
1400 953 1457 981 ne
1484 946 1647 980 nostra
1677 950 1794 978 erne-

162 1022 305 1056 retur.
325 1016 375 1056 In
393 1017 556 1056 aedem
576 1015 589 1033 ⁵
606 1016 909 1056 conferuntur
926 1022 993 1056 tot
1015 1018 1359 1064 eleemosynae,
1378 1018 1428 1052 vt
1446 1012 1546 1051 sine
1572 1023 1683 1062 pera
1702 1011 1793 1050 ala—

159 1099 264 1127 mur
285 1099 466 1128 omnes:
490 1088 649 1138 multa,
674 1087 938 1127 hominibus
961 1085 1308 1127 delicatioribus
1331 1083 1629 1134 aegrotisque
1652 1093 1794 1133 appo-

162 1159 266 1209 sita,
299 1170 394 1198 non
429 1159 757 1207 admittuntur,
794 1170 898 1198 cum
935 1159 1000 1197 eis
1037 1168 1251 1196 caremus
1286 1154 1314 1192 ⁴.
1351 1155 1503 1194 Tanta
1534 1163 1603 1193 est
1637 1164 1794 1192 rerum

159 1230 461 1279 abundantia,
488 1236 539 1270 vt
559 1216 777 1270 uideatur*
802 1229 1005 1280 irrogari
1033 1228 1201 1267 iniuria
1228 1226 1508 1278 paupertati.
1540 1224 1612 1264 Ad
1641 1223 1794 1263 aedifi-

162 1301 397 1341 cationem
426 1301 590 1341 domus
626 1302 761 1341 nobis
789 1301 986 1352 prouisit
1020 1299 1249 1339 Dominus
1283 1297 1622 1344 liberalissime,
1656 1295 1794 1346 siqui-

160 1372 267 1412 dem
287 1373 418 1412 breui
440 1379 648 1424 ternpore
676 1378 946 1412 constructa
984 1377 1089 1410 sunt
1125 1370 1360 1410 domicilia
1395 1367 1790 1415 commodissima,

161 1445 207 1484 in
243 1444 409 1496 quibus
445 1444 639 1495 expensi
674 1449 781 1483 sunt
820 1442 921 1482 1250
948 1442 1000 1493 a,
1034 1442 1158 1481 nullo
1195 1441 1348 1480 debito
1384 1440 1562 1479 relicto.
1594 1437 1793 1488 Quidam

162 1515 361 1566 largitus
380 1521 449 1555 est
465 1515 544 1555 375
567 1515 619 1564 2,
641 1515 717 1554 alii
733 1513 812 1554 200
835 1512 887 1565 Π,
908 1514 987 1553 alii
1002 1513 1054 1552 50
1082 1511 1132 1563 Π,
1148 1513 1226 1552 alii
1242 1523 1326 1563 pro
1345 1523 1428 1551 sua
1446 1510 1638 1561 quisque
1656 1509 1790 1549 deuo-

158 1587 297 1626 tione.
323 1586 598 1637 Propediem
619 1586 893 1637 incipiemus
917 1583 1228 1624 exaedificare
1249 1583 1473 1633 templum
1495 1580 1791 1622 commodum

160 1658 474 1708 amplumque:
499 1668 744 1708 speramus
763 1668 856 1696 non
878 1656 1093 1696 defutura
1119 1654 1387 1694 necessaria
1412 1652 1740 1693 aedificationi.

241 1727 464 1779 Superior
484 1739 595 1779 pars
616 1728 782 1768 domus
803 1727 1008 1767 continet
1042 1726 1067 1765 S
1103 1726 1331 1775 cubicula,
1368 1732 1476 1764 ante
1498 1735 1617 1775 quae
1653 1723 1796 1763 conti-

161 1800 323 1851 gnatio
346 1799 652 1850 protenditur.
676 1798 873 1839 Inferior
893 1798 918 1838 4
941 1798 1168 1844 cubicula,
1200 1801 1445 1848 praeterea
1481 1794 1796 1839 refectorium,

162 1871 380 1920 culinam,
401 1871 567 1910 cellam
578 1871 835 1921 penariam:
856 1870 1081 1909 habemus
1098 1868 1409 1918 horologium,
1434 1866 1557 1918 quod
1574 1878 1600 1905 a
1618 1865 1797 1916 Regina

162 1948 353 1994 propter
375 1942 529 1982 Deum
559 1942 785 1982 donatum
820 1946 904 1980 est.
942 1940 1072 1979 Haec
1096 1939 1249 1979 omnia
1266 1944 1363 1978 tam
1398 1938 1530 1978 breui
1562 1944 1670 1977 sunt
1692 1948 1798 1976 con-

163 2019 356 2063 structa,
391 2019 442 2053 vt
475 2013 645 2053 mirum
679 2012 829 2052 uideri
857 2011 1019 2063 possit.
1056 2010 1255 2050 Videtur
1286 2009 1473 2060 quidem
1503 2007 1733 2048 Dominus
1754 2008 1800 2047 id

162 2085 331 2125 fecisse
352 2090 403 2125 ut
423 2090 614 2136 possent
636 2084 789 2135 excipi
810 2082 1066 2135 profecturi
1083 2082 1142 2121 ad
1159 2080 1423 2120 Pretiosum
1439 2080 1683 2133 Joannem,
1704 2080 1799 2130 qui-

163 2157 249 2196 bus
271 2162 408 2196 antea
430 2167 526 2196 non
547 2162 649 2196 erat
669 2156 816 2206 locus3
841 2166 965 2194 nunc
986 2165 1100 2193 vero
1129 2158 1172 2193 et
1193 2152 1330 2192 nobis
1353 2157 1397 2191 et
1417 2151 1507 2191 illis
1525 2150 1798 2191 commodis-

162 2227 308 2267 simus
330 2234 414 2275 est,
439 2238 545 2267 cum
568 2232 676 2266 ante
698 2238 755 2266 ne
782 2225 917 2266 nobis
940 2225 1125 2276 quidem
1147 2231 1285 2264 esset.

242 2298 440 2349 Quidam
462 2298 686 2338 sacerdos
708 2309 757 2337 se
774 2303 988 2337 nostrum
1008 2295 1156 2346 finxit,
1177 2295 1456 2346 petebatque
1475 2294 1800 2344 eleemosynas

166 2369 213 2409 in
235 2369 323 2409 hac
345 2370 479 2419 urbe;
503 2369 781 2409 credebatur
803 2379 906 2408 esse
928 2380 952 2408 e
979 2367 1167 2418 nostris;
1205 2366 1328 2418 quod
1359 2377 1465 2406 cum
1495 2364 1799 2404 intellexisset

163 2440 352 2491 quidam
390 2441 600 2490 deuotus,
639 2439 822 2479 curavit
851 2439 898 2479 in
930 2450 1169 2478 carcerem
1206 2436 1563 2486 conficiendum,
1602 2433 1724 2474 unde
1753 2434 1799 2473 in

163 2511 354 2551 exilium
375 2512 544 2551 missus
565 2517 649 2559 est,
681 2522 763 2561 per
786 2522 959 2550 annum
980 2509 1217 2550 malefacti
1238 2520 1415 2560 poenas
1436 2507 1644 2547 daturus

247 2581 300 2621 R.
325 2581 374 2621 Ρ.
398 2581 550 2621 Miron
578 2587 839 2621 commotus
866 2581 1098 2621 charitate
1128 2578 1449 2620 satisfaciendi
1476 2576 1703 2626 omnibus,
1728 2587 1798 2615 su-

227 2717 234 2737 ¹
275 2716 308 2744 Is
324 2724 420 2744 suam
436 2717 598 2744 emiserat
612 2717 859 2751 professionem
874 2716 992 2743 eadem
1008 2716 1061 2743 die
1076 2723 1142 2750 qua
1159 2714 1318 2742 Silveira.
1334 2714 1424 2741 Ibid.

222 2765 236 2784 2
275 2764 312 2792 Id
324 2769 386 2797 est,
403 2768 569 2798 argentea
584 2768 733 2798 scutata,
749 2771 808 2791 seu
824 2764 978 2790 ducatus.
1004 2763 1092 2790 Vide
1108 2770 1221 2797 supra,
1239 2766 1319 2789 tom.
1335 2768 1370 2795 11,
1383 2769 1462 2796 pag.
1476 2761 1538 2795 676,
1561 2764 1676 2788 annot.
1697 2761 1723 2788 1.

223 2813 237 2833 5
273 2812 382 2847 Magis
396 2813 571 2846 perspicue
588 2815 678 2838 esset
694 2813 730 2838 in
751 2812 905 2838 domum.

222 2861 238 2881 ⁴²
273 2860 367 2888 Haec
383 2860 490 2893 magis
509 2859 688 2893 perspicue
705 2858 861 2892 exposuit
878 2858 1063 2885 PomNcus:
1081 2858 1194 2884 multa
1209 2857 1319 2884 etiam
1336 2857 1382 2883 ad
1397 2856 1531 2883 victum
1548 2857 1610 2883 aut
1624 2856 1797 2883 valetudi-

171 2909 289 2936 uariis
304 2908 481 2942 apposita,
495 2907 634 2940 quando
650 2907 763 2933 nostri
777 2906 956 2937 valebant,
970 2913 1037 2932 non
1053 2905 1349 2937 admittebantur,
1364 2904 1446 2937 quia
1463 2904 1673 2931 delicatiora
1696 2906 1802 2931 erant

171 2963 281 2990 quam
298 2957 335 2982 ut
349 2955 451 2982 sanis
464 2955 675 2982 viderentur
689 2954 887 2981 convenire.
913 2952 1082 2985 Cln·on.,t.
1099 2960 1144 2984 ιν,
1162 2960 1230 2987 pag
1255 2953 1317 2986 539,
1335 2960 1364 2978 n.
1384 2952 1464 2979 1151.
