2028 3328
194 156 240 193 14
714 157 942 196 LerERAE
959 167 1317 201 QUADRIMESTRES

883 608 1164 664 CCXCIX

279 835 327 874 P.
349 836 518 874 Caesar
537 836 722 874 Helmus

326 901 449 939 Patri
466 901 636 949 Ignatio
657 900 710 938 de
729 900 913 948 Loyola.

374 966 589 1013 VenetiiS‚
608 966 632 1004 9
650 966 768 1013 Junii
790 966 883 1004 1554
901 966 928 1001 ¹.

982 1120 1080 1197 1115

300 1316 468 1358 Gratia
490 1323 534 1358 et
554 1329 650 1369 pax
670 1317 778 1370 Xpi.
801 1323 889 1358 etc.

293 1388 440 1429 Molto
472 1388 574 1429 R.d0
601 1387 651 1430 P.
684 1394 729 1429 et
750 1394 902 1429 oss.1110
927 1388 1020 1428 mio
1048 1388 1095 1428 in
1123 1386 1255 1428 Chr.⁰
1285 1386 1436 1438 questi
1462 1385 1610 1426 brieui
1638 1385 1790 1426 littere
1820 1399 1847 1426 3

217 1458 277 1499 V.
299 1459 354 1500 R.
379 1460 629 1500 habbiamo
650 1460 811 1500 scritte
846 1459 976 1499 accio
998 1458 1084 1499 che
1107 1470 1189 1510 per
1217 1457 1470 1498 obedienza
1493 1457 1536 1497 ci
1566 1461 1591 1497 e
1620 1462 1744 1498 stato
1767 1457 1852 1498 im·

217 1537 369 1583 posto,
394 1531 495 1572 0100
525 1531 612 1572 che
634 1531 747 1582 ogni
775 1536 962 1583 quattro
991 1530 1109 1571 mesi
1137 1529 1292 1570 diamo
1322 1529 1454 1569 auiso
1483 1528 1601 1569 delle
1629 1540 1738 1569 cose
1766 1528 1853 1569 che

214 1613 298 1654 per
319 1602 579 1642 ministerio
602 1602 648 1642 di
667 1602 745 1642 noi
773 1601 965 1652 indegni
994 1607 1039 1641 et
1067 1601 1218 1641 inutili
1247 1600 1373 1640 serui
1400 1599 1503 1640 suoi
1524 1600 1563 1640 si
1593 1603 1617 1640 'e
1647 1600 1852 1652 degnato

218 1685 388 1725 operar
408 1673 519 1727 Jesu
540 1673 662 1725 Xpo.
687 1673 746 1714 ad
767 1673 1063 1713 edificatione
1084 1672 1323 1724 spirituale
1346 1677 1390 1712 et
1411 1671 1731 1712 consolatione
1749 1672 1854 1712 dell⁷

219 1745 388 1793 anime,
427 1745 735 1796 adempiamo.
773 1743 937 1784 Percio
972 1743 1092 1783 dalle
1128 1755 1250 1794 cose,
1284 1743 1369 1783 che
1403 1744 1479 1783 nel
1513 1742 1855 1795 quadrimestre

219 1816 323 1856 dell'
349 1828 472 1856 anno
497 1815 597 1856 1553
620 1815 675 1866 (si
696 1826 830 1856 come
850 1815 1050 1855 hauemo
1072 1814 1234 1855 scritto
1256 1815 1376 1854 altra
1397 1815 1527 1855 volta
1548 1813 1576 1865 ²)
1598 1826 1693 1855 non
1710 1826 1855 1855 erano

222 1899 369 1927 ancor
391 1886 749 1938 perfettamente
771 1886 1020 1937 esseguste,
1043 1886 1352 1937 primamente
1374 1885 1753 1926 cominciaremo.

300 1957 554 1998 Percioche
589 1958 628 1997 si
662 1969 794 1998 come
829 1968 855 1997 a
889 1969 952 1997 un
986 1962 1116 1997 certo
1151 1957 1322 1996 huomo
1357 1968 1450 1997 non
1491 1956 1617 1997 saria
1656 1956 1852 2008 giouato

224 2027 380 2069 niente
400 2029 549 2069 hauer
568 2040 810 2080 promesso
832 2029 876 2068 13
898 2027 1189 2068 restitutione
1210 2027 1256 2067 di
1276 2026 1327 2067 40
1348 2027 1520 2077 ducati,
1554 2039 1603 2067 se
1624 2028 1672 2068 in
1693 2027 1853 2068 effetto

224 2112 318 2140 non
338 2100 367 2140 1’
391 2100 591 2140 hauesse
612 2099 743 2150 satta,
768 2102 867 2139 cosi
893 2098 1288 2139 medesmamente
1320 2099 1442 2139 colui
1476 2100 1561 2140 che
1582 2100 1702 2139 lesse
1722 2099 1764 2139 le
1786 2110 1858 2139 so-

223 2171 438 2222 pradette
459 2176 619 2211 nostre
639 2171 817 2221 lettere,
840 2182 935 2210 non
956 2170 1185 2210 riceueria
1206 2170 1344 2221 piena
1373 2170 1695 2210 consolatione
1723 2171 1857 2222 spiri·

225 2242 364 2292 10310,
389 2242 430 2282 51
451 2253 597 2282 ancor
617 2253 710 2281 non
731 2252 921 2293 sapesse
943 2241 1029 2281 che
1049 2241 1156 2292 quel
1176 2248 1416 2281 mercante
1438 2253 1526 2282 con
1542 2253 1605 2282 un
1626 2241 1789 2282 scritto
1812 2243 1858 2282 di

225 2323 311 2352 sua
331 2324 470 2353 mano
492 2324 518 2352 a
540 2323 613 2352 me
648 2312 726 2363 gia
754 2317 1041 2362 consegnato
1068 2311 1127 2351 ha
1150 2318 1421 2352 assecurato
1442 2312 1473 2352 li
1494 2312 1596 2352 suoi
1619 2312 1855 2353 creditori.

229 2382 293 2424 Mi
319 2384 380 2424 ha
409 2384 535 2433 dato,
570 2382 698 2434 dico,
730 2395 793 2423 un
820 2383 982 2423 scritto
1012 2383 1128 2432 (non
1148 2383 1353 2434 potendo
1389 2383 1556 2424 adesso
1594 2384 1857 2424 commoda-

228 2462 381 2495 mente
401 2465 553 2506 pagar
578 2454 609 2494 li
636 2453 893 2506 sopradetti
918 2452 972 2493 40
991 2453 1162 2504 ducati)
1192 2454 1323 2494 accio
1359 2454 1445 2494 che
1473 2465 1523 2495 se
1559 2453 1682 2494 dalla
1708 2460 1862 2495 morte

229 2525 356 2566 fusse
377 2524 600 2576 impedito
622 2524 748 2564 detto
764 2531 1018 2574 mercante,
1039 2524 1176 2576 quelli
1193 2536 1220 2564 a
1237 2525 1362 2576 quali
1379 2525 1419 2565 si
1436 2525 1646 2566 debbono
1663 2525 1677 2565 i
1695 2525 1860 2566 denari

229 2608 324 2637 non
343 2595 526 2636 saccino
547 2595 731 2646 perdita
753 2595 799 2635 di
825 2595 937 2634 essi.
963 2594 1052 2635 Un’
1077 2595 1195 2635 altro
1217 2606 1394 2636 ancora
1415 2597 1535 2636 oltra
1556 2595 1642 2636 che
1662 2595 1722 2636 ha
1749 2596 1862 2638 dato

230 2678 314 2720 per
333 2666 516 2706 charita
536 2665 655 2706 dieci
675 2665 833 2706 ducati
853 2665 901 2705 in
920 2671 1053 2716 parte
1075 2664 1196 2706 della
1216 2665 1323 2706 dote
1345 2666 1388 2706 d’
1421 2678 1515 2707 una
1542 2666 1772 2711 donzella.
1798 2667 1859 2708 ha

268 2825 279 2847 ¹
319 2826 569 2860 Autographae
585 2825 618 2853 in
634 2824 757 2859 duplici
772 2823 865 2854 folio.
880 2831 912 2850 n.
929 2823 974 2851 69.

267 2873 283 2894 2
320 2873 466 2901 Litteris
482 2881 566 2908 quas
581 2874 688 2900 habes
702 2872 735 2899 in
749 2871 968 2906 praecedenti
984 2872 1052 2899 vol.
1068 2878 1103 2906 11,
1119 2879 1201 2907 pag.
1219 2873 1272 2900 549
1287 2877 1321 2901 et
1337 2881 1419 2909 seq.;
1438 2881 1505 2906 eas,
1527 2874 1608 2901 licet
1623 2874 1684 2901 sub
1699 2874 1799 2902 finem
1812 2874 1867 2908 Ja—

232 2921 346 2949 nuarii
371 2920 470 2955 hujus
494 2920 573 2948 anni
594 2920 695 2948 datae
715 2919 794 2952 sint,
814 2919 1075 2953 quadrimestrz·
1099 2920 1182 2947 dell'
1198 2928 1291 2948 anno
1314 2921 1406 2949 1553
1428 2921 1581 2956 appellat
1607 2920 1766 2955 HeImus,
1787 2922 1867 2957 quia

234 2973 381 3003 quatuor
395 2971 588 3002 postremos
604 2967 685 2995 anni
701 2967 769 2994 1553
782 2974 914 2994 menses
929 2967 1131 3001 respiciunt.
