2028 3328
811 119 892 156 AN.
924 119 1015 157 1555
1664 118 1734 156 427

98 218 173 257 uel
189 217 331 257 animi
353 218 426 257 uel
443 217 655 269 corporis
677 215 818 268 quieti
839 202 952 256 dare
973 215 1190 265 solemus,
1211 227 1333 254 nunc
1352 216 1629 267 intempesta
1652 228 1731 255 no-

98 294 171 328 cte
193 289 364 328 uocati.
402 287 631 328 Immensa
661 293 816 327 tamen
839 285 1013 327 Christi
1047 285 1233 325 bonitas
1254 297 1339 325 sua
1367 298 1452 325 nos
1483 287 1729 327 clementia

98 360 161 399 ita
184 359 311 399 fouet
333 366 377 400 et
398 364 596 409 recreat,
622 363 672 398 ut
692 357 822 398 oneri
843 367 1141 408 nequaquam
1169 356 1543 405 succumbamus,
1575 368 1731 407 quam-

99 442 239 481 quam
262 443 288 471 a
310 430 505 471 medicis
526 430 842 482 proclametur
864 426 1013 479 majus
1041 427 1153 467 illud
1181 438 1283 466 esse
1305 437 1445 478 quam
1473 432 1522 466 ut
1550 439 1576 465 a
1598 427 1731 467 nobis

97 501 317 541 sustineri
339 502 487 552 possit
509 507 589 541 aut
611 500 789 549 debeat3
809 510 895 539 nec
912 498 1083 538 mirum
1098 497 1250 538 uideri
1267 498 1306 538 si
1323 498 1449 537 uires
1466 509 1551 537 nos
1570 509 1728 549 corpo-

96 572 161 612 ris
178 572 288 613 talia
307 578 533 612 conantes
550 571 768 612 deficiant
788 569 1055 621 aliquando.
1079 568 1420 609 Verumtamen
1442 569 1481 608 si
1503 569 1629 608 salus
1651 580 1729 608 no-

96 650 193 683 stra
215 643 531 694 auxiliumque
553 649 764 682 nostrum
787 640 1000 681 Christus
1022 645 1106 689 est,
1131 651 1267 691 quem
1284 639 1568 680 timebimus?
1593 639 1729 690 Quod

92 715 135 754 si
156 714 282 754 uires
303 714 517 765 corporis
540 713 850 761 amiserimus,
874 711 977 763 quis
998 722 1093 750 non
1113 711 1357 762 praeclare
1380 721 1539 750 secum
1571 717 1729 751 actum

97 785 291 836 putabit,
316 796 422 824 cum
449 785 494 824 in
516 783 613 835 ejus
642 784 868 823 honorem
893 781 1210 822 ualetudinem
1240 793 1373 821 suam
1403 781 1679 832 impenderit
1702 793 1728 821 a

97 867 188 907 quo
210 863 404 907 accepta
426 862 516 905 est,
541 867 567 894 a
595 866 686 906 quo
714 855 839 895 uelut
870 853 1054 905 aquilae
1077 851 1269 904 juuenta
1291 853 1619 893 renouabitur?
1640 853 1730 893 Per

96 926 316 966 finitimos
339 927 477 966 etiam
501 927 696 977 populos
719 924 967 965 Societatis
988 924 1113 964 fama
1136 924 1199 964 ita
1221 924 1502 975 percrebuit,
1527 930 1575 964 ut
1596 924 1729 964 multi

92 996 190 1048 jam
201 1009 255 1037 ea
274 999 421 1037 solum
434 997 588 1048 gratia
602 996 888 1036 Placentiam
900 995 1127 1043 uenerint,
1141 1002 1189 1035 ut
1203 995 1343 1035 alicui
1356 1007 1414 1035 ex
1430 995 1604 1035 nostris
1621 1007 1727 1035 con·

95 1068 487 1120 fiterentu1⁴3quod
504 1068 543 1108 si
558 1068 722 1108 Patres
739 1067 882 1119 aliqui
899 1079 953 1107 eo
971 1067 1279 1117 mitterentur,
1299 1072 1426 1107 certo
1444 1066 1619 1107 scimus
1629 1067 1725 1118 plu-

99 1140 270 1180 rimum
298 1140 401 1179 illos
425 1140 647 1191 spiritalis
665 1138 844 1179 fructus
866 1139 1084 1178 lecturos.
1113 1137 1252 1178 Pater
1287 1144 1442 1178 tamen
1474 1137 1726 1178 Villanoua

97 1223 191 1251 non
210 1210 349 1251 audet
367 1210 454 1250 hoc
475 1218 684 1262 tempore
701 1209 893 1250 Patrum
909 1221 1153 1249 numerum
1169 1209 1460 1259 imminuere,
1484 1209 1561 1261 qui
1579 1210 1725 1249 multo

94 1282 247 1322 minor
269 1289 336 1322 est
359 1293 500 1333 quarn
520 1288 569 1322 ut
590 1282 729 1322 messi
750 1280 963 1330 sufficiat,
987 1292 1128 1332 quam
1146 1280 1377 1321 Dominus
1399 1279 1534 1321 affert
1556 1281 1602 1320 in
1625 1292 1723 1320 ma-

96 1365 183 1393 nus
206 1365 481 1393 messorum.

174 1423 315 1464 Venit
351 1424 409 1464 ad
444 1436 544 1473 nos,
578 1423 782 1464 nondum
817 1429 983 1464 exacta
1015 1423 1419 1475 quadragessima‚
1461 1423 1722 1475 Episcopus

93 1495 408 1545 Placentinus,
434 1496 548 1535 satis
569 1495 755 1547 quidem
777 1495 834 1535 ab
857 1495 1023 1535 ouibus
1051 1501 1341 1547 expectatUS,
1373 1495 1448 1535 cui
1475 1495 1725 1535 aduenien-

93 1567 142 1618 ti,
168 1579 290 1607 nouo
314 1566 513 1618 quodam
535 1566 759 1618 applausu
783 1572 827 1606 et
848 1566 1024 1607 laetitia
1050 1567 1282 1614 exultans,
1311 1566 1533 1606 uniuersa
1556 1566 1724 1606 ciuitas

92 1637 344 1678 aduentum
381 1637 703 1688 congratulari
732 1636 856 1687 uisa,
887 1636 1011 1689 quod
1044 1636 1329 1678 Societatem
1360 1638 1483 1677 domi
1515 1638 1722 1689 excepis-

91 1715 176 1760 set,
215 1710 348 1761 quasi
380 1721 528 1749 nouas
564 1707 793 1760 quasdam
820 1708 948 1748 faces
984 1708 1190 1748 admouit
1225 1716 1274 1748 ut
1309 1709 1396 1749 hoc
1433 1720 1549 1760 opus
1577 1710 1721 1749 multo

89 1780 315 1820 illustrius
336 1779 520 1830 efficiat,
553 1779 855 1831 pluribusque
878 1780 1104 1831 operariis
1133 1788 1305 1830 augeat
1328 1791 1467 1832 quam
1491 1780 1721 1832 principio

90 1857 332 1891 statuerat.
358 1851 518 1902 Itaque
541 1862 646 1890 cum
667 1851 867 1902 primum
897 1851 983 1891 sibi
1002 1851 1131 1891 licuit
1151 1862 1234 1902 per
1261 1851 1592 1902 ualetudinem,
1616 1863 1722 1892 cum

88 1922 312 1963 Praetore
334 1929 378 1962 et
400 1921 757 1972 Magistratibus
794 1921 1001 1962 ciuitatis
1030 1922 1194 1962 urbem
1225 1923 1409 1972 lustrat,
1440 1923 1480 1962 si
1508 1922 1630 1962 forte
1661 1924 1722 1962 lo-

89 2004 173 2034 cus
195 1994 362 2044 aliquis
385 1998 603 2033 occurrat
636 1992 713 2032 ubi
747 1992 970 2043 ecclesia,
1005 1993 1269 2044 collegium,
1301 1993 1566 2045 gymnasia,
1601 2004 1721 2033 com-

88 2064 223 2105 mode
246 2064 427 2116 possint
448 2062 701 2114 aedificari,
726 2075 783 2103 ne
806 2075 897 2115 qua
924 2075 999 2104 res
1027 2064 1356 2115 impedimento
1384 2065 1443 2105 sit
1474 2065 1724 2116 quominus

88 2136 218 2186 operi
240 2136 372 2175 detur
402 2134 598 2185 initium,
626 2140 676 2174 ut
704 2134 790 2174 sibi
820 2133 972 2186 ajebat
1002 2135 1049 2175 in
1087 2136 1259 2186 optatis
1294 2147 1412 2176 esse.
1446 2135 1580 2187 Quod
1616 2147 1722 2176 cum

86 2205 243 2246 facere
266 2207 365 2256 ipse
387 2206 539 2255 uellet,
563 2217 654 2245 non
681 2205 846 2246 leuiter
872 2206 1012 2246 etiam
1035 2212 1104 2246 est
1125 2207 1379 2246 multorum
1407 2218 1622 2247 sermone
1656 2207 1720 2246 in-

87 2277 366 2317 flammatus.
388 2276 536 2317 Orare
558 2275 783 2316 Rectores
805 2276 1007 2317 ciuitatis
1027 2277 1140 2317 nihil
1166 2284 1373 2318 moretur
1394 2278 1471 2318 ubi
1503 2279 1580 2318 ubi
1610 2279 1720 2319 uelit

86 2348 390 2388 fundamenta
408 2347 581 2399 jacere.
602 2346 716 2387 Pars
737 2348 953 2399 proprias
971 2348 1150 2399 domos,
1175 2349 1214 2389 si
1236 2360 1352 2400 opus
1375 2356 1512 2401 esset,
1536 2350 1717 2401 partiri,

86 2429 198 2471 pars
231 2424 386 2459 autem
413 2419 624 2469 integras
652 2417 876 2459 Societati
905 2419 1130 2470 polliceri.
1162 2420 1237 2460 Ad
1269 2431 1500 2461 summam
1527 2421 1721 2461 inuenta

87 2495 156 2530 est
179 2489 225 2529 in
247 2489 360 2529 urbe
382 2500 493 2529 area
515 2489 575 2529 ad
595 2488 904 2530 edificandum
926 2490 1185 2541 aptissima,
1215 2492 1362 2531 altera
1384 2492 1456 2532 sui
1473 2498 1606 2544 parte
1624 2504 1718 2533 mu-

88 2572 191 2600 rum
213 2567 429 2611 tangens.
454 2560 631 2601 Ciuitas
654 2567 835 2601 tantum
858 2561 961 2612 agri
991 2569 1125 2602 extra
1147 2562 1311 2602 urbem
1342 2563 1467 2603 dedit
1495 2571 1720 2615 quantum

87 2631 282 2683 petitum
304 2638 393 2671 est:
419 2631 465 2671 in
486 2631 588 2683 ipso
611 2637 767 2672 autem
787 2643 935 2683 muro,
959 2644 1050 2684 quo
1073 2634 1225 2674 nullus
1247 2640 1316 2674 est
1344 2635 1391 2674 in
1425 2635 1498 2675 his
1519 2636 1715 2685 regioni-

87 2703 174 2742 bus
195 2703 526 2754 praestantior,
546 2701 738 2753 januam
766 2703 939 2755 aperiri
973 2705 1213 2755 permittit,
1244 2717 1363 2757 quae
1392 2705 1450 2746 ad
1480 2706 1640 2747 hortos
1672 2707 1719 2747 in

87 2773 196 2813 dato
237 2784 354 2824 agro
394 2773 527 2814 nobis
567 2774 882 2815 conserendos
921 2787 1006 2815 nos
1042 2777 1194 2816 solum
1239 2775 1378 2817 ducat
1418 2783 1463 2817 et
1506 2778 1716 2830 reducat3

87 2856 275 2885 omnem
295 2850 542 2896 praeterea
565 2856 757 2896 operam
787 2857 1021 2897 propenso
1053 2847 1255 2898 quodam
1286 2848 1441 2889 animo
1463 2855 1508 2889 et
1537 2849 1720 2890 liberali

85 2915 293 2966 ⁴quadarn
312 2916 615 2967 gratitudine,
640 2916 679 2956 si
700 2928 790 2968 qua
812 2917 859 2957 in
880 2929 929 2958 re
950 2919 1172 2970 prodesse
1200 2920 1360 2971 possit,
1384 2921 1565 2972 pastori
1591 2922 1718 2973 polli-
