2028 3328
796 119 879 154 AN.
913 117 1003 153 1555
1659 114 1733 151 5οᾎ

178 219 531 271 Superscmptso
563 217 611 257 in
641 219 815 268 quarta
840 201 1045 265 pagina:
1076 212 1136 252 Al
1168 212 1311 251 molto
1343 211 1444 251 ΚΜ)
1477 212 1521 250 in
1542 211 1731 251 Christo

95 291 144 332 P.
170 291 272 332 Mis.
303 291 484 342 Ignatio
515 289 561 329 di
588 288 765 338 Loiola,
794 284 1039 336 Preposito
1066 283 1268 323 General
1295 283 1412 322 della
1440 282 1731 333 Compagnia

97 362 143 403 di
165 363 309 404 Giesu
332 363 378 402 in
400 361 564 401 Roma.

177 434 287 474 Alsa
310 444 471 473 mama:
497 432 610 471 1555.
636 431 815 471 Genua.
840 427 1218 479 Quadrimestres
1244 424 1268 463 o
1289 424 1427 476 Junii.

179 506 343 545 lllcmet
363 503 624 553 vestz'gsmn
647 512 778 541 cerae
799 500 973 540 rubrae
994 496 1167 547 sigilli.

769 924 1008 979 CGGXC
1021 925 1057 975 V

174 1155 404 1194 Arnoldus
424 1156 601 1193 Hezeus

226 1221 348 1259 Patri
368 1221 538 1269 Ignatio
559 1221 611 1258 de
634 1220 820 1267 Loyola.

271 1287 486 1332 Lovanio,
506 1286 529 1323 6
547 1286 664 1332 Junii
686 1285 778 1322 1555
795 1285 818 1320 ¹.

911 1439 933 1473 {-

879 1475 977 1517 IHS

187 1640 353 1681 Gratia
375 1645 419 1680 et
442 1651 537 1691 pax
558 1638 733 1679 Christi
752 1648 937 1688 semper
958 1636 1215 1676 nobiscum.
1236 1635 1403 1676 Amen.

189 1711 239 1752 In
274 1712 363 1751 hoc
394 1709 725 1762 quadrimestri
754 1720 847 1748 non
879 1714 949 1748 est
971 1707 1110 1757 aliud,
1136 1707 1192 1747 de
1222 1718 1312 1758 quo
1334 1706 1384 1747 P.
1409 1707 1469 1747 V.
1493 1706 1743 1747 certiorem

108 1784 263 1824 facere
298 1783 565 1830 debeamus,
597 1792 738 1833 quam
772 1780 952 1826 domus,
992 1778 1269 1828 studiorum,
1308 1778 1658 1818 confessionum
1689 1789 1746 1818 ac

106 1856 386 1895 concionum
408 1853 669 1893 communis
690 1857 855 1899 status,
880 1850 1078 1901 singulis
1099 1861 1217 1900 pene
1252 1849 1672 1900 quadrimestribus
1694 1849 1743 1889 li—

106 1925 220 1966 teris
241 1925 519 1976 explicatus.
667 1926 672 1930 ’

186 1996 230 2037 Α
251 1995 622 2036 confessionibus
644 1993 888 2034 audiendis
909 2005 966 2033 ne
988 1992 1048 2032 ad
1070 1992 1193 2032 diem
1215 1991 1402 2043 quidem
1438 1991 1627 2031 unicum
1649 2002 1747 2031 ces-

107 2074 262 2109 satum
283 2073 365 2114 est,
390 2067 437 2106 in
458 2066 624 2118 quibus
646 2065 750 2114 duo,
770 2064 817 2104 in
838 2063 1037 2104 diuersis
1054 2063 1296 2103 constituti
1313 2062 1540 2113 ecclesiis,
1560 2073 1746 2114 semper

107 2145 413 2190 occupantur,
437 2148 554 2189 quas
576 2135 864 2176 confessario
886 2134 1206 2175 destituendas
1228 2145 1322 2173 non
1344 2139 1563 2184 putamus
1587 2133 1644 2173 ob
1666 2145 1746 2174 va-

108 2211 205 2251 rios
226 2210 469 2261 Vtriusque
491 2219 633 2248 sexus
660 2207 887 2256 homines,
918 2212 1014 2246 tam
1045 2205 1295 2256 religiosos
1326 2216 1466 2256 quam
1487 2205 1740 2254 seculares,

109 2282 189 2334 qui
223 2293 247 2321 e
276 2280 474 2330 diuersis
501 2279 615 2319 locis
646 2284 690 2318 et
723 2277 1004 2327 ciuitatibus,
1034 2276 1205 2327 viginti
1233 2287 1460 2327 persaepe
1482 2286 1630 2327 eoque
1653 2287 1747 2316 am-

109 2353 230 2405 plius
251 2352 359 2392 hinc
380 2350 671 2399 milliaribus,
696 2348 947 2389 confitendi
967 2348 1213 2388 dumtaxat
1229 2345 1619 2397 consultandique
1639 2357 1747 2397 gra-

110 2424 189 2474 tia,
214 2424 304 2463 huc
325 2422 579 2471 confluunt,
603 2420 758 2461 onusti
779 2419 905 2460 haud
924 2430 1034 2459 raro
1055 2417 1288 2469 scrupulis
1304 2425 1349 2457 et
1371 2417 1742 2469 quaestionibus,

112 2495 278 2547 quibus
299 2495 346 2534 in
367 2492 583 2534 omnibus
603 2491 834 2532 Dominus
855 2502 938 2542 per
958 2501 1045 2530 nos
1065 2488 1340 2529 satisfacere
1357 2487 1595 2539 dignatur,
1619 2488 1744 2539 quod

110 2572 273 2607 nostra
294 2575 592 2616 nequaquam
613 2562 812 2614 contigit
847 2561 1094 2611 industria,
1119 2559 1200 2600 sed
1222 2560 1323 2611 ipsa
1344 2558 1358 2578 ²
1380 2559 1608 2599 immensa
1630 2570 1746 2611 erga

163 2753 173 2773 ¹
215 2750 473 2785 Autographae,
490 2754 583 2777 totae
599 2757 700 2777 manu
723 2749 827 2783 ipsius
842 2747 998 2779 Arnoldi‚
1022 2747 1120 2774 unico
1136 2746 1227 2781 folio,
1250 2753 1280 2773 n.
1293 2744 1434 2773 345.-1n
1450 2744 1491 2772 iis
1512 2744 1681 2780 quaedam
1695 2744 1751 2772 de-

111 2800 197 2829 levit
212 2799 390 2832 Polancus,
408 2805 493 2833 quae
508 2805 568 2825 nos
583 2797 709 2825 italicis
723 2796 851 2824 litteris
872 2795 1120 2830 distinguimus;
1143 2794 1225 2827 alia,
1251 2794 1440 2821 deletorum
1464 2794 1537 2820 loco
1558 2792 1751 2827 substituit„

112 2855 198 2883 quae
214 2847 267 2874 hic
282 2846 324 2873 ad
344 2845 491 2880 paginae
512 2846 642 2872 calcem
662 2842 1113 2872 scribemus—Litterarum
1127 2842 1176 2870 sic
1190 2841 1452 2869 emendatarum
1467 2844 1581 2868 exstat
1602 2847 1751 2875 apogra-

114 2897 227 2931 phum.
244 2895 323 2921 folio
339 2895 418 2920 item
435 2893 543 2924 unico,
560 2901 590 2920 n.
606 2893 669 2919 318.

169 2944 182 2963 ‘3
222 2943 349 2977 ipsius.
368 2941 548 2968 Polaticus.
