2028 3328
195 176 266 213 566
706 177 932 215 LITTERAE
960 184 1316 220 QUADRIMESTRES

277 275 528 315 Caeterum
549 275 608 314 ad
630 275 858 314 maiorem
878 275 966 315 Dei
987 275 1187 324 gloriam
1210 274 1345 313 silere
1367 283 1460 311 non
1482 282 1676 322 possum
1698 282 1832 323 prae-

198 347 377 386 clarum
398 346 507 385 illud
531 347 765 397 publicum
798 346 1129 393 testimonium,
1154 344 1278 395 quod
1307 343 1480 382 domini
1510 342 1695 393 hispani
1725 353 1829 382 cum

198 418 295 457 suis
314 417 503 457 familiis
525 418 616 468 (qui
638 418 684 457 in
705 418 778 457 liis
808 418 927 457 aulis
957 416 1102 466 regiis
1122 415 1340 466 permulti
1360 414 1489 463 sunt)
1513 413 1721 464 Collegio
1752 425 1829 452 no-

198 498 295 530 stro
318 489 577 529 Viennensi
605 490 848 541 perhibere
883 489 1046 528 solent.
1085 486 1260 527 Omnes
1288 486 1410 525 enim
1444 497 1536 525 uno
1568 496 1647 524 ore
1676 490 1829 524 conte-

199 567 382 601 stantur
402 561 524 600 hanc
542 560 779 600 ciuitatem
799 559 1023 599 beneficio
1041 558 1150 597 dicti
1168 557 1364 608 Collegii
1382 558 1517 606 longe
1535 567 1675 607 quam
1692 561 1831 595 antea

199 644 320 671 nunc
350 632 489 671 aliam
516 632 687 671 habere
715 631 899 678 faciem,
930 636 973 669 et
1004 641 1122 680 quae
1151 634 1257 668 ante
1286 628 1407 668 illius
1429 627 1682 667 aduentum
1712 627 1831 666 mole

199 703 447 743 haeresum
464 703 686 753 depressa
705 702 763 741 ad
780 702 963 740 ruinam
977 707 1072 740 tota
1093 700 1337 739 videbatur
1355 698 1662 749 propendere,
1682 697 1833 737 videri

198 785 334 825 posse
355 786 479 813 nunc
500 779 718 813 erectam.
744 773 861 813 Eam
883 783 1066 823 quoque
1088 771 1274 810 laudem
1297 770 1431 821 probi
1453 770 1580 809 ciues
1603 775 1646 808 et
1664 773 1834 807 matro-

198 857 287 885 nae
321 845 601 884 viennenses
637 844 783 884 eidem
819 843 1048 892 tribuunt,
1083 853 1280 893 quarum
1308 841 1447 880 etiam
1475 830 1733 891 permultae
1764 838 1838 878 his

201 916 363 956 diebus
390 927 474 955 sua
502 915 691 954 nomina
722 913 928 953 adscribi
956 918 1179 952 curarunt
1207 911 1428 952 Societati
1459 910 1620 951 Sancti
1651 909 1837 950 Rosarii

199 988 373 1028 Beatae
395 986 621 1037 Virginis,
646 984 894 1025 deuotione
916 984 1160 1034 hispanica
1194 982 1316 1034 apud
1345 982 1517 1022 fratres
1538 981 1834 1021 Praedicato-

202 1071 276 1098 res
306 1057 612 1098 resuscitatae
640 1056 969 1106 (celeberrima
1000 1054 1122 1094 enim
1158 1054 1408 1105 aliquando
1443 1053 1490 1092 in
1526 1052 1613 1092 hac
1645 1051 1837 1091 ciuitate

200 1131 317 1170 haec
337 1129 453 1179 suit),
479 1135 523 1168 et
549 1140 631 1179 per
653 1127 1033 1168 concionatorem
1062 1126 1212 1165 nostri
1239 1125 1397 1176 templi
1424 1135 1483 1164 ex
1514 1130 1739 1174 suggesto
1766 1122 1838 1162 bis

203 1201 468 1241 declaratae
490 1206 534 1239 et
555 1198 924 1239 commendatae.

280 1271 426 1311 Porro
443 1271 562 1311 sicut
579 1270 638 1310 ad
655 1270 906 1309 conciones
924 1275 1113 1309 nostrae
1130 1268 1370 1308 Ecclesiae
1388 1265 1683 1306 numerosior
1702 1263 1837 1303 turba

202 1344 296 1383 iam
317 1342 520 1391 confluit,
547 1342 609 1382 ita
631 1341 801 1381 Missae
824 1352 1000 1390 omnes,
1026 1340 1167 1379 etiam
1190 1350 1309 1390 quae
1338 1337 1550 1389 operosis
1579 1336 1740 1375 diebus
1770 1346 1843 1374 or-

203 1414 308 1454 dine
330 1426 413 1453 suo
435 1413 491 1453 ab
513 1413 628 1453 hora
649 1413 810 1463 quinta
841 1412 899 1451 ad
927 1422 1074 1462 usque
1102 1422 1275 1450 nonam
1304 1409 1512 1461 quotidie
1544 1407 1841 1458 frequentan-

202 1493 291 1536 tur,
316 1486 485 1525 multos
506 1490 550 1524 et
571 1485 727 1535 plures
758 1494 897 1535 quam
927 1484 1127 1522 antehac
1155 1482 1328 1522 habent
1356 1481 1552 1521 deuotos
1583 1478 1839 1518 auditores.

201 1557 353 1597 Festis
373 1562 529 1596 tamen
552 1555 727 1604 diebus
753 1554 1004 1606 praecipue
1026 1554 1072 1593 in
1094 1565 1274 1593 summo
1296 1564 1434 1592 sacro
1453 1583 1460 1601 ,
1485 1551 1623 1591 ualde
1647 1549 1840 1600 copiosa

204 1629 296 1668 iam
318 1627 450 1668 adest
472 1634 569 1667 tum
590 1627 898 1677 hispanorum
919 1633 1017 1665 tum
1037 1635 1371 1676 germanorum
1395 1622 1661 1663 multitudo.

282 1698 333 1739 In
367 1710 572 1747 summa,
610 1704 659 1738 ut
694 1698 882 1749 plurimi
905 1696 1165 1737 aduersarii
1201 1694 1442 1745 religionis
1474 1693 1549 1733 hic
1586 1698 1720 1741 sunt,
1758 1690 1839 1742 qui

202 1783 288 1811 nos
316 1769 545 1809 hostiliter
579 1769 675 1809 suis
702 1768 1025 1820 sycophantiis
1052 1767 1229 1818 passim
1263 1767 1492 1815 lacerent,
1517 1770 1624 1804 sunt
1654 1762 1841 1802 interim

203 1842 426 1893 plerique,
457 1853 543 1881 nec
570 1841 600 1880 ii
629 1839 815 1880 infimae
841 1846 981 1879 notae
1008 1839 1241 1887 homines,
1272 1837 1349 1888 qui
1379 1843 1569 1888 propter
1597 1845 1767 1874 nomen
1797 1840 1842 1874 et

206 1925 413 1954 amorem
433 1913 544 1966 Jesu
566 1924 651 1952 nos
672 1911 877 1951 maximo
904 1915 1251 1962 prosequuntur
1272 1909 1471 1957 honore,
1497 1914 1541 1947 et
1564 1907 1654 1946 huc
1684 1918 1709 1945 a
1741 1904 1845 1945 Deo

205 1986 374 2026 missos
399 1985 543 2024 libere
564 1983 893 2035 pronunciant.
916 1981 987 2022 De
1009 1992 1209 2033 quorum
1229 1990 1423 2020 numero
1442 1984 1510 2018 est
1529 1978 1575 2017 in
1595 1977 1759 2029 primis
1780 1987 1847 2016 re-

205 2056 506 2108 ligiosissima
528 2055 794 2108 optimaque
816 2053 998 2104 Regina
1015 2051 1270 2092 Bohemiae
1291 2050 1315 2100 ¹,
1336 2062 1455 2101 quae
1472 2049 1613 2089 etiam
1633 2053 1845 2088 nostrum

208 2129 294 2168 hoc
316 2126 591 2177 Collegium,
615 2126 826 2176 adeoque
854 2130 1001 2164 totam
1033 2122 1182 2162 nostri
1210 2121 1388 2161 ordinis
1415 2119 1722 2166 Societatem,
1753 2129 1847 2157 ma-

207 2199 333 2238 xima
354 2205 453 2238 tum
474 2195 781 2237 veneratione
802 2201 900 2235 tum
926 2194 1218 2243 benignitate
1246 2190 1587 2243 complectitur.
1613 2188 1752 2240 Quod
1775 2189 1848 2227 uel

208 2271 316 2310 hinc
336 2269 472 2310 facile
492 2269 600 2309 licet
621 2266 971 2319 deprehendere
992 2265 1118 2317 quod
1134 2264 1194 2304 ad
1215 2275 1302 2304 nos
1320 2263 1458 2303 toties
1473 2262 1629 2302 mittat
1649 2271 1760 2300 suos
1777 2270 1849 2299 sa-

210 2342 414 2381 cellanos
435 2346 515 2380 aut
537 2339 834 2387 secretarios,
860 2337 939 2389 qui
961 2336 1061 2376 eius
1078 2336 1264 2376 nomine
1281 2334 1338 2374 de
1355 2338 1566 2384 egestate
1584 2331 1752 2370 domus
1770 2341 1847 2369 no-

211 2418 337 2453 strae
371 2411 446 2452 uel
480 2411 640 2462 templi
666 2409 914 2460 diligenter
948 2407 1237 2460 perquirant.
1267 2406 1325 2446 Et
1357 2416 1463 2444 cum
1491 2404 1672 2443 nullum
1703 2401 1849 2441 subsi-

213 2483 338 2522 dium
366 2482 423 2522 ab
453 2482 555 2533 ipsa
584 2481 824 2532 suscipere
852 2479 912 2519 ad
947 2479 1174 2519 maiorem
1206 2476 1296 2517 Dei
1329 2475 1530 2527 gloriam
1561 2472 1851 2513 uoluerimus

213 2565 432 2604 unquam,
456 2565 547 2592 non
569 2558 722 2593 cessat
743 2557 901 2592 tamen
923 2549 1176 2590 identidem
1197 2553 1411 2587 nostrum
1431 2545 1656 2596 templum
1677 2543 1852 2595 precio-

214 2625 278 2663 sis
300 2624 585 2664 ornamentis
612 2624 859 2671 decorare‚
889 2621 1023 2661 cuius
1043 2620 1310 2670 exemplum
1341 2625 1440 2658 tum
1468 2622 1717 2656 matronae
1745 2614 1853 2665 piae

216 2695 353 2734 huius
374 2693 592 2744 ciuitatis,
617 2699 714 2734 tum
736 2693 877 2733 etiam
898 2692 1078 2732 nobiles
1098 2690 1331 2731 foeminae
1352 2701 1410 2729 ex
1428 2688 1533 2727 aula
1551 2698 1637 2738 pro
1655 2697 1740 2726 suo
1757 2696 1850 2724 mo-

218 2766 324 2805 dulo
346 2765 602 2815 imitantur,
625 2765 690 2805 ita
712 2770 760 2804 ut
782 2776 841 2804 ex
862 2764 951 2803 hac
975 2774 1060 2803 ceu
1087 2761 1164 2813 pia
1191 2760 1395 2812 quadam
1424 2756 1738 2798 aemulatione
1767 2766 1857 2795 nos

220 2836 316 2875 suis
336 2835 544 2875 donariis
564 2847 681 2886 pene
699 2835 916 2874 obruant.

281 2993 290 3013 ¹
329 2992 449 3025 Maria,
462 2993 576 3020 Caroli
592 2993 623 3020 V
640 2992 719 3026 filia,
734 2991 957 3019 Maximiliani
975 2991 1004 3018 ΙΙ
1019 2998 1116 3018 uxor.
