2028 3328
796 130 875 166 Ax.
910 130 999 165 1555
1645 126 1714 163 507

83 243 188 272 cum
227 232 274 271 in
300 231 390 271 tria
421 230 574 282 capita
603 241 677 269 res
706 234 803 268 tota
831 227 1078 266 distributa
1114 225 1187 274 sit,
1226 225 1270 263 in
1305 223 1500 262 fratrum
1538 224 1714 263 scilicet

82 304 459 351 emolumentum,
484 301 704 341 iuuenum
721 298 1077 351 promotionem,
1097 294 1483 345 exomologeseos
1504 294 1710 344 frequen·

83 374 327 423 tationem,
377 385 432 412 ac
472 372 686 412 crebram
726 377 1061 411 sacrosanctae
1106 377 1344 418 synaxeos
1385 365 1713 416 sumptionem3

84 450 308 496 quantum
338 443 550 484 doctrina
578 442 749 482 fratres
781 452 835 480 ac
865 439 1022 491 probis
1051 437 1258 477 moribus
1291 437 1338 476 in
1371 436 1470 476 dies
1501 447 1717 475 crescant

83 517 276 567 longum
298 521 419 554 esset
442 526 524 565 per
545 514 730 565 singula
752 522 962 564 quaeque
985 519 1248 559 recensere;
1271 507 1540 547 summatim
1562 513 1717 546 autem

86 587 306 627 nonnulla
327 586 570 636 attingam,
592 585 757 636 quibus
776 580 1048 634 perspectis.
1068 579 1234 631 possis,
1254 578 1307 618 R.
1327 577 1394 628 P„
1415 584 1600 616 caetera
1619 588 1716 627 per-

84 657 288 710 pendere
311 663 448 708 atque
471 656 736 696 aestimare.

166 727 373 768 Primum
391 727 549 778 igitur,
568 726 691 778 quod
709 725 912 765 maxime
930 721 1136 763 omnium
1158 720 1342 761 difficile
1365 719 1537 771 alioqui
1560 726 1644 769 est,
1672 719 1719 758 in

88 805 154 838 tot
177 799 422 838 nationum
442 809 716 849 morumque
739 795 1011 836 diuersitate
1039 793 1238 834 fratrum
1260 802 1442 831 summa
1465 789 1719 830 concordia

87 876 171 919 est,
195 875 243 909 ut
265 881 359 909 non
380 869 629 920 propinqui
651 867 803 917 modO,
828 866 909 906 sed
932 866 1005 905 uel
1025 865 1197 905 fratres
1218 862 1387 903 uterini
1410 874 1512 902 esse
1534 861 1720 901 uidean-

87 946 177 981 tur.
203 940 343 991 Quid?
365 952 455 991 qua
475 939 717 990 diligentia
735 937 953 978 ardentes
969 936 1099 976 horis
1116 934 1422 987 praescriptis
1440 944 1604 984 preces
1620 932 1721 971 Deo

87 1018 181 1063 opt.
202 1023 326 1051 max.
351 1011 566 1051 fundant?
585 1022 675 1062 qua
693 1009 838 1049 literis
856 1007 1146 1048 incumbant?
1175 1017 1265 1057 qua
1288 1016 1372 1045 suo
1400 1016 1583 1056 quoque
1611 1010 1723 1043 tem-

87 1095 201 1135 pore
217 1083 469 1135 gymnasia
488 1082 671 1130 adeant,
693 1093 747 1120 ac
765 1080 1005 1131 discipulis
1023 1089 1208 1118 omnem
1224 1075 1558 1128 grammatices
1576 1086 1721 1126 prope

89 1154 319 1195 infinitam
334 1155 429 1194 uim
447 1166 502 1194 ac
518 1152 765 1193 materiam
781 1150 989 1191 tradant?
1004 1149 1175 1190 Multos
1193 1154 1370 1195 nostra,
1389 1148 1560 1198 plures,
1582 1146 1722 1186 maio-

89 1237 192 1266 rum
214 1232 381 1274 aetate,
407 1225 622 1276 precibus
649 1224 863 1263 homines
881 1221 1076 1271 deditos,
1096 1221 1264 1260 multos
1286 1219 1439 1258 studio
1462 1218 1722 1268 literarum,

90 1298 260 1337 multos
281 1296 478 1347 denique
496 1295 831 1346 discipulorum
851 1292 1090 1344 profectus
1111 1290 1307 1341 cupidos
1327 1289 1543 1338 uidimus;
1569 1294 1631 1337 at,
1648 1288 1725 1339 qui

90 1367 207 1408 haec
225 1368 381 1408 omnia
394 1372 704 1419 praestarent,
726 1365 927 1405 uidimus
944 1374 1136 1415 paucos.
1160 1361 1294 1412 Quod
1312 1367 1441 1401 tanto
1466 1360 1726 1400 mirabilius

91 1439 227 1479 debet
248 1439 411 1485 uideri,
436 1444 609 1489 quanto
632 1436 798 1477 maiori
819 1434 1108 1475 humanitate
1130 1433 1432 1473 coniunctum
1454 1438 1538 1471 est.

172 1509 247 1551 Ad
278 1510 520 1549 literarum
548 1509 807 1548 studiosam
834 1507 1137 1553 iuuentutem,
1169 1516 1308 1556 quam
1331 1503 1489 1555 probis
1519 1503 1728 1543 moribus

94 1593 150 1621 ac
171 1581 306 1621 bonis
328 1580 474 1621 literis
496 1579 801 1619 erudiendam
824 1578 961 1618 huius
984 1576 1181 1627 Collegii
1202 1575 1372 1615 fratres
1401 1580 1726 1625 susceperunt,

91 1663 164 1692 me
201 1652 455 1692 conferam.
493 1651 624 1691 Haec
658 1650 829 1702 partim
864 1661 947 1700 pro
985 1648 1209 1698 cuiusque
1240 1652 1379 1698 captu
1409 1658 1463 1686 ac
1494 1645 1726 1696 doctrina,

92 1724 263 1775 partim
285 1723 409 1774 quod
430 1734 550 1762 unus
572 1722 758 1774 quidem
779 1721 942 1761 doctor
959 1726 1117 1759 tantae
1134 1717 1419 1758 multitudini
1439 1717 1596 1757 facere
1613 1717 1728 1756 satis

92 1807 184 1835 non
214 1805 394 1846 posset,
425 1806 509 1834 sex
536 1799 605 1833 est
633 1793 679 1832 in
709 1793 885 1832 classes
914 1790 1176 1839 distributa,
1207 1800 1406 1841 quarum
1436 1799 1619 1828 summa
1647 1798 1730 1827 eos

94 1866 315 1916 continet,
341 1866 418 1918 qui
440 1865 681 1906 Ciceronis
710 1863 1013 1912 orationibus,
1033 1861 1218 1902 Horatii
1239 1860 1462 1912 epistolis,
1488 1870 1543 1899 ac
1572 1859 1613 1899 ei
1640 1858 1729 1898 De-

96 1937 336 1989 spauterii,
361 1948 480 1988 quae
502 1935 557 1976 de
586 1941 843 1975 metrorum
864 1933 1045 1974 ratione
1066 1938 1255 1982 tractat,
1285 1931 1408 1983 parti
1435 1930 1724 1979 incumbunt,

93 2009 170 2061 qui
192 2020 386 2048 numero
409 2008 499 2048 duo
521 2013 566 2047 et
586 2006 754 2057 uiginti
774 2013 881 2046 sunt
903 2011 982 2044 aut
998 2005 1102 2056 plus
1124 2015 1193 2043 eo.
1217 2003 1381 2043 Altera
1398 2002 1601 2053 primum
1621 2000 1724 2041 Vir-

93 2080 192 2131 gilii
220 2079 474 2129 Aeneidos,
500 2077 649 2118 Marci
677 2076 815 2117 Tullii
843 2075 1065 2128 epistolas
1096 2074 1154 2114 ad
1183 2073 1450 2123 Curionem,
1486 2084 1540 2111 ac
1575 2083 1730 2123 gram-

96 2151 295 2191 maticae
330 2149 568 2190 Niniuitae
606 2148 613 2167 ¹
651 2154 846 2199 partem,
881 2158 1000 2198 quae
1028 2146 1084 2186 de
1112 2145 1478 2195 uniuscuiusque
1512 2142 1731 2183 dictionis

95 2227 348 2271 structura,
373 2232 476 2260 eam
498 2231 697 2271 quoque,
722 2230 813 2270 qua
836 2217 1059 2269 cuiusque
1080 2216 1296 2256 dictionis
1320 2214 1633 2255 accidentium
1656 2225 1728 2253 co-

95 2292 243 2345 gnitio
263 2292 474 2340 habetur,
500 2291 859 2341 interpretatur:
881 2300 967 2328 nec
994 2289 1132 2339 longe
1160 2287 1259 2327 eius
1288 2297 1510 2326 numerus
1539 2285 1682 2325 distat
1704 2296 1731 2324 a

97 2364 307 2415 triginta.
331 2362 467 2402 Hanc
488 2373 671 2413 quoque
699 2359 998 2412 Despauterii
1029 2364 1212 2410 partem
1233 2369 1340 2398 cum
1369 2356 1611 2398 Ciceronis
1641 2356 1732 2407 epi·

98 2435 245 2483 stolis,
267 2445 322 2474 ac
339 2433 676 2484 grammatices
693 2431 970 2479 rudimenta,
990 2436 1190 2482 quatuor
1206 2434 1250 2469 et
1267 2427 1582 2480 quadraginta
1599 2427 1733 2467 disci-

96 2506 219 2558 pulis
254 2505 421 2545 tertiae
457 2504 621 2545 classis
657 2509 936 2555 praeceptor
971 2501 1128 2541 tradit.
1166 2499 1393 2540 Eamdem
1432 2498 1733 2550 Despauterii

96 2583 279 2628 partem
300 2587 407 2616 cum
428 2575 705 2615 rudimentis
727 2580 771 2614 et
793 2573 987 2614 Catonis
1009 2571 1219 2612 distichis
1241 2572 1489 2623 plusquam
1511 2570 1733 2621 quinqua-

96 2648 228 2698 ginta
251 2646 467 2698 discipuli
488 2646 535 2686 in
554 2646 580 2686 4
600 2644 614 2664 ²
636 2645 876 2686 docentur.
908 2643 1081 2695 Quinta
1107 2642 1297 2682 tandem
1326 2641 1373 2681 in
1401 2641 1519 2681 duas
1551 2647 1731 2680 turmas

99 2724 168 2758 est
190 2717 355 2767 diuisa,
381 2728 579 2769 quarum
604 2717 752 2756 altera
781 2714 1059 2756 rudimentis
1080 2726 1135 2754 ac
1157 2713 1399 2753 doctrinae
1426 2712 1731 2763 christianae,

101 2791 248 2829 altera
270 2788 435 2829 iisdem
452 2800 507 2828 ac
525 2799 750 2839 generum
767 2785 1038 2827 discretioni
1055 2784 1294 2825 incumbit.
1316 2783 1495 2824 Horum
1511 2794 1736 2823 numerus

157 2902 164 2922 ¹
205 2900 351 2934 Joannes
368 2908 433 2928 van
450 2901 624 2928 Pauteren
639 2899 921 2934 (Despauterius),
944 2898 1050 2926 etiam
1064 2905 1166 2932 saepe
1187 2896 1335 2930 Joannes
1350 2896 1506 2924 Ninivita
1529 2896 1737 2930 appellatus.

156 2949 169 2968 Ξ
207 2949 239 2976 in
256 2954 380 2983 quarta
396 2949 522 2976 classe.
