2028 3328
840 119 878 155 A
885 130 906 155 N
954 119 966 154 1
975 118 1043 154 1351>
1695 122 1766 158 :307

759 566 1114 621 CCCLXXV

198 796 458 834 Lconardus
481 796 639 833 Kessel

244 861 364 899 Patri
379 861 550 908 Ignatio
572 861 625 898 de
643 861 828 908 Loyola.

291 928 489 973 Colonia,
512 927 558 965 30
579 927 744 974 Aprilis
768 927 859 964 1555
878 926 905 963 ¹.

927 1082 947 1115 †

893 1117 990 1158 IHS

201 1279 364 1320 Gratia
388 1285 432 1319 et
452 1292 546 1331 pax
567 1279 743 1320 Christi
765 1278 956 1318 Domini
978 1278 1239 1318 nobiscum.
1259 1277 1433 1318 Amen.

200 1350 577 1401 Quadrimestres
612 1352 772 1390 literas
797 1350 1072 1401 scripturus,
1109 1348 1210 1389 Rde
1241 1349 1382 1389 Pater
1416 1350 1463 1389 in
1499 1348 1702 1399 Christo,
1733 1361 1757 1389 a

115 1427 279 1461 nostra
301 1421 495 1462 Colonia
516 1422 837 1473 incipiendum
865 1432 967 1461 esse
1003 1421 1181 1472 putaui,
1217 1432 1357 1472 quam
1379 1432 1620 1472 nunquam
1647 1421 1762 1461 satis

116 1493 310 1534 laudare
331 1504 522 1544 possum
543 1493 667 1545 quod
693 1492 809 1533 adeo
840 1499 1027 1532 strenue
1056 1503 1158 1532 sese
1187 1492 1401 1532 hostibus
1437 1491 1544 1532 fidei
1566 1491 1763 1532 catholi-

116 1575 200 1604 cae
223 1570 442 1616 opponat,
467 1564 732 1604 haereticos
754 1563 1110 1613 incarcerandO,
1139 1563 1368 1603 eiiciendo
1399 1563 1549 1603 malos
1577 1569 1621 1603 et
1649 1562 1762 1603 infe-

114 1641 217 1676 ctos
239 1636 613 1675 concionatores:
639 1647 728 1686 qua
749 1634 795 1674 in
819 1646 883 1684 re,
905 1635 1012 1674 licet
1036 1634 1239 1685 plurima
1260 1633 1537 1685 expenderit
1554 1634 1760 1685 labores,

116 1719 205 1758 que
226 1718 318 1746 non
342 1706 550 1746 modicos
571 1706 856 1755 sustinuerit,
880 1717 972 1745 non
995 1713 1155 1745 tamen
1183 1705 1362 1756 coeptis
1392 1705 1583 1755 destitit,
1613 1705 1762 1745 donec

114 1778 213 1817 voti
235 1789 427 1828 compos
448 1777 591 1816 fieret.
617 1776 722 1828 Jam
748 1788 860 1827 prae
889 1777 1103 1816 manibus
1138 1776 1279 1816 habet
1316 1776 1567 1827 quemdam
1587 1776 1765 1816 Docto-

116 1860 216 1889 rem
231 1848 480 1899 Medicum,
505 1849 583 1899 qui
617 1849 770 1899 palam
803 1848 1050 1899 profitetur
1087 1859 1137 1887 se
1173 1847 1512 1888 reuelationem
1542 1847 1762 1887 habuisse

114 1921 237 1972 quod
255 1920 522 1960 Dioecesim
543 1919 868 1960 Coloniensem
895 1930 979 1959 sua
1009 1918 1270 1959 reformare
1303 1919 1657 1970 praedicatione
1687 1919 1762 1959 de-

115 1992 260 2032 beret.
285 1991 366 2032 Est
388 1991 527 2031 homo
549 1991 596 2030 in
613 1991 904 2030 naturalibus
926 1991 1106 2038 doctus,
1130 1990 1309 2030 habens
1345 2001 1559 2041 vxorem,
1590 1995 1648 2041 et,
1673 1990 1764 2030 nisi

118 2064 161 2103 ei
183 2064 508 2115 permittatur,
539 2062 652 2102 dicit
682 2062 905 2113 plurimos
941 2074 1000 2102 ex
1035 2062 1296 2102 maioribus
1329 2061 1459 2102 breui
1494 2062 1762 2102 morituros.

119 2135 384 2185 Lectiones,
409 2146 528 2186 quas
549 2134 722 2174 habere
744 2134 861 2174 solet
881 2134 928 2174 in
951 2134 1158 2174 naturali
1179 2133 1492 2185 philosophia,
1524 2133 1588 2173 illi
1609 2133 1762 2184 prohi-

73 2256 75 2259 .
120 2207 245 2247 bitae
267 2212 390 2256 sunt,
416 2212 459 2245 et
478 2206 578 2257 ipsa
601 2206 768 2245 ciuitas
790 2205 832 2245 ei
853 2205 1092 2256 prohibita
1114 2206 1183 2244 est
1203 2203 1232 2242 ².
1252 2204 1483 2244 Dominus
1502 2203 1609 2256 Opt.
1633 2203 1759 2248 Max,

119 2278 336 2329 dignetur
358 2276 633 2328 Superiores
668 2275 971 2316 Colonienses
1006 2275 1171 2316 tamin
1202 2275 1522 2327 spiritualibus
1553 2286 1694 2326 quam
1716 2275 1764 2315 in

118 2348 457 2400 temporalibus
475 2348 521 2387 in
542 2348 643 2387 zelo
665 2347 856 2387 honoris
878 2346 1053 2387 Christi
1074 2358 1359 2387 conseruare
1376 2357 1525 2398 Vsque
1542 2346 1589 2386 in
1605 2345 1761 2387 finem.

199 2419 310 2459 Post
344 2419 514 2459 festum
549 2416 761 2458 Paschae
796 2418 922 2458 facta
958 2424 1028 2458 est
1061 2418 1136 2457 hic
1173 2417 1437 2469 deportatio
1467 2415 1762 2457 Sanctissimi

117 2491 412 2532 Sacramenti
438 2490 646 2530 maxima
682 2501 788 2530 cum
823 2489 1118 2530 solemnitate
1155 2495 1200 2529 et
1232 2488 1392 2540 populi
1422 2488 1684 2540 frequentia
1706 2500 1761 2528 ac

110 2562 375 2612 deuotione,
400 2562 514 2613 Epis
528 2573 647 2613 copo
664 2568 913 2612 praesente
935 2560 964 2612 ³,
989 2561 1067 2613 qui
1084 2567 1129 2601 et
1158 2561 1310 2612 ipsum
1338 2559 1461 2600 idem
1489 2559 1762 2600 Sacramen-

170 2747 180 2767 ¹
221 2746 469 2781 Apographum
490 2746 523 2773 in
546 2745 625 2773 solio
647 2744 756 2776 unico.
779 2752 809 2772 n.
831 2744 1065 2771 316.—Eadem
1086 2751 1198 2774 manu,
1221 2744 1318 2771 nobis
1340 2744 1471 2778 ignota,
1496 2744 1554 2771 sed
1576 2748 1671 2771 certo
1693 2747 1752 2771 aut

111 2794 279 2823 flandrica
294 2798 354 2821 aut
369 2794 579 2828 germanica,
595 2800 680 2827 quae
696 2792 935 2826 apographum
957 2791 1124 2818 exavavit
1146 2791 1448 2826 quadrimestrium
1470 2792 1501 2819 14
1520 2791 1675 2824 januarii
1703 2792 1763 2819 da-

109 2847 234 2876 tarum,
252 2849 336 2876 quas
349 2841 457 2869 habes
472 2848 589 2876 supra,
605 2848 689 2875 pag.
707 2840 769 2871 250,
787 2848 817 2867 n.
834 2846 989 2867 ccchvL

167 2889 181 2909 2
218 2889 268 2917 De
286 2890 349 2917 hoc
364 2890 464 2924 plura
479 2889 639 2916 fortassis
655 2888 799 2915 dicenda
816 2887 966 2919 venient,
981 2894 1057 2914 cum
1073 2888 1140 2914 vol.
1157 2895 1178 2914 v
1202 2886 1364 2915 Clzrom‘cz·
1378 2887 1526 2915 POLANCI
1542 2887 1692 2915 edemus.

166 2937 180 2957 ³
219 2937 378 2972 Adolpho
393 2936 441 2965 111
456 2944 523 2964 von
539 2936 797 2970 Schauenburg.
