2028 3328
231 190 302 227 592
752 188 973 224 LITTERAE
993 195 1351 228 QUADRIMESTRES

960 635 1165 691 ODXV

308 871 545 918 (joanneffl
566 871 690 908 Leon

357 937 477 974 Patri
496 936 665 983 ignatio
686 934 738 971 de
758 934 941 981 Loyola.

402 1002 676 1045 Vallisoleto,
701 1000 717 1037 1
739 998 1013 1046 Septembris
1035 997 1125 1035 1555
1145 997 1169 1032 ¹.

1046 1153 1064 1185 ἦ·

1008 1187 1106 1229 IHS

318 1354 585 1396 Admodum
606 1351 1012 1393 Reuerendissime
1034 1349 1144 1400 (sic)
1167 1349 1210 1389 in
1236 1348 1424 1389 Christo
1446 1347 1602 1388 Pater.

319 1426 483 1467 Gratia
506 1431 550 1465 et
571 1436 664 1476 pax
691 1422 881 1463 Domini
908 1421 1057 1462 nostri
1085 1420 1195 1474 Jesu
1223 1419 1397 1461 Christi
1424 1418 1483 1458 sit
1511 1429 1694 1470 semper
1723 1417 1877 1457 nobis·

241 1510 360 1539 cum.
385 1497 552 1538 Amen.

320 1568 450 1620 Quae
472 1568 518 1608 in
539 1566 815 1619 particulari
835 1565 1065 1605 Dominus
1085 1569 1244 1604 noster
1264 1562 1400 1616 Jesus
1430 1567 1521 1601 xnus
1541 1572 1627 1601 sua
1649 1570 1764 1611 erga
1785 1570 1873 1599 nos

239 1639 527 1691 benignitate
550 1650 605 1679 ac
627 1637 888 1687 clementia,
911 1636 999 1676 hoc
1022 1633 1356 1687 quadrimestri
1382 1632 1637 1685 praeterito
1665 1642 1748 1682 per
1770 1641 1872 1680 nos,

239 1712 346 1752 licet
363 1710 543 1753 inutilia
564 1711 888 1758 instrumenta,
907 1707 956 1747 in
971 1707 1110 1746 vinea
1128 1717 1212 1746 sua
1230 1704 1417 1756 operari
1434 1703 1654 1754 dignatus
1671 1707 1754 1752 est,
1774 1702 1873 1741 bre-

238 1784 358 1824 viter
381 1783 549 1823 dicam.
572 1780 692 1821 Nam
713 1780 753 1820 si
774 1779 830 1820 de
852 1778 1080 1828 omnibuS,
1105 1789 1225 1829 quae
1246 1774 1450 1827 quotidie
1472 1780 1516 1814 et
1535 1774 1804 1825 frequenter
1824 1772 1872 1812 in

240 1854 388 1895 solitis
417 1852 653 1893 exercitiis
681 1850 922 1899 accidunt,
952 1848 1228 1897 scriberem,
1263 1846 1495 1898 prolixam
1526 1845 1639 1885 satis
1667 1845 1874 1885 facerem

242 1926 499 1978 epistolam.
1607 1918 1609 1920 ’

317 1995 550 2048 Imprimis
571 1994 786 2035 monialis
808 1992 1054 2045 quaedam,
1079 1990 1247 2041 viginti
1268 2001 1353 2030 sex
1381 2000 1530 2029 annos
1552 1987 1731 2027 habens
1756 1987 1877 2027 relli-

242 2068 414 2120 gionis,
448 2079 567 2119 quae
594 2078 652 2106 ex
679 2064 934 2116 superioris
965 2063 1153 2103 licentia
1184 2062 1333 2101 vitam
1361 2061 1407 2100 in
1439 2060 1628 2100 saeculo
1654 2058 1874 2105 faciebat,

243 2140 521 2190 nolebatque
544 2138 603 2178 ad
625 2135 961 2177 monasterium
983 2146 1069 2175 nec
1091 2133 1149 2173 ad
1170 2133 1448 2183 religionem
1468 2131 1636 2181 redire,
1658 2129 1873 2170 confessa

242 2210 326 2251 fuit
348 2216 541 2262 peccata
565 2207 749 2248 cuidam
771 2219 829 2247 ex
849 2207 1025 2246 nostris
1047 2204 1263 2245 Patribus
1284 2209 1410 2243 mota
1442 2215 1467 2242 a
1491 2202 1715 2252 Domino,
1740 2212 1801 2241 ex
1822 2212 1878 2240 eo

244 2282 365 2334 quod
387 2281 598 2321 audierat
625 2291 712 2319 nos
739 2290 887 2330 aequo
920 2277 1097 2326 animo,
1127 2275 1332 2316 maximo
1365 2285 1525 2314 amore
1554 2285 1609 2313 ac
1639 2273 1876 2313 hilaritate

246 2352 490 2393 admittere
510 2351 800 2403 poenitentes
822 2360 997 2398 omnes,
1023 2347 1101 2399 qui
1121 2346 1180 2388 ad
1201 2357 1286 2386 nos
1316 2345 1526 2386 veniunt:
1555 2344 1666 2384 fecit
1692 2342 1878 2383 confes-

244 2424 424 2463 sionem
445 2423 737 2473 generalem,
768 2421 815 2461 in
843 2432 934 2471 qua
964 2418 1282 2459 manifestauit
1305 2428 1386 2457 cor
1414 2421 1552 2468 atque
1582 2416 1800 2465 uulnera,
1833 2419 1879 2453 et

245 2494 542 2534 miseratione
564 2493 718 2533 divina
744 2497 911 2532 sanata
932 2496 1015 2541 est,
1040 2490 1104 2530 ita
1126 2495 1174 2529 ut
1196 2489 1298 2540 ipsa
1321 2487 1534 2538 diligenti
1563 2497 1676 2526 cura
1698 2484 1877 2526 deside-

245 2566 393 2614 rabat,
417 2564 761 2616 quamprimum
781 2568 958 2615 posset‚
983 2561 1042 2601 ad
1063 2572 1200 2601 suum
1219 2561 1294 2600 uel
1315 2558 1441 2600 aliud
1467 2557 1676 2598 eiusdem
1697 2556 1877 2597 ordinis

246 2636 584 2676 monasterium
606 2635 689 2675 ire.

327 2706 460 2746 Duae
496 2706 707 2746 similiter
736 2705 986 2755 foeminae,
1015 2704 1141 2744 facta
1167 2702 1461 2744 confessione
1487 2699 1698 2752 generali
1727 2698 1878 2739 eidem

250 2775 393 2827 Patri,
416 2787 640 2827 magnum
662 2787 688 2815 a
708 2775 913 2816 Domino
939 2775 1051 2828 Jesu
1076 2773 1351 2814 beneficium
1380 2776 1681 2823 receperunt,
1710 2769 1879 2809 illuxit-

304 2911 312 2930 *
352 2911 600 2945 Autographae
622 2911 702 2938 folio
725 2911 836 2944 unico,
861 2918 891 2937 n,
913 2911 1146 2938 twa-Auctor
1173 2917 1360 2944 cognomen
1387 2916 1483 2936 suum
1506 2912 1640 2935 tantum
1666 2905 1881 2940 subscripsit.

249 2957 352 2985 Forte
367 2959 422 2985 ille
439 2964 490 2986 est
505 2958 654 2991 Joannes
668 2958 773 2993 Leon,
798 2958 854 2993 qui
876 2957 1108 2986 Salmanticae
1130 2965 1244 2986 mense
1268 2957 1454 2985 Novembri
1479 2956 1557 2984 anni
1573 2954 1643 2982 1553
1666 2953 1823 2988 degebat;
1846 2952 1878 2979 id

249 3008 364 3032 tamen
379 3006 548 3033 affirmare
569 3013 634 3033 non
650 3005 824 3039 audemus,
839 3006 918 3040 quia
932 3006 1024 3033 nullo
1039 3009 1132 3033 certo
1147 3009 1350 3040 argumento
1364 3005 1462 3033 inniti
1477 3010 1665 3039 possumus.
