2028 3328
855 117 935 153 ΑΝ.
968 118 1057 153 1ῖ);”)ἶ)
1698 120 1771 157 553

345 514 625 541 praecedentium
644 514 757 541 Patris
772 513 910 547 Joannis
926 514 1059 541 Xuarcz
1077 515 1269 542 litterarum
1287 516 1393 542 latina
1408 515 1522 542 versio
1541 517 1560 541 ¹.

901 657 999 733 1133

209 853 474 894 Admodum
497 854 771 895 Reuerende
793 855 839 895 in
861 854 941 894 X.0
960 853 1112 894 Pater.

204 924 304 964 Pax
327 924 514 965 Christi.

205 995 476 1035 Intellexisti
513 996 791 1036 crediderim
821 995 1026 1044 abunde,
1063 995 1198 1036 Pater
1226 997 1569 1048 amantissime,
1600 1011 1659 1038 ex
1686 999 1757 1050 iis,

124 1078 241 1117 quas
263 1067 321 1106 ad
343 1073 386 1106 tc
409 1067 595 1107 circiter
618 1068 848 1107 decimum
872 1067 1119 1118 septimum
1136 1066 1363 1108 kalendas
1381 1067 1530 1108 Maias
1548 1070 1759 1111 misimus

123 1137 297 1188 literas,
322 1150 440 1189 quae
462 1138 591 1178 Deus
614 1137 718 1190 Opt.
743 1138 869 1179 Max.
894 1138 1152 1178 ministerio
1171 1149 1348 1189 eorum,
1373 1139 1451 1190 qui
1472 1147 1579 1180 sunt
1602 1141 1648 1180 in
1670 1142 1759 1182 hac

124 1208 252 1257 vrbe,
278 1216 467 1249 nostrae
489 1208 751 1260 Societatis,
776 1209 996 1260 dignatus
1017 1214 1088 1249 est
1109 1209 1311 1260 operari;
1335 1210 1498 1250 eadem
1526 1218 1680 1252 autem
1714 1220 1758 1253 et

121 1291 240 1330 quae
263 1280 436 1320 Christi
458 1280 736 1331 doctrinam,
761 1281 944 1332 priuata
963 1280 1208 1331 colloquia,
1228 1286 1273 1320 et
1290 1292 1409 1332 quae
1428 1281 1486 1322 ad
1505 1283 1756 1323 conciones

118 1351 328 1401 publicas
365 1352 576 1401 attinent,
605 1363 695 1402 quo
732 1351 894 1391 ordine
928 1352 1078 1391 relata
1112 1357 1224 1391 tunc
1257 1351 1466 1401 fuerunt,
1505 1353 1752 1395 immutata

120 1433 311 1472 prorsus
333 1422 392 1462 ad
414 1433 564 1462 nonas
584 1434 731 1474 vsque
752 1421 915 1474 Junias
932 1430 1249 1472 permansere;
1274 1433 1365 1474 quo
1383 1422 1457 1463 die
1474 1422 1614 1464 Pater
1630 1425 1752 1466 Gon-

118 1493 244 1532 zalez
279 1493 416 1533 simul
446 1504 552 1533 cum
574 1493 714 1533 Patre
743 1492 883 1533 Auila
912 1492 1179 1533 Cordubam
1205 1499 1249 1533 et
1280 1491 1564 1545 Granatam‚
1597 1497 1675 1536 vbi
1707 1498 1753 1538 in

118 1564 494 1614 praesentiarum
515 1571 676 1615 agunt,
701 1565 960 1605 decessere:
985 1564 1152 1604 exinde
1173 1564 1251 1615 qui
1277 1565 1592 1615 superfuimus
1622 1569 1750 1619 quin-

118 1647 206 1686 que
230 1641 401 1686 patres,
427 1647 533 1676 cum
555 1636 659 1676 aliis
680 1636 883 1688 quinque
913 1635 1156 1686 fratribus,
1181 1647 1381 1676 messem
1409 1636 1466 1676 ab
1495 1638 1563 1678 eis
1597 1639 1749 1680 incoe-

118 1713 245 1756 ptam
266 1707 439 1759 colligi,
463 1713 690 1759 quantum
711 1707 870 1748 diuina
899 1708 1055 1759 gratia
1085 1709 1323 1759 concedit,
1348 1709 1582 1752 metimus.
1612 1710 1750 1752 Vnde

115 1780 452 1829 praeleguntur
473 1779 658 1819 articuli
679 1778 785 1819 fidei
800 1779 997 1830 singulis
1013 1780 1174 1821 diebus
1190 1781 1438 1824 dominicis
1454 1784 1500 1824 in
1518 1783 1747 1824 vestibulo

116 1849 282 1889 domus
302 1856 507 1896 nostrae,
532 1850 592 1890 ad
612 1861 810 1902 quorum
830 1851 1076 1891 lectionem
1095 1852 1213 1893 adeo
1231 1865 1403 1906 magna
1421 1855 1661 1895 hominum
1677 1855 1750 1895 vis

115 1920 320 1970 confluit,
344 1927 394 1961 ut
415 1921 510 1971 vix,
534 1921 686 1973 posito
704 1920 839 1972 juxta
859 1921 985 1962 fores
1013 1930 1253 1974 suggesto,
1278 1936 1376 1965 vox
1397 1926 1750 1966 concionatoris

114 1991 338 2041 (alioquin
361 1993 454 2032 alta
477 1998 521 2032 et
543 1992 687 2043 clara)
712 1993 769 2032 ab
791 1993 1005 2033 omnibus
1037 1994 1189 2035 audiri
1209 1996 1372 2047 possit.

194 2063 276 2102 Est
297 2063 431 2103 nobis
453 2075 476 2102 e
499 2063 692 2115 regione
715 2064 992 2105 coenobium
1014 2066 1249 2117 quoddam
1270 2068 1542 2108 monialium
1570 2068 1749 2109 ordinis

112 2134 244 2174 Beati
273 2134 530 2185 Dominici,
560 2135 788 2187 probatae
816 2135 1004 2187 quidem
1032 2137 1298 2178 sanctitatis
1322 2139 1442 2179 inter
1478 2151 1640 2180 omnes
1668 2139 1746 2179 Hi-

112 2208 368 2257 spalenses:
404 2217 566 2246 earum
592 2206 908 2247 confessarius
942 2219 1050 2248 cum
1083 2209 1292 2249 audisset
1325 2209 1400 2250 die
1434 2211 1652 2262 quadam,
1686 2223 1745 2252 ex

112 2278 226 2317 cella
250 2277 338 2317 sibi
360 2277 407 2317 in
435 2278 661 2318 coenobio
688 2277 935 2328 destinata,
963 2279 1227 2330 praefatam
1254 2281 1560 2322 articulorum
1587 2282 1743 2323 lectio-

110 2359 231 2397 nem,
255 2348 318 2388 ita
341 2357 494 2388 motus
514 2348 615 2399 fuit,
638 2355 689 2389 ut
707 2348 932 2400 Priorem,
952 2361 1090 2402 quem
1105 2351 1195 2402 ipsi
1217 2358 1405 2402 vocant,
1430 2353 1612 2404 adierit,
1638 2366 1743 2394 cum

110 2430 201 2470 quo
226 2420 391 2459 saltem
412 2420 502 2460 hoc
523 2421 642 2471 egit,
667 2427 717 2460 ut
745 2420 907 2461 diebus
934 2421 1166 2473 aliquibus
1194 2422 1241 2462 in
1268 2423 1541 2464 monialium
1568 2426 1743 2477 templo

108 2490 245 2530 lectio
273 2490 538 2531 haberetur.

187 2554 456 2602 Edocentur
489 2562 631 2602 etiam
666 2562 711 2613 ii,
750 2563 829 2614 qui
861 2563 908 2602 in
943 2575 1135 2604 carcere
1170 2563 1451 2615 detinentur,
1477 2565 1743 2607 doctrinam

107 2632 296 2683 Christi,
334 2645 427 2673 non
463 2644 570 2673 curn
603 2645 752 2685 parua
793 2634 1000 2674 omnium
1035 2635 1338 2686 acceptione:
1375 2636 1597 2678 adsumus
1630 2638 1742 2679 item

106 2705 394 2744 consolaturi
423 2716 517 2754 eos,
551 2704 629 2755 qui
656 2704 938 2745 damnantur
960 2705 1018 2745 ad
1048 2712 1267 2756 mortem,
1302 2707 1381 2748 vbi
1412 2708 1660 2760 aliquando
1681 2722 1740 2751 ex

163 2889 170 2907 ¹
212 2890 660 2924 Autographae,dup1iciin
675 2890 766 2921 solio.
789 2891 897 2924 primo
912 2898 943 2917 n.
959 2891 1021 2923 527,
1045 2892 1156 2919 altero
1177 2899 1241 2919 non
1262 2898 1453 2927 numerato;
1477 2894 1508 2921 in
1533 2895 1582 2923 eis
1605 2899 1739 2924 tantum

104 2937 322 2971 subscriptio,
337 2946 355 2966 a
370 2939 487 2965 verbis
502 2938 540 2965 Ρ.
564 2937 612 2970 V„
628 2942 679 2965 est
694 2946 796 2966 manu
810 2938 916 2972 ipsius
931 2939 1045 2966 Patris
1061 2939 1195 2966 Xuarez
