2028 3328
211 162 283 200 534
722 164 951 202 LITTERAE
978 172 1335 208 QUADRIMESTRES

297 260 356 301 Al
376 267 593 311 presente
615 273 676 301 no
698 273 747 301 se
770 261 925 302 ofrece
947 268 1050 302 otra
1073 272 1183 300 cosa
1208 259 1263 298 de
1294 270 1382 310 que
1411 256 1616 298 escrebir
1646 260 1674 297 ’έῑ
1703 257 1775 297 νᾳ
1791 256 1842 297 Ρ.

219 330 273 371 El
294 330 467 383 Spiritu
489 331 633 373 Santo
654 332 793 373 incha
816 333 856 372 el
878 333 1034 372 anima
1051 332 1105 371 de
1124 330 1183 370 V.
1203 330 1253 369 Ρ.
1273 330 1327 368 de
1345 340 1425 368 sus
1442 328 1602 377 dones,
1621 339 1844 380 parasque

218 402 561 444 descendiendo
583 406 610 443 a
631 405 701 443 los
723 403 973 443 miembros
995 402 1223 442 sintamos
1250 413 1280 451 y
1309 400 1600 450 eumplamos
1629 410 1683 439 su
1709 404 1845 439 santa

217 475 454 515 voluntad.

298 545 368 585 De
390 544 649 596 Simancas‚
674 549 700 586 a
721 545 772 585 26
794 545 849 585 de
870 545 992 597 Julio
1015 543 1070 583 de
1096 542 1197 582 1555
1218 545 1348 581 aiios.

589 615 660 656 De
690 616 749 656 V.
781 615 830 656 P.

749 685 840 737 hijo
861 685 1054 736 indigno
1076 697 1106 735 y
1128 683 1339 733 minimo,

1032 826 1315 866 HYERONIMO
1346 837 1408 866 DE
1437 824 1686 865 PORTlLLo.

300 1114 652 1166 Superscrz'ptz'o
687 1114 736 1152 in
771 1116 944 1165 quarta
966 1112 1174 1164 pagina:
1203 1075 1315 1152 1135.
1339 1111 1399 1151 Al
1427 1122 1537 1162 muy
1565 1108 1666 1150 R.d0
1700 1108 1850 1149 Padre

221 1192 412 1226 nuestro
435 1197 490 1225 en
512 1184 697 1226 Christo
719 1184 760 1224 el
781 1184 829 1224 Ρ.
854 1184 976 1224 ΜΆΓΟ
1007 1183 1198 1234 Ignaeio
1221 1183 1275 1223 de
1298 1182 1495 1234 Loyola,
1518 1181 1754 1233 preposito
1776 1190 1853 1231 ge—

222 1258 353 1297 neral
374 1257 429 1296 de
452 1257 494 1296 la
517 1255 777 1306 Compafiia
798 1255 854 1295 de
874 1255 1025 1307 Jesus,
1049 1266 1108 1294 en
1127 1253 1292 1294 Roma.

301 1326 413 1367 Alia
430 1338 593 1366 manu:
618 1326 731 1366 1555.
757 1324 1014 1366 Simaneas.
1039 1325 1101 1365 Di
1121 1324 1307 1365 Hier.m0
1329 1324 1375 1364 di
1401 1323 1593 1364 Portillo
1614 1322 1666 1363 26
1692 1322 1740 1363 di
1766 1321 1854 1362 Lu-

225 1398 336 1450 glio.
363 1397 459 1438 R.ta
481 1398 559 1438 alli
578 1397 603 1437 6
624 1397 669 1437 di
688 1396 829 1437 Noae
849 1396 902 1437 L.
925 1396 986 1437 V.
1009 1398 1036 1444 †

304 1469 469 1509 Manet
489 1468 749 1519 vestigium
769 1468 942 1519 sigilli.

956 1895 1124 1950 CDII

294 2126 391 2164 'Leo
414 2127 552 2164 Lilius

346 2193 465 2230 Patri
483 2193 653 2240 Ignatio
673 2193 726 2231 de
745 2194 929 2241 Loyola.

392 2258 630 2305 Florentia,
651 2259 698 2296 27
715 2259 819 2306 Julii
841 2259 932 2296 1555
948 2259 975 2295 ¹.

1025 2429 1066 2500 †

312 2609 476 2650 Gratia
498 2617 542 2650 et
562 2621 657 2662 pax
677 2609 869 2650 Domini
895 2608 1045 2649 nostri
1073 2608 1185 2661 Jesu
1211 2605 1387 2647 Christi
1412 2604 1472 2645 sit
1502 2614 1685 2655 semper
1712 2601 1864 2643 nobis·

238 2691 360 2720 cum.
386 2681 551 2721 Amen.
1762 2716 1786 2725 ,
1830 2717 1841 2722 ,

313 2750 442 2802 Quae
463 2763 521 2791 ex
542 2751 711 2791 effluxo
734 2750 1065 2802 quadrimestri
1093 2748 1152 2789 ad
1178 2748 1230 2789 T.
1262 2746 1315 2787 R.
1344 2746 1394 2787 P.
1426 2745 1673 2786 scribenda
1702 2754 1865 2784 occur-

235 2828 356 2872 runt,
381 2821 497 2862 haee
519 2829 641 2863 sunt.
664 2822 774 2872 Nos,
799 2822 966 2874 quibus
986 2821 1205 2871 solemus,
1228 2825 1272 2859 et
1294 2816 1576 2858 erudiendae
1607 2814 1863 2856 iuuentutis

291 2979 300 2999 ¹
342 2980 591 3014 Autographae
607 2980 730 3014 duplici
746 2980 779 3007 in
794 2980 886 3013 folio,
900 2988 956 3007 nn.
970 2980 1005 3006 78
1020 2983 1053 3006 et
1068 2979 1112 3006 79.
