2028 3328
812 126 891 162 AN.
924 125 1014 162 1555
1666 126 1738 164 499

89 231 257 265 nostra
274 225 501 265 industria
520 224 839 264 sedimmensa
856 221 944 261 Dei
958 222 1142 261 bonitas
1162 222 1368 273 perfecit,
1385 222 1460 263 cui
1480 223 1566 263 soli
1585 225 1736 263 omnis

94 297 242 336 honor
265 302 309 336 et
329 296 480 346 gloria
503 296 549 335 in
571 295 760 335 saecula
781 293 1094 333 saeculorum.
1138 292 1306 333 Amen.
1346 293 1467 334 Huic
1505 305 1745 335 commen·-

99 367 201 407 dari
219 367 432 418 cupimus
454 377 615 406 omnes
636 364 871 405 humiliter
895 363 942 403 in
977 363 1030 403 T.
1055 362 1107 403 R.
1134 362 1182 403 Ρ.
1224 375 1279 403 ac
1316 365 1523 404 omnium
1545 365 1738 406 Patrum

91 444 144 478 ⁴et
164 438 384 478 Fratrum
405 439 582 478 sanctis
602 435 847 477 sacrificiis
869 441 913 474 et
938 435 1172 486 precibus.

180 509 386 549 Tornaci
406 509 459 548 30
479 508 590 549 Maii
625 508 740 548 1555.

423 579 475 619 T.
501 579 553 619 R.
581 580 629 620 P.

583 651 759 691 Inutilis
781 661 945 690 seruus
966 649 1012 689 in
1034 648 1241 699 Christo,

977 792 1264 833 BERNARDUS
1295 790 1565 832 OLIUERms.

182 1006 534 1058 Superscriptz'o
589 1006 638 1045 in
689 1009 862 1057 quarta
910 1005 1130 1056 pagina:
1164 1007 1192 1052 †
1243 1004 1511 1046 Admodum
1554 1004 1655 1045 R.<¹0
1692 1005 1739 1045 in

95 1076 289 1118 ‘Christo
311 1078 438 1118 Patri
460 1078 687 1128 Magistro
712 1077 893 1128 Ignatio
915 1076 971 1117 de
1001 1076 1181 1128 Loyola
1211 1075 1488 1128 Praeposito
1515 1076 1735 1116 Generaii

104 1148 363 1189 Societatis
383 1149 508 1201 Jesu.
529 1148 721 1189 Romae.

187 1220 299 1260 Alia
320 1231 483 1260 mama·
509 1220 622 1260 1555.
646 1220 701 1259 30
720 1220 845 1260 Maii.

184 1291 248 1331 Et
267 1291 382 1331 alia:
403 1291 732 1331 Tornacensis.
760 1290 1101 1343 Emend[atae].

752 1717 1104 1772 CGGXGIH

178 1942 227 1979 P.
253 1943 410 1981 Petrus
435 1944 662 1982 Navarrus

228 2007 349 2045 Patri
370 2009 538 2056 Ignatio
559 2010 612 2047 de
634 2010 818 2057 Loyola.

273 2073 485 2121 Granata,
505 2075 548 2112 31
573 2075 675 2122 Maji
696 2076 786 2114 1555
800 2076 825 2113 ¹.

884 2233 983 2312 iiis

189 2429 302 2481 Muy
323 2428 423 2470 R.d0
437 2429 484 2470 Ρ.
510 2441 569 2470 en
593 2430 779 2471 Christo
800 2430 951 2472 Padre
972 2438 1181 2473 nuestro.

188 2500 256 2541 La
278 2512 458 2541 summa
480 2501 645 2552 gracia
665 2514 696 2553 y
717 2513 804 2553 paz
825 2502 881 2542 de
901 2502 1013 2556 Jesu
1031 2503 1218 2544 Christo
1235 2510 1429 2546 nuestro
1447 2503 1594 2546 Sefior
1616 2517 1697 2547 sea
1717 2520 1749 2559 y

105 2582 274 2612 cresca
296 2571 497 2623 siempre
519 2583 576 2611 en
597 2578 814 2612 nuestras
836 2574 999 2614 almas.
1025 2573 1193 2615 Amen.

188 2641 391 2694 Aunque
420 2643 464 2682 lo
496 2653 585 2694 que
619 2642 713 2694 hay
741 2655 829 2695 que
860 2655 967 2685 azer
1004 2656 1061 2685 en
1087 2650 1185 2686 este
1222 2646 1389 2697 pueblo
1411 2646 1517 2698 pide
1555 2650 1657 2688 mas
1692 2648 1749 2689 de

110 2713 282 2753 treinta
304 2712 495 2764 Padres,
520 2713 711 2754 todavia
731 2725 818 2754 nos
839 2720 1044 2756 estamos
1066 2715 1202 2768 quasi
1218 2717 1358 2769 solos,
1377 2729 1492 2770 pues
1514 2730 1574 2759 no
1591 2730 1751 2760 somos

170 2849 178 2867 ¹
218 2849 469 2884 Autographae
485 2849 610 2884 duplici
626 2849 715 2884 folio,
731 2851 839 2885 primo
854 2853 916 2879 sub
931 2859 962 2880 n.
977 2852 1040 2886 566,
1057 2853 1169 2880 altero
1185 2861 1267 2881 vero
1283 2861 1349 2881 non
1364 2858 1553 2883 numerato.
1569 2855 1634 2883 Est
1648 2837 1765 2884 etiam—

113 2896 208 2923 aliud
222 2897 400 2931 exemplar
411 2898 667 2932 autographum
682 2899 879 2927 earumdem
900 2900 1110 2935 litterarum,
1126 2901 1252 2935 duplici
1274 2906 1439 2929 constans
1456 2902 1546 2937 folio,
1566 2903 1676 2937 primo
1693 2904 1755 2931 sub

109 2951 147 2970 τι.
163 2943 224 2978 567,
239 2945 353 2972 altero
368 2951 434 2971 non
446 2951 638 2973 numerato.
