2028 3328
900 57 940 94 Ax
977 58 1106 116 ..1555
1749 62 1820 100 239

833 506 1168 560 GCGXLIV

254 738 463 777 Nicotaus
485 741 710 785 BeIlefiIle,

300 804 369 841 Ex
387 806 710 844 commissione
732 807 874 844 Patris
896 807 1120 845 Paschasii
1139 807 1289 853 Bro'et,

349 870 470 907 Patri
491 871 660 918 Ignatio
681 873 734 909 de
753 872 935 919 Loyola.

394 937 576 974 Parisiis
594 937 617 974 2
635 938 832 984 Januarii
854 939 945 976 1555
963 938 989 976 ¹.

927 1075 1064 1128 Jesus

263 1217 427 1258 Gratia
458 1224 502 1258 et
532 1230 626 1270 pax
657 1217 847 1259 Domini
874 1217 1024 1258 nostri
1052 1217 1164 1271 Jesu
1196 1217 1372 1258 Christi
1400 1218 1460 1258 sit
1495 1229 1680 1269 semper
1713 1229 1821 1259 cum

179 1289 400 1329 <omnibus
421 1290 571 1329 nobis.
595 1289 763 1331 Amen.

264 1360 407 1413 Juxta
428 1366 763 1401 sacrosanctae
784 1360 1074 1401 obedientiae
1104 1360 1401 1412 praescripta
1430 1359 1556 1411 (R.de
1591 1366 1636 1400 et
1665 1360 1823 1401 obser-

179 1431 468 1472 uandissime
485 1431 656 1483 Pater),
676 1443 851 1483 eorum,
876 1443 994 1484 quae
1015 1432 1062 1472 in
1085 1431 1390 1471 celeberrima
1411 1431 1696 1483 parisiorum
1717 1443 1821 1471 aca-

182 1502 335 1543 demia
358 1515 384 1542 a
405 1503 540 1543 nobis
566 1509 701 1554 gesta
723 1508 851 1554 sunt,
883 1502 1021 1543 R.<¹a111
1046 1502 1385 1543 paternitatem
1413 1509 1544 1543 tuam
1572 1503 1823 1543 certiorem

178 1574 391 1625 reddere,
416 1580 590 1625 quanta
612 1574 868 1625 poterimus
894 1574 1125 1614 breuitate
1154 1574 1449 1614 conabimur:
1484 1586 1603 1626 quae
1631 1574 1824 1614 leuioris

180 1646 368 1686 interim
389 1646 607 1686 videntur
629 1646 850 1686 momenti
867 1645 1049 1685 silentio
1067 1651 1438 1697 praetereuntes,
1461 1646 1518 1685 ab
1536 1645 1650 1697 ipsis
1668 1645 1821 1685 dome-

180 1717 311 1757 sticis
332 1717 652 1757 narrationem
669 1716 1007 1768 inchoabimUS,
1032 1728 1246 1768 quorum,
1272 1717 1487 1768 quamuis
1510 1723 1742 1767 angustus
1760 1717 1821 1757 sit

179 1799 426 1839 numerus,
459 1799 545 1828 nec
571 1788 634 1828 ita
663 1793 906 1828 accrescat
933 1794 984 1828 vt
1014 1788 1116 1828 aliis
1139 1788 1185 1827 in
1215 1788 1352 1838 locis,
1380 1788 1428 1828 in
1456 1788 1623 1840 quibus
1654 1799 1817 1828 omnes

178 1871 361 1900 summo
383 1859 536 1899 studio
557 1859 822 1899 Institutum
842 1865 1055 1899 nostrum
1072 1859 1380 1910 comprobant
1398 1866 1442 1899 et
1466 1860 1814 1911 amplexantur,

178 1942 343 1971 eorum
364 1937 521 1971 tamen
542 1931 665 1970 bona
681 1929 874 1981 indoles,
899 1930 1109 1982 probitas
1132 1942 1187 1970 ac
1216 1930 1470 1981 modestia,
1501 1942 1595 1970 non
1615 1931 1815 1981 exiguos

178 2003 458 2054 pollicentur
478 2001 673 2052 fructus,
695 2007 746 2041 vt
767 2001 847 2053 qui
866 2001 976 2042 totis
998 2002 1178 2041 viribus
1197 2002 1365 2053 dignos
1386 2008 1431 2042 et
1448 2013 1587 2053 pares
1604 2013 1718 2042 suae
1738 2014 1820 2041 vo-

178 2074 380 2114 cationis
395 2073 495 2113 fieri
516 2072 817 2123 contendant,
842 2084 945 2113 eam
966 2084 1185 2124 namque,
1210 2084 1331 2124 quae
1347 2073 1576 2113 virtutum
1593 2073 1818 2124 omnium,

179 2145 475 2196 potissimum
497 2150 652 2184 autern
673 2144 815 2183 totius
836 2144 1093 2194 religionis,
1123 2143 1479 2184 fundamentum
1499 2150 1569 2184 est
1593 2155 1648 2184 ac
1670 2144 1813 2193 basis,

180 2216 508 2265 obedientiam,
526 2222 767 2266 tamquam
779 2226 942 2255 veram
959 2221 1158 2255 matrem
1175 2216 1334 2254 colunt
1347 2221 1392 2255 et
1408 2222 1710 2266 venerantur,
1726 2228 1820 2267 quo

182 2286 231 2327 fit
251 2292 302 2326 vt
324 2286 370 2326 in
391 2286 643 2326 virtutibus
664 2291 708 2326 et
725 2286 988 2326 litterarum
1005 2286 1158 2326 studio
1178 2297 1363 2326 omnem
1379 2298 1512 2337 spem
1529 2287 1816 2338 expectatio-

178 2369 379 2409 nemque
401 2358 539 2408 longe
560 2362 796 2408 superent,
819 2368 1018 2408 quorum
1040 2357 1180 2397 etiam
1201 2356 1398 2397 honesta
1418 2357 1718 2398 conuersatio
1741 2357 1818 2398 ad—

180 2429 501 2469 uersariorum
522 2434 790 2480 compescat
811 2440 910 2480 ora,
933 2440 960 2468 a
980 2428 1108 2468 vitiis
1126 2428 1243 2468 alios
1260 2428 1464 2469 deterret
1481 2434 1526 2469 et
1542 2429 1602 2469 ad
1619 2429 1819 2470 meliora

179 2500 368 2551 pellicit,
393 2505 438 2540 et
458 2499 673 2551 quamuis
700 2499 925 2540 exteriori
953 2500 1082 2540 cultu
1112 2512 1138 2539 a
1166 2499 1492 2540 saecularibus
1522 2512 1616 2540 non
1646 2501 1820 2540 discre-

177 2577 306 2622 pent,
331 2582 491 2611 eorum
508 2576 665 2610 tamen
681 2570 876 2610 interior
894 2576 1089 2610 ornatus
1106 2571 1233 2622 ipsos
1252 2570 1389 2611 facile
1411 2583 1438 2611 a
1456 2572 1657 2611 caeteris
1676 2572 1820 2612 omni-

176 2642 264 2682 bus
285 2642 521 2683 discernit.
545 2641 614 2682 Ita
635 2641 758 2682 enim
778 2642 825 2682 in
847 2642 914 2682 eis
934 2642 1093 2682 diuina
1115 2643 1292 2682 relucet
1312 2642 1485 2694 gratia,
1509 2649 1560 2683 vt
1582 2643 1821 2684 neminem

177 2714 325 2754 latere
346 2713 494 2765 possit
517 2725 541 2753 a
565 2724 654 2764 quo
675 2719 982 2764 praeceptore
1002 2713 1325 2754 instituantur.

234 2874 243 2894 ¹
285 2874 545 2910 Autographae,
564 2875 605 2902 ab
620 2874 691 2909 ipso
707 2873 849 2902 Nicolao
864 2873 1028 2902 Bellefille
1041 2878 1219 2909 exaratae,
1232 2874 1360 2909 duplici
1376 2874 1468 2909 folio,
1482 2883 1513 2903 n.
1527 2875 1579 2902 319
1593 2874 1645 2903 bis
1656 2876 1820 2911 repetito.
