2028 3328
213 115 283 151 464
725 113 952 150 LITTERAE
978 120 1336 156 QUADRIMESTREs

293 210 442 250 Efficit
463 210 604 250 etiam
627 209 673 249 in
702 209 998 250 scholasticis
1028 219 1110 260 per
1145 206 1398 257 magistros
1433 204 1576 244 multa
1599 204 1846 253 Dominus,

212 281 350 332 idque
386 289 575 333 propter
610 280 851 321 doctrinae
887 279 1173 320 christianae
1211 275 1576 328 expositionem,
1611 287 1752 326 quam
1784 276 1849 315 illi

214 353 412 404 singulis
434 352 595 392 diebus
618 351 878 401 dominicis,
910 351 957 390 in
986 362 1071 389 sua
1105 349 1300 399 quisque
1337 347 1457 397 aula,
1481 346 1654 386 habent
1680 346 1844 386 eadem

215 424 356 473 hora,
399 435 490 475 qua
525 423 707 474 publice
741 423 913 473 populo
950 419 1215 471 exponitur.
1253 416 1418 458 Totius
1451 429 1564 457 uero
1600 416 1848 468 probitatis

212 495 442 546 exemplo,
468 494 591 545 quod
612 494 677 533 illi
698 493 939 544 praebent,
966 489 1186 530 commoti
1204 488 1488 539 scholastici,
1507 494 1638 528 tanta
1656 499 1848 527 venera-

211 566 339 606 tione
361 572 499 616 atque
523 564 824 604 obseruantia
847 563 1011 602 Patres
1032 572 1088 600 ac
1110 559 1304 600 Fratres
1326 558 1576 599 Societatis
1607 560 1779 608 colunt,
1799 564 1848 597 ut

213 637 295 677 uix
315 637 406 676 dici
428 636 588 688 possit;
614 635 669 675 de
692 635 856 686 quibus
885 632 1015 672 multi
1051 637 1158 671 sunt
1179 631 1297 671 adeo
1320 630 1517 670 studiosi
1550 630 1755 680 Virtutis,
1781 636 1847 677 ut,

214 714 401 759 praeter
422 713 685 746 menstruas
712 704 1045 752 confessiones,
1077 702 1345 742 scholarum
1377 701 1551 752 regulis
1573 701 1848 752 imperatas,

215 785 385 819 octauo
421 789 601 830 quoque
632 776 705 816 die
742 775 976 815 fateantur
1011 784 1289 824 sacramque
1323 772 1670 812 Eucharistiam
1705 772 1847 812 susci-

218 851 363 902 piant,
387 860 473 889 nec
494 848 652 888 dubito
674 858 753 887 eos
770 846 957 897 saepius
972 844 1018 885 id
1039 844 1184 884 fuisse
1200 844 1411 884 facturos
1429 844 1468 884 si
1484 843 1847 895 permitteretur.

218 920 396 962 Scirem
425 920 602 960 utinam
638 917 900 969 exprimere
934 916 1040 967 tibi,
1076 914 1171 955 R.de
1201 915 1355 965 Pater,
1389 915 1625 955 interioris
1653 914 1851 954 exterio-

217 993 372 1043 risque
396 990 596 1030 hominis
614 988 1015 1039 compositionem,
1054 986 1412 1027 submissionem
1444 985 1600 1036 animi,
1635 985 1853 1025 ardorem

217 1063 485 1103 divinarum
506 1072 676 1110 rerum,
703 1058 1064 1099 sollicitudinem
1086 1058 1418 1098 exercitiorum
1447 1057 1774 1109 spiritualium,
1801 1062 1853 1096 ut

219 1132 519 1173 examinandi
564 1142 845 1182 unoquoque
895 1129 968 1170 die
1021 1129 1148 1169 facta
1194 1129 1350 1169 onmia
1371 1161 1378 1180 ,
1431 1127 1854 1180 comprecandique

218 1204 382 1253 Deum,
408 1211 456 1244 ut
478 1203 619 1243 animi
641 1202 812 1242 iudicio
834 1201 979 1241 uerba
1010 1201 1195 1251 singula
1222 1200 1442 1251 factaque
1467 1198 1774 1250 ponderandi‚
1796 1210 1854 1238 ne

217 1274 404 1315 diuinae
425 1280 687 1325 repugnent
709 1272 953 1322 uoluntati,
974 1272 1021 1312 in
1039 1272 1205 1323 quibus
1222 1271 1354 1311 multi
1371 1271 1425 1311 de
1444 1270 1739 1310 scholasticis
1755 1281 1858 1309 sese

220 1347 469 1396 diligenter
491 1350 726 1385 exercent.
753 1343 853 1394 Ego
877 1354 987 1383 uero
1011 1354 1118 1382 curn
1137 1343 1470 1382 nonnullorum
1490 1342 1536 1381 in
1558 1347 1760 1381 mentem
1781 1352 1858 1380 ue-

224 1417 304 1467 nit,
323 1417 494 1468 partim
516 1415 750 1456 accendor
769 1414 1106 1464 uehementiuS,
1138 1414 1310 1464 partim
1333 1414 1563 1453 iacentem
1584 1423 1741 1452 meum
1764 1411 1859 1451 ani-

224 1500 350 1528 mum
371 1495 510 1539 atque
531 1488 577 1527 in
601 1487 689 1527 illis
710 1486 825 1537 ipsis
854 1486 993 1526 rebus
1030 1485 1258 1525 desidiam
1278 1485 1583 1536 perspiciens,
1615 1483 1854 1524 erubesco.

302 1558 490 1599 Solebat
512 1557 716 1610 quidam,
741 1557 982 1608 superiore
1000 1556 1378 1608 quadragesima,
1403 1555 1502 1596 dies
1524 1555 1700 1607 aliquot
1722 1565 1859 1606 spon-

228 1637 272 1670 te
294 1641 378 1670 sua
400 1630 624 1670 ieiunare:
645 1640 750 1669 curn
773 1629 819 1668 in
839 1628 1055 1668 morbum
1076 1628 1332 1677 incidisset,
1366 1627 1738 1678 imperassetque
1766 1636 1854 1665 me-

225 1701 359 1741 dicus
390 1706 438 1740 ut
473 1701 692 1740 carnibus
726 1706 1010 1749 uesceretur,
1045 1710 1132 1738 nec
1171 1704 1419 1750 parentum
1453 1697 1640 1748 quidem
1661 1697 1790 1737 iussu
1813 1696 1861 1736 id

222 1771 379 1812 facere
416 1783 556 1812 ausus
586 1777 669 1821 est,
705 1782 882 1821 suoque
918 1781 1048 1810 more
1078 1769 1286 1809 ieiunare
1321 1770 1522 1818 uolebat;
1557 1767 1638 1808 sed
1669 1767 1860 1807 tandem

223 1842 345 1894 quod
366 1849 643 1894 praeceptor
665 1853 778 1881 suus
799 1841 1077 1892 imperasset
1098 1840 1255 1880 facere
1278 1840 1500 1880 decreuit:
1529 1850 1724 1879 necesse
1745 1849 1859 1889 ergo

221 1914 306 1954 fuit
327 1920 376 1954 ut
399 1913 516 1953 alius
538 1913 597 1953 ad
619 1918 975 1964 praeceptorem
996 1923 1023 1951 a
1047 1923 1137 1963 quo
1160 1911 1430 1962 docebatur,
1454 1911 1650 1961 petitum
1672 1909 1857 1961 copiam

224 1985 419 2035 ueniret,
457 1996 549 2037 qua
584 1983 708 2034 data,
745 1989 843 2023 tum
877 1982 1065 2023 demum
1099 1983 1223 2022 bono
1256 1983 1413 2022 animo
1448 1981 1670 2022 mandata
1691 1980 1863 2020 medici

225 2062 450 2096 executus
473 2062 557 2096 est.

306 2127 507 2178 Quidam
528 2127 647 2167 alius
668 2127 936 2178 primarius,
961 2126 1302 2178 aliquantulum
1323 2130 1549 2177 prouecta
1570 2124 1664 2164 iam
1692 2128 1864 2173 aetate,

225 2198 287 2238 ad
307 2204 663 2249 praeceptorem
684 2209 820 2238 suum
841 2197 913 2238 die
938 2197 1142 2249 quodam
1171 2196 1287 2236 flens
1323 2195 1523 2236 accessit
1553 2194 1789 2246 priuatim:
1816 2205 1866 2233 se

229 2269 284 2309 de
301 2275 429 2309 certa
451 2281 500 2309 re
531 2269 776 2309 mentitum
796 2267 941 2309 fuisse
977 2268 1297 2318 superioribus
1326 2267 1502 2307 diebus:
1540 2265 1745 2306 uoluisse
1767 2270 1866 2304 tum

229 2340 275 2380 id
309 2340 432 2391 quod
463 2346 562 2379 erat
590 2339 741 2380 fateri:
767 2345 868 2379 erat
888 2345 1045 2379 autem
1078 2339 1339 2390 periculum
1359 2351 1417 2378 ne
1451 2337 1679 2389 supplicio
1717 2335 1863 2376 affice-

230 2417 374 2461 retur,
394 2422 533 2462 quam
554 2422 654 2450 rem
675 2410 978 2450 vehementer
995 2410 1221 2461 magister
1242 2410 1341 2450 eius
1364 2409 1622 2449 admiratus
1644 2413 1728 2448 est.

311 2481 445 2521 Alius
466 2487 562 2521 tam
579 2481 912 2521 obseruantem
933 2492 982 2520 se
999 2481 1146 2520 uoluit
1163 2480 1415 2532 aequitatis
1433 2479 1669 2530 exhibere,
1693 2484 1742 2518 ut
1761 2488 1867 2517 cum

232 2551 292 2591 ad
311 2552 534 2592 lectiones
558 2551 815 2592 audiendas
836 2552 986 2592 serius
1006 2552 1202 2602 ueniret,
1226 2552 1285 2591 ad
1319 2556 1634 2591 correctorem
1665 2561 1715 2590 se
1737 2554 1869 2589 recta

235 2623 480 2662 contulerit
497 2624 784 2674 uapulatum3
797 2623 879 2663 sed
895 2629 1174 2675 praeceptor
1191 2623 1305 2673 eius,
1319 2621 1441 2674 quod
1458 2621 1723 2670 accidisset,
1739 2620 1868 2671 igna—

234 2704 328 2741 rus,
352 2693 429 2732 ubi
450 2704 646 2743 puerum
666 2693 1007 2744 ingredientem
1029 2706 1133 2734 sero
1155 2694 1284 2744 uidit,
1305 2692 1546 2734 uerberari
1562 2693 1704 2742 iubet,
1727 2691 1803 2731 ille
1820 2703 1869 2730 se

237 2763 331 2802 iarn
351 2764 534 2803 dedisse
556 2765 655 2804 eius
677 2764 832 2805 delicti
853 2777 1029 2816 poenas
1049 2765 1304 2817 respondit.

318 2831 433 2873 Sunt
454 2840 549 2874 tam
569 2834 742 2885 fideles,
767 2841 816 2875 ut
836 2836 1084 2887 pecuniam
1120 2837 1327 2888 aliasque
1361 2847 1437 2876 res
1459 2847 1486 2875 a
1507 2847 1556 2875 se
1576 2835 1624 2874 in
1659 2833 1776 2874 aulis
1802 2844 1870 2873 re-

239 2910 396 2954 pertas
431 2905 677 2945 confestim
711 2906 770 2946 ad
792 2918 901 2947 suos
938 2907 1150 2947 deferant
1185 2907 1450 2958 magistros.
1490 2905 1720 2946 Dominus
1740 2904 1869 2944 Deus
