2028 3328
857 58 940 95 ΑΝ.
972 57 1064 94 1554
1720 55 1789 91 183

156 171 476 210 quoscumque
502 158 698 198 subeant
726 156 910 196 labores
939 153 998 194 ad
1024 153 1211 193 laudem
1237 158 1282 192 et
1315 152 1515 203 gloriam
1544 163 1692 201 suam,
1729 152 1784 190 ad

157 242 295 281 quam
319 242 404 270 nos
426 228 770 281 ipseperducat
791 227 838 266 in
859 226 1019 265 secula
1040 224 1321 264 seculorum.
1345 222 1514 262 Arnen.

237 301 411 341 Datum
433 300 680 340 Ferrariae
701 298 766 338 iiii
786 296 970 337 kalend.
996 293 1271 334 Decembris
1296 293 1411 333 1554.

239 372 367 412 Tuae
389 371 511 411 Rdae
533 369 833 411 Paternitatis
851 367 1073 417 indignus
1094 375 1278 414 seruus,

986 509 1253 549 AMBRoslus
1284 508 1575 548 PULLlclNus.

242 726 303 765 In
333 730 505 777 quarta
540 725 730 776 pagina
755 724 889 775 haec,
918 723 1017 763 loco
1052 720 1504 773 sz-cperscrzptz'om's,
1539 720 1794 770 leguntur:

160 796 401 847 Quadrim.
427 796 690 836 Ferrariae.
717 795 831 835 1554.
855 793 880 833 4
900 795 988 834 cal.
1013 793 1222 833 decemb.

579 1311 711 1337 Eadem
724 1309 868 1344 epistola
882 1309 997 1336 italico
1011 1314 1167 1334 sermone
1183 1312 1328 1333 exarata
1344 1305 1366 1332 ¹.

958 1452 979 1484 ,ἰ-

926 1487 1023 1528 IHS

235 1649 303 1690 La
324 1661 441 1701 pace
463 1655 507 1689 et
524 1650 677 1700 gratia
696 1649 765 1689 de]
789 1648 878 1689 §.01
899 1654 1059 1689 nostro
1078 1648 1190 1701 Jesu
1206 1646 1290 1687 Χ.Ο
1306 1647 1375 1686 sia
1393 1657 1577 1697 sempre
1593 1647 1666 1686 ne'
1687 1657 1795 1686 cuo-

156 1722 197 1761 ri
215 1722 378 1762 nostri.
405 1720 571 1761 Amen.

236 1792 467 1833 Hauendo
489 1792 532 1832 io
554 1791 611 1832 da
635 1791 842 1832 scriuere
862 1803 945 1843 per
966 1791 1129 1832 ordine
1151 1790 1207 1831 de
1235 1795 1396 1830 nostro
1426 1788 1580 1829 Padre
1600 1790 1641 1829 le
1664 1790 1794 1830 lette-

155 1876 206 1904 re
227 1863 274 1904 di
294 1870 463 1916 quatro
485 1863 614 1913 mesi,
638 1875 732 1903 non
754 1874 842 1903 con
869 1862 1103 1914 elegantia
1138 1861 1185 1902 di
1211 1863 1387 1913 parole,
1417 1872 1510 1901 non
1539 1861 1738 1901 essendo
1769 1873 1795 1900 a

156 1935 308 1987 quella
331 1934 610 1984 sufficiente3
633 1945 728 1973 non
751 1945 840 1973 con
861 1933 1081 1985 prolixita
1103 1933 1312 1973 scriuero
1334 1933 1440 1981 tale,
1472 1932 1573 1982 che,
1597 1931 1796 1971 dicendo

155 2007 262 2057 quel
283 2006 369 2046 che
391 2018 483 2045 non
506 2009 529 2045 e
552 2005 834 2052 necessario,
860 2005 929 2044 sia
958 2005 1154 2044 molesto
1182 2009 1228 2044 et
1259 2004 1350 2044 alla
1373 2002 1426 2043 R.
1456 2002 1506 2043 P.
1530 2002 1587 2043 V.
1612 2009 1657 2043 et
1684 2014 1711 2042 a
1733 2004 1802 2042 al·-

156 2077 216 2117 tri
237 2077 322 2117 che
344 2083 506 2129 queste
527 2077 765 2126 legerano:
790 2083 834 2115 et
856 2075 1123 2115 finalmente
1144 2086 1240 2114 non
1261 2080 1390 2114 tanto
1412 2074 1570 2124 breue,
1595 2074 1683 2114 che
1704 2074 1794 2114 las—

156 2149 194 2188 si
217 2148 273 2188 de
295 2148 502 2188 scriuere
523 2148 628 2198 quel
650 2147 755 2187 ch'e
777 2147 822 2187 di
842 2147 1055 2198 bisogno:
1080 2157 1156 2186 ma
1177 2146 1288 2197 ogni
1310 2156 1454 2185 cuosa
1476 2144 1490 2163 ²
1518 2150 1693 2196 quanto
1714 2145 1797 2197 piu

157 2223 294 2270 potro
316 2219 634 2271 (quantunque
664 2229 757 2257 non
786 2229 953 2257 cuomo
990 2217 1036 2257 in
1066 2229 1127 2257 un
1155 2223 1287 2257 tanto
1310 2216 1508 2267 negocio
1530 2216 1570 2256 si
1592 2216 1793 2256 ricerca-

159 2291 316 2341 rebbe)
339 2291 439 2331 diro
461 2290 844 2330 succintamente.

236 2361 393 2402 Primo
416 2361 601 2413 dunque
624 2361 724 2401 diro
746 2366 920 2412 quanto
940 2360 1085 2400 frutto
1107 2360 1145 2400 si
1167 2359 1237 2399 sia
1257 2359 1376 2399 fatto
1392 2370 1475 2411 per
1497 2360 1538 2399 le
1559 2359 1796 2411 frequenti

156 2433 459 2483 confessioni,
493 2432 813 2472 exhortationi
840 2431 896 2471 de
922 2431 1073 2471 nostri
1101 2429 1244 2470 Padri
1278 2439 1322 2470 et
1358 2430 1578 2481 prediche
1605 2429 1721 2470 fatte
1746 2429 1795 2469 in

157 2505 334 2556 chiesa3
358 2504 497 2555 dopo,
522 2509 693 2555 quante
714 2502 887 2543 fatiche
915 2502 964 2542 in
990 2502 1116 2542 aiuto
1144 2501 1191 2541 di
1218 2501 1371 2553 quello
1400 2501 1688 2541 nobilissimo
1710 2500 1796 2541 Pa-

154 2576 267 2616 latio
288 2576 328 2616 si
350 2575 481 2615 siano
502 2574 709 2626 pigliate,
734 2579 778 2613 et
800 2574 885 2613 che
907 2573 1056 2613 utilita
1076 2585 1134 2613 ne
1155 2573 1216 2613 ha
1239 2572 1579 2623 conseguitato,
1603 2578 1692 2613 etc.

233 2647 290 2687 Li
309 2646 460 2688 nostri
481 2645 637 2696 Padri,
661 2644 866 2685 secundo
887 2645 918 2684 il
939 2644 1092 2695 solito,
1119 2644 1231 2695 ogni
1251 2644 1417 2695 giorno
1439 2655 1554 2684 sono
1576 2644 1792 2695 occupati

209 2831 220 2851 ¹
259 2831 491 2866 Autographa
507 2831 539 2858 in
556 2829 679 2863 duplici
698 2829 788 2862 folio,
805 2836 858 2855 nn.
878 2829 927 2856 100
941 2829 1053 2856 et161.

207 2880 223 2900 2
260 2879 326 2915 Sic,
342 2884 377 2906 ut
395 2883 428 2906 et
445 2886 577 2911 ειιοηιο,
592 2883 657 2904 etc.
