2028 3328
490 613 681 665 INDEX
720 609 1151 665 ONOMASTICUS
1191 608 1613 662 PERSONARUM

613 1157 656 1197 A

231 1296 348 1325 Abbas
363 1298 401 1325 de
417 1298 529 1334 Salas,
543 1299 614 1326 vide
628 1298 797 1332 Miranda,
812 1296 1012 1325 Franciscus

266 1344 319 1372 de.

232 1391 346 1421 Abbas
370 1393 404 1420 in
431 1393 550 1429 oppido
577 1393 756 1428 Berlanga,
781 1393 854 1419 vide
880 1391 1010 1427 Bivero,

267 1439 506 1475 Hieronymus.

228 1486 342 1515 Abbas
356 1487 553 1523 Laetiensis,
569 1489 640 1516 vide
655 1487 799 1516 Blosius.

227 1532 340 1562 Abbas
351 1535 630 1572 Methymnensis,
639 1536 710 1564 vide
721 1535 804 1564 Ruiz
815 1535 853 1563 de
862 1534 1009 1562 camara.

227 1580 340 1611 Abbas
355 1583 465 1611 Villae
492 1584 650 1612 Beltrami
664 1604 671 1618 ,
709 1583 778 1610 vide
810 1582 1006 1616 Domenech,

262 1626 300 1656 P.
318 1629 342 1656 P
444 1650 451 1657 .

227 1631 622 1711 AbuleggslsEpiscopus,
638 1675 710 1703 vide
722 1673 828 1702 Alaba
843 1674 876 1700 et
888 1672 1010 1707 Esqui-

263 1722 334 1750 vel.

228 1768 412 1797 Abulensis
428 1769 613 1804 Episcopus
627 1770 767 1804 electus,
784 1769 853 1796 vide
869 1767 1009 1796 Tavera.

226 1816 390 1853 Acebedo,
407 1817 443 1844 Ρ.
462 1817 591 1852 Gaspar
603 1818 653 1851 de,
666 1816 853 1851 Burgensis
865 1813 1010 1850 Collegii

261 1866 292 1894 S.
309 1865 338 1893 J.
355 1865 488 1899 Rector,
504 1865 565 1899 117,
580 1866 641 1898 704,
655 1864 719 1899 706,
731 1864 795 1892 709.

225 1913 389 1948 Acebedo,
414 1913 447 1941 P.
477 1913 633 1948 ignatius
657 1913 707 1947 de,
732 1910 1011 1946 Ulyssiponensis

261 1959 406 1996 Collegii
422 1960 451 1988 S.
470 1960 502 1988 J.
522 1960 654 1994 Rector,
670 1959 732 1991 399.
749 1960 813 1993 406,
828 1958 892 1994 612,
907 1957 971 1986 771.

223 2007 389 2043 Acebedo,
405 2008 442 2035 P.
461 2007 618 2042 Ignatius
634 2008 672 2035 de
687 2005 738 2041 (2⁷),
754 2006 815 2034 603.

224 2055 376 2083 Acebedo
392 2075 398 2090 ,
416 2055 449 2082 Ρ.
466 2056 583 2083 Petrus
598 2054 637 2082 de
652 2074 661 2089 ,
674 2053 728 2082 280
739 2075 746 2089 ,
766 2054 820 2082 282
832 2075 839 2086 ,
855 2053 908 2082 518
921 2074 929 2088 ,
942 2053 1007 2088 522,

260 2102 322 2136 525,
337 2102 399 2136 625,
414 2102 478 2138 628,
493 2102 555 2136 631,
571 2101 634 2136 715,
650 2101 714 2129 717.

225 2150 378 2178 Acebedo
393 2150 432 2178 «le
449 2149 579 2185 Zuhiga
591 2171 599 2185 ,
621 2150 816 2184 Alphonsus
836 2148 875 2176 de
889 2150 1009 2183 (saepe

261 2198 457 2232 Alphonsus
479 2198 628 2225 Fonseca
649 2198 683 2225 et
697 2196 849 2224 Acebedo
870 2196 1008 2232 dictus),

260 2245 377 2274 Comes
391 2245 435 2273 111
450 2245 489 2272 de
505 2245 695 2279 Monterey,
709 2243 756 2272 24.

223 2290 381 2326 Achillis,
396 2289 433 2317 P.
452 2290 578 2317 Paulus
592 2289 631 2324 d’,
647 2287 878 2316 panormitani
893 2287 1004 2316 Colle-

260 2337 312 2372 gii
325 2337 359 2366 S.
379 2337 407 2364 J.
424 2337 557 2372 Rector,
571 2336 620 2370 45,
632 2335 678 2371 46,
695 2335 756 2370 163,
774 2335 842 2370 164,
855 2334 909 2363 256
922 2355 929 2370 ,
942 2334 1007 2371 259,

259 2384 324 2420 301,
338 2384 403 2419 304,
416 2384 479 2418 305,
493 2384 557 2419 512,
571 2383 635 2419 515,
650 2383 712 2416 621,
726 2382 793 2411 623.

229 2434 365 2466 Acosta,
381 2432 608 2465 Hieronymus
624 2432 676 2465 de,
689 2430 755 2458 719.

223 2482 350 2509 Acosta
361 2500 369 2515 ,
384 2479 529 2507 Jacobus
543 2479 582 2507 de
596 2500 603 2515 ,
618 2478 671 2507 206
684 2499 692 2511 ,
706 2478 770 2513 207,
787 2477 850 2513 725,
865 2477 930 2513 729,
944 2477 1006 2507 739.

223 2528 367 2561 Acesta,
382 2527 549 2562 Josephus
565 2527 614 2561 de,
629 2526 654 2560 5,
671 2526 700 2561 7,
716 2524 777 2560 158,
795 2525 856 2560 160,
868 2525 932 2559 392,
942 2525 1007 2561 393,

257 2575 312 2604 718
324 2596 331 2610 ,
343 2575 411 2604 720.

222 2622 668 2656 Adriaenssens(Adriani),
684 2622 719 2651 P.
741 2621 925 2655 Adrianus,
947 2621 1006 2649 Lo-

258 2670 431 2698 vaniensis
447 2670 564 2697 domus
579 2669 611 2697 S.
636 2668 665 2696 J.
691 2667 874 2704 Superior,
889 2668 924 2695 38
937 2687 945 2702 ,
960 2667 1006 2702 41,

255 2717 301 2752 42,
316 2717 378 2752 140,
395 2716 457 2751 142,
471 2716 533 2752 632,
550 2715 612 2744 634.

221 2764 422 2799 Aethiopiae
448 2764 640 2791 patriarcha
652 2782 660 2798 ,
687 2763 759 2790 vido
788 2762 811 2789 N
817 2762 900 2790 unes
930 2761 1007 2788 Bar-

258 2811 346 2839 reto.

221 2857 423 2894 Aethiopiae
438 2858 654 2886 Patriarchae
674 2857 772 2893 Coadj
780 2859 855 2886 utor
872 2857 1008 2893 Episco-

259 2911 333 2942 pus,
348 2906 421 2933 vide
435 2905 702 2934 Carneum-ld.
721 2904 854 2933 Oviedo.

1046 1112 1048 1115 ’
1087 1104 1343 1140 Agrigentinus
1357 1104 1526 1138 Vicarius,
1542 1104 1613 1131 vide
1627 1102 1829 1132 Valentinis.

1085 1151 1260 1186 Aguilera,
1274 1151 1307 1180 P.
1321 1151 1530 1186 Emmanuel,
1545 1150 1609 1187 275,
1624 1149 1686 1178 488.

1085 1198 1192 1227 Alaba
1207 1201 1240 1227 et
1254 1199 1428 1235 Esquivel,
1444 1198 1588 1227 Didacus
1603 1199 1659 1234 de,
1682 1198 1866 1226 Abulensis

1121 1246 1307 1282 Episcopus
1319 1268 1326 1282 ,
1340 1247 1439 1282 Regii
1454 1245 1641 1274 tribunalis
1655 1246 1866 1280 (Audiencin)

1122 1294 1271 1329 Praeses,
1285 1293 1350 1329 288,
1365 1294 1430 1329 744,
1445 1292 1508 1321 748.

1084 1341 1192 1376 Alba,
1210 1341 1253 1369 III
1269 1341 1345 1369 Dux
1361 1342 1416 1376 (le,
1431 1341 1500 1368 vide
1517 1341 1656 1367 Alvarez
1671 1340 1710 1367 de
1726 1339 1861 1367 Toledo.

1085 1388 1260 1417 Alcafiices
1274 1409 1281 1425 ,
1297 1389 1342 1416 III
1357 1388 1504 1416 Marchio
1525 1388 1583 1423 de,
1607 1389 1677 1416 vide
1696 1387 1864 1422 Enriquez

1120 1436 1158 1463 de
1173 1436 1348 1464 Almansa.

1120 1484 1239 1519 —Ejus
1264 1491 1368 1520 uxor,
1383 1484 1453 1511 vide
1468 1483 1563 1519 Borja
1576 1484 1610 1511 et
1623 1483 1752 1518 Castro,
1766 1482 1864 1510 Joan-

1154 1538 1197 1558 na
1212 1531 1262 1559 de.

1084 1577 1235 1613 Alcazar,
1252 1578 1285 1605 P.
1300 1577 1588 1611 Bartholomaeus.
1601 1577 1648 1612 57,
1658 1576 1722 1605 419.

1083 1625 1236 1660 Aleman,
1251 1625 1310 1658 N.,
1325 1625 1485 1659 medicus,
1502 1624 1564 1653 196.

1083 1672 1321 1707 Algarbiensis
1332 1673 1527 1708 Episcopus,
1542 1673 1614 1699 vide
1629 1672 1739 1699 Mello.

1083 1718 1215 1753 Algerii
1231 1717 1311 1752 Rex,
1326 1719 1396 1746 vide
1411 1719 1557 1746 Hassan.

1083 1765 1257 1793 Alleaume
1271 1787 1277 1800 ‚
1293 1765 1439 1793 Joannes
1451 1787 1458 1799 ,
1486 1765 1685 1794 parisiensis
1698 1764 1860 1793 ecclesiae

1119 1811 1417 1848 Poenitentiarius,
1429 1813 1490 1841 107.

1084 1860 1259 1896 Almeyda,
1274 1859 1313 1887 P.
1327 1861 1536 1896 Emmanuel,
1550 1860 1613 1888 204.

1081 1907 1266 1942 Almeyda,
1288 1907 1479 1942 Stephanus
1508 1909 1563 1943 de,
1584 1906 1864 1942 Carthaginensis

1117 1954 1301 1990 Episcopus
1315 1956 1371 1988 (in
1388 1955 1587 1991 Hispania),
1602 1954 1663 1989 671,
1677 1954 1742 1983 672.

1082 2001 1181 2036 Alva,
1197 2001 1358 2031 Julianus
1372 2003 1430 2039 de,
1447 2002 1716 2038 Portalegrensis
1731 2002 1864 2037 Episco-

1116 2056 1190 2084 pus,
1204 2050 1270 2079 234.

1083 2095 1180 2131 Alva,
1196 2098 1315 2126 Petrus
1326 2098 1376 2133 de,
1392 2097 1615 2126 Granatensis
1632 2097 1859 2132 Archiepisco-

1117 2151 1190 2179 pus,
1203 2144 1270 2172 289.

1081 2191 1284 2226 Alvaradue,
1299 2192 1342 2220 fr.
1351 2213 1358 2227 ,
1371 2192 1434 2220 295.

1081 2238 1234 2271 Alvarez,
1250 2240 1287 2268 P.
1305 2239 1555 2275 Gundisalvus,
1569 2239 1633 2275 337,
1648 2239 1716 2267 344.

1081 2286 1235 2321 Alvarez‚
1250 2287 1285 2316 P.
1316 2287 1462 2315 Joannes
1474 2307 1483 2322 ,
1510 2289 1624 2322 postea
1650 2287 1686 2315 P.
1717 2286 1864 2315 Joannes

1116 2333 1242 2362 Paulus
1257 2334 1389 2370 dictus,
1411 2334 1555 2370 collegii
1577 2334 1612 2362 S.
1630 2334 1658 2361 J.
1681 2334 1715 2361 in
1739 2334 1860 2362 Saulu-

1117 2387 1174 2408 car
1187 2382 1226 2409 de
1242 2381 1437 2410 Barrameda
1445 2381 1577 2416 Rector,
1588 2380 1634 2417 58,
1648 2381 1708 2415 309,
1721 2381 1785 2417 312,
1798 2381 1862 2416 551,

1115 2427 1168 2455 554
1179 2447 1187 2462 ,
1202 2427 1266 2464 674,
1282 2428 1347 2456 675.

1082 2475 1224 2503 Alvarez
1240 2477 1279 2504 de
1305 2477 1425 2504 ToleJo
1439 2497 1447 2512 ,
1475 2477 1705 2505 Ferciinandus
1718 2497 1726 2510 ,
1745 2476 1863 2505 Comes

1117 2521 1156 2548 de
1170 2521 1333 2558 Oropesa,
1349 2522 1395 2550 741
1407 2543 1414 2549 .

1080 2569 1220 2597 Alvarez
1236 2570 1274 2597 de
1288 2569 1430 2606 Toledo,
1446 2569 1676 2598 Ferdinandus
1687 2589 1695 2605 ,
1720 2569 1766 2598 111
1786 2569 1864 2598 Dux

1117 2618 1155 2645 de
1170 2617 1258 2645 Alba
1269 2638 1276 2652 ,
1291 2616 1342 2653 48,
1356 2617 1401 2646 76.

1079 2665 1221 2694 Alvarez
1235 2665 1288 2693 del
1303 2665 1439 2702 Aguila,
1453 2665 1696 2699 Ferdinandus,
1708 2665 1861 2701 Burgen-

1116 2712 1163 2740 sis
1185 2712 1329 2748 collegii
1344 2713 1380 2741 S.
1397 2713 1428 2742 J.
1448 2712 1581 2748 Rector,
1596 2712 1724 2748 114-117,
1737 2712 1805 2741 704.

1084 2761 1247 2797 Andalur,
1263 2761 1469 2796 Dominicus‚
1479 2759 1543 2789 258.

1081 2809 1206 2844 Andre,
1221 2808 1442 2842 Fructuosus,
1456 2808 1520 2843 461,
1534 2808 1598 2843 466,
1613 2808 1675 2844 763,
1691 2807 1754 2837 771.

1082 2857 1244 2892 Andreas,
1258 2857 1462 2891 tyburtinus
1476 2857 1645 2892 medicus,
1660 2856 1726 2885 604.

1081 2905 1227 2940 Angliae
1242 2903 1442 2940 Cardinalis‚
1457 2905 1526 2932 vide
1541 2905 1628 2933 Pele.
