2028 3328
882 70 963 106 AN.
996 70 1086 116 ,1535
1737 74 1807 110 215

164 165 382 206 intimum
418 166 575 206 cordis
606 167 676 206 sui
707 166 942 216 patefecit,
976 166 1133 205 diuino
1164 166 1308 205 fretus
1338 167 1527 216 auxilio,
1562 168 1805 219 alloquens

163 236 392 286 quosdam
424 249 523 277 rem
553 249 736 277 omnem
767 237 1078 288 compescuit,
1109 244 1152 276 et
1181 243 1275 276 tam
1304 248 1528 285 magnam
1555 244 1801 289 tempesta-

160 312 257 346 tem
279 308 475 359 sedauit,
500 315 639 360 atque
662 307 815 348 effecit
843 314 894 347 vt
924 308 1121 347 libenter
1152 308 1344 358 cognati
1375 308 1475 347 eius
1507 309 1805 349 matrimonio

163 380 519 419 assentirentur.
539 379 669 431 Quae
686 391 760 419 res
778 391 869 418 non
888 390 1064 430 paruae
1083 379 1408 419 admirationis
1432 379 1646 419 omnibus
1669 391 1805 430 argu·

164 456 371 490 mentum
394 450 491 499 fuit,
517 459 567 490 vt
589 457 632 490 et
654 462 777 490 nunc
806 450 1024 499 ignorent
1051 450 1183 489 multi
1213 456 1257 489 et
1287 450 1579 490 admirentur
1608 462 1697 502 quo
1727 463 1803 502 pa-

167 525 243 559 cto
265 527 360 560 tam
383 533 582 572 magnus
601 522 723 572 ignis
747 528 839 561 tam
861 522 952 561 cito
975 521 1212 561 extinctus
1234 521 1308 560 sit.

241 590 375 631 Aliae
411 594 568 643 plures
603 592 838 632 amicitiae
872 591 1026 631 factae
1056 599 1177 642 sunt,
1212 598 1257 631 et
1287 592 1540 643 praecipue
1579 592 1714 640 duae,
1757 594 1801 632 in

161 673 360 713 quarum
397 665 544 703 altera
577 664 810 715 aliquibus
844 663 1116 703 imminebat
1149 663 1409 714 periculum
1439 663 1632 703 honoris
1664 670 1708 704 et
1736 664 1799 703 fa-

160 744 278 783 mae,
303 746 409 774 cum
431 742 586 775 essent
607 736 817 775 homines
835 746 927 774 non
945 735 1130 774 infimae
1149 734 1447 785 conditionis,
1469 735 1572 775 aliis
1590 747 1703 775 vero
1721 736 1800 775 im-

159 805 365 844 minebat
388 805 640 846 discrimen
662 806 802 857 vitae,
827 818 946 857 quae
969 806 1096 845 labes
1126 806 1185 846 ad
1217 806 1398 857 aliquos
1427 807 1568 846 etiam
1598 806 1798 847 aliorum

161 876 438 926 oppidorum
460 889 509 916 se
531 877 827 924 extendebat,
852 877 960 928 quia
983 884 1116 916 erant
1140 877 1333 927 cognati
1354 883 1398 916 et
1421 877 1560 917 amici
1582 877 1796 917 istorum.

162 945 292 996 Quae
310 948 466 987 omnia
486 947 612 988 Deus
629 960 711 1000 per
728 948 975 999 quemdam
989 947 1175 988 Patrem
1194 948 1329 987 'nuius
1343 948 1507 988 domus
1520 948 1657 988 facile
1675 961 1793 989 com-

159 1019 357 1068 pescuit,
381 1025 439 1069 et,
464 1020 659 1071 laqueos
681 1019 855 1059 inimici
878 1025 1140 1067 conteren5‚
1167 1019 1213 1059 in
1230 1019 1395 1059 melius
1412 1019 1566 1059 vertit.
1587 1020 1796 1060 Fuerunt

162 1090 319 1129 itidem
343 1090 432 1130 duo
451 1097 753 1138 mercatores,
784 1091 904 1131 inter
935 1103 1052 1142 quos
1079 1102 1253 1142 magna
1282 1091 1626 1131 discordiarum
1657 1098 1798 1132 matc-

160 1161 253 1200 ries
275 1161 606 1201 suscitabatur.
630 1162 720 1213 Qui
736 1163 774 1202 si
794 1162 1033 1202 discordes
1049 1162 1401 1209 remansissent,
1423 1169 1520 1202 tum
1538 1163 1679 1213 fama,
1700 1170 1798 1204 tum

159 1232 295 1281 bona,
319 1244 413 1272 non
441 1234 592 1272 solum
612 1233 822 1285 ipsorum
845 1233 925 1273 sed
948 1240 991 1273 et
1021 1234 1235 1282 aliorum,
1270 1234 1316 1273 in
1345 1235 1550 1285 periculo
1573 1241 1722 1286 erant;
1753 1244 1798 1276 et

158 1304 387 1354 quamuis,
422 1304 677 1355 instigante
712 1305 912 1355 inimico,
946 1306 1091 1344 multa
1127 1305 1414 1355 oriebantur,
1449 1318 1568 1357 quae
1604 1317 1795 1347 concor—

158 1375 284 1414 diam
319 1375 653 1425 impediebant,
689 1382 859 1423 tamen‚
891 1377 1231 1417 interueniente
1259 1378 1462 1428 quodam
1490 1385 1623 1428 patre
1659 1379 1797 1418 huius

157 1445 336 1496 domus,
364 1446 491 1486 Deus
513 1447 670 1486 omnia
692 1453 818 1487 recte
839 1446 1067 1499 disposuit
1090 1454 1228 1499 atque
1250 1448 1313 1487 ita
1330 1449 1572 1499 negotium
1594 1449 1684 1489 illis
1705 1449 1794 1489 foe-

156 1517 309 1557 liciter
331 1518 485 1557 cessit.

237 1588 352 1628 Illud
376 1600 467 1628 non
490 1588 675 1628 silentio
697 1590 1166 1641 praetermittendum
1191 1602 1377 1640 cense0‚
1408 1592 1678 1632 venerande
1708 1592 1792 1633 Pa-

152 1666 239 1710 ter,
264 1659 388 1712 quod
417 1667 629 1699 nostrum
657 1661 844 1700 solitum
866 1662 1143 1702 exercitium
1173 1662 1511 1702 audiendarum
1541 1663 1794 1704 confessio-

153 1743 265 1772 num
285 1733 442 1783 gratia
463 1733 654 1774 Domini
681 1735 727 1774 in
757 1735 855 1775 dies
882 1741 1097 1785 augetur,
1130 1740 1174 1773 et
1205 1734 1251 1773 in
1273 1733 1371 1773 dies
1398 1745 1619 1774 numerus
1651 1735 1789 1775 confi-

153 1803 349 1843 tentium
372 1805 556 1856 crescit,
576 1806 780 1845 maxime
795 1805 883 1845 hoc
901 1805 1252 1845 sacratissimae
1269 1804 1542 1845 Natiuitatis
1560 1815 1786 1857 tempore,

153 1881 204 1914 vt
225 1886 298 1914 me
319 1875 463 1915 lateat
485 1888 544 1915 an
567 1882 775 1928 tempore
797 1876 1190 1928 quadragesimae
1212 1882 1256 1915 et
1278 1876 1325 1915 in
1341 1876 1443 1927 ipsa
1461 1877 1601 1916 etiam
1619 1877 1786 1917 hebdo-

152 1944 292 1985 mada
328 1952 492 1986 sancta
524 1947 761 1998 copiosior
790 1959 1012 1988 numerus
1046 1947 1365 1987 confitentium
1400 1949 1557 1987 valeat
1591 1949 1789 1999 reperiri

155 2017 294 2068 (quod
311 2029 404 2057 non
426 2017 640 2058 modicae
661 2018 985 2059 admirationis
1003 2030 1148 2059 causa
1165 2030 1268 2058 esse
1286 2019 1465 2070 possit),
1484 2030 1589 2059 cum
1606 2031 1699 2059 non
1715 2019 1789 2060 de—

153 2088 246 2128 sint
270 2089 584 2129 oblatratores
612 2095 655 2129 et
677 2090 757 2141 qui
777 2090 935 2130 verbis
956 2090 1302 2130 detractionum
1323 2102 1409 2129 nos
1432 2097 1787 2141 persequantur3

150 2165 196 2199 et
227 2166 401 2211 quanto
425 2161 577 2211 magis
599 2160 836 2201 deuotioni
856 2162 1107 2202 multorum
1129 2161 1355 2201 obsistere
1387 2167 1632 2212 conantur,
1658 2168 1787 2203 tanto

149 2231 304 2282 magis
325 2232 428 2283 ipsi,
454 2238 677 2283 tanquam
699 2232 758 2272 ad
780 2233 967 2284 nuptias
989 2233 1187 2283 inuitati,
1219 2233 1278 2273 ad
1304 2233 1696 2283 frequentandum
1716 2245 1787 2274 sa-

148 2309 391 2342 cramenta
411 2315 514 2342 sese
536 2303 738 2343 inuicem
755 2303 1081 2343 adhortantur.
1102 2303 1237 2354 Quod
1258 2309 1440 2355 spectat
1461 2303 1521 2344 ad
1537 2315 1785 2346 ornamen-

146 2378 194 2412 ta
217 2374 430 2425 corporis
451 2374 669 2425 vitaeque
691 2374 1068 2425 castigationem,
1099 2374 1400 2426 perspicuum
1422 2381 1492 2415 est
1514 2375 1718 2416 subitam
1738 2376 1785 2417 in

147 2445 302 2484 multis
323 2445 466 2485 fuisse
487 2445 806 2485 mutationem.
830 2445 901 2485 De
923 2445 1127 2497 quodam
1143 2445 1285 2485 nobili
1302 2445 1451 2486 fertur
1473 2457 1579 2486 eum
1595 2458 1784 2497 persua-

144 2516 262 2556 sisse
283 2523 348 2567 vt,
374 2517 452 2568 qui
473 2523 611 2556 antea
635 2517 764 2556 luxui
786 2523 830 2556 et
852 2517 1174 2568 voluptatibus
1192 2517 1309 2557 alios
1326 2528 1410 2557 suo
1429 2518 1643 2570 exemplo
1667 2518 1783 2559 invi-

144 2586 291 2637 tabat,
316 2588 375 2628 sit
396 2588 535 2627 modo
558 2587 693 2638 quasi
716 2587 903 2627 virtutis
924 2589 1166 2639 speculum
1194 2593 1239 2628 et
1267 2588 1314 2628 in
1340 2588 1444 2640 ipsa
1467 2595 1783 2630 sacramento-

137 2670 247 2698 rum
267 2658 642 2710 frequentatione
665 2657 789 2709 apud
811 2670 896 2698 nos
917 2664 1204 2710 perseuerat.

223 2730 476 2770 Breuitatis
502 2740 646 2769 causa
676 2729 877 2780 plurima
907 2731 1245 2781 praetermitto,
1279 2742 1399 2783 quae
1432 2730 1663 2772 Dominus
1698 2744 1782 2784 per

141 2801 229 2841 hos
249 2801 467 2841 minimos
489 2811 652 2840 seruos
673 2812 784 2840 suos
805 2800 1025 2851 dignatus
1046 2807 1116 2841 est
1135 2801 1307 2853 facere,
1331 2808 1382 2842 vt
1409 2802 1457 2842 in
1478 2803 1780 2844 subleuandis

135 2885 169 2912 a
190 2872 268 2913 via
289 2871 568 2923 perditionis
587 2871 866 2922 hominibus,
892 2872 969 2923 qui
991 2872 1068 2912 diu
1089 2873 1135 2912 in
1156 2873 1282 2913 vitiis
1306 2880 1349 2914 et
1373 2874 1580 2925 peccatis
1603 2875 1780 2915 detenti
