2028 3328
201 158 273 195 508
719 155 946 194 LITTERAE
965 163 1324 199 QUADRIMESTRES

203 265 403 305 magnus
426 260 562 303 esset,
587 253 626 293 si
649 253 823 304 absque
846 252 1028 292 delectu
1050 251 1422 290 admitterentur.
1447 248 1495 287 In
1517 247 1704 298 graecis
1726 257 1838 286 uero

205 327 277 375 (ne
300 325 407 376 quid
430 325 543 364 mihi
565 324 810 375 quominus
827 324 908 363 tibi
927 322 1144 362 nunciem
1163 319 1338 370 restet),
1363 318 1584 359 Isocratis
1602 317 1840 357 orationes

206 403 250 436 et
285 396 523 447 syntaxim
550 396 933 446 interpretantur.
957 393 1058 443 Quo
1081 391 1233 431 studio
1256 402 1312 430 ac
1334 389 1575 440 diligentia
1604 388 1650 428 hi
1679 399 1839 428 omnes

206 467 371 507 litteris
393 479 447 506 ac
470 467 602 506 bonis
631 466 837 505 moribus
864 464 1125 514 inuigilent,
1157 460 1557 512 supersedendum
1578 459 1703 499 duxi:
1728 459 1840 498 illud

206 545 363 578 tamen
385 549 477 577 non
501 538 727 585 omittam,
752 536 876 576 domi
899 534 1023 585 apud
1053 544 1139 572 nos
1169 532 1366 583 singulis
1394 531 1570 581 diebus,
1601 530 1647 570 ni
1668 541 1838 569 uacan-

207 611 317 650 dum
341 610 397 649 ab
421 621 559 660 opere
581 608 735 657 fuerit,
760 618 934 657 magna
956 617 1063 645 cum
1085 604 1342 644 attentione
1364 603 1433 643 rei
1462 614 1628 642 sacrae
1649 601 1841 641 interes-

207 692 272 721 se:
298 681 358 720 ibi
381 680 581 726 interim,
602 679 710 718 dum
728 678 775 718 fit
793 688 995 726 sacrum,
1016 686 1213 727 pensum
1231 680 1409 726 septem
1425 674 1649 713 horarum
1665 672 1712 712 in
1729 671 1842 712 Bea-

208 759 284 792 tae
306 751 516 801 Uirginis
538 751 715 790 Mariae
748 749 975 788 honorem
1004 758 1117 798 prae
1145 746 1361 786 manibus
1388 744 1560 784 habent
1588 750 1667 783 aut
1697 744 1842 783 corol-

209 824 317 872 lam,
343 822 565 873 multique
592 819 918 861 Eucharistiae
946 824 1296 858 sacramentum
1317 821 1519 866 sumunt,
1544 815 1590 855 in
1610 814 1843 866 principio

209 895 375 933 saltem
397 893 619 943 cuiusque
643 891 829 931 mensis:
856 891 901 929 in
923 888 1186 940 gymnasiis
1208 893 1378 936 autem,
1404 887 1444 926 si
1465 886 1581 938 quis,
1605 893 1656 925 vt
1679 886 1725 925 in
1746 892 1842 924 tan-

210 972 258 1005 ta
280 964 572 1004 multitudine
600 962 700 1002 fieri
729 963 860 1012 solet,
885 961 1014 1001 rudis
1043 961 1103 1000 sit
1130 959 1319 1010 ingenio
1349 965 1429 998 aut
1450 957 1615 997 studiis
1646 957 1760 996 nolit
1782 956 1846 995 in-

212 1036 396 1086 sudare,
420 1036 465 1074 in
488 1047 541 1074 eo
565 1034 762 1084 denique
792 1044 933 1083 saepe
955 1032 1158 1071 monitus
1186 1035 1376 1081 perstet,
1408 1028 1653 1069 aduocatis
1682 1039 1845 1079 paren-

213 1107 350 1157 tibus,
375 1107 523 1157 iisque
546 1106 600 1145 de
632 1105 819 1155 ingenio
853 1115 908 1143 ac
931 1103 1053 1142 uotis
1084 1102 1214 1153 pueri
1236 1101 1430 1151 edoctis,
1460 1112 1518 1139 ne
1544 1099 1615 1149 iis,
1646 1110 1846 1150 quorum

213 1190 320 1229 spes
352 1178 506 1228 aliqua
536 1176 751 1226 refulget,
786 1174 923 1225 obsit,
955 1174 1144 1214 domum
1180 1173 1239 1213 ad
1275 1172 1366 1212 alia
1403 1183 1596 1211 munera
1633 1170 1844 1219 mittitur,

215 1249 380 1300 quibus
402 1255 539 1299 aptus
561 1247 634 1297 sit,
660 1246 889 1286 obeunda.

293 1320 391 1359 Etsi
420 1319 478 1358 ab
500 1319 696 1370 spiritali
718 1318 931 1368 profectu
959 1317 1128 1357 multos
1158 1321 1328 1356 auocat
1358 1315 1449 1355 loci
1471 1312 1844 1360 incommoditas,

214 1400 371 1431 tamen
398 1396 557 1430 tantus
585 1397 653 1429 est
684 1401 847 1429 eorum
873 1400 1109 1438 numerus,
1135 1388 1211 1440 qui
1236 1388 1294 1427 ad
1316 1398 1403 1426 nos
1431 1385 1681 1426 confitendi
1704 1394 1848 1424 causa

214 1462 459 1512 accedunt,
490 1468 538 1501 ut
572 1461 651 1501 uix
677 1461 886 1512 ipsorum
917 1460 1201 1512 respondere
1233 1458 1406 1510 optatis
1433 1468 1675 1509 queamus:
1713 1455 1849 1506 idque

218 1546 307 1574 non
328 1534 466 1573 modo
490 1533 651 1573 diebus
673 1532 817 1583 festis,
842 1543 1008 1572 uerum
1029 1531 1171 1572 etiam
1194 1531 1361 1582 quibus
1382 1529 1532 1569 labori
1549 1536 1618 1568 est
1636 1527 1848 1567 insisten2

217 1606 340 1656 dum,
365 1606 524 1645 nescio
546 1616 748 1656 quonam
766 1604 920 1654 modo,
945 1603 1056 1644 dum
1076 1603 1123 1643 in
1141 1602 1315 1642 scholis
1336 1600 1579 1650 uersabar,
1604 1599 1659 1639 de
1681 1598 1848 1639 doctri-

215 1688 276 1716 na
298 1676 570 1726 christiana,
595 1687 734 1726 quam
756 1675 954 1726 singulis
976 1674 1137 1714 diebus
1158 1673 1345 1713 ueneris
1367 1672 1415 1712 P.
1436 1671 1670 1711 Antonius
1693 1671 1703 1690 ¹
1725 1669 1851 1710 domi

214 1747 456 1798 discipulis
493 1747 708 1786 omnibus
740 1757 922 1786 summo
953 1757 1113 1785 amore
1144 1756 1199 1784 ac
1227 1743 1471 1795 diligentia
1498 1743 1850 1792 interpretatur,

217 1819 409 1858 uerbum
431 1819 607 1858 nullum
633 1818 737 1858 feci:
769 1829 823 1858 ac
851 1817 907 1858 de
935 1817 1153 1869 quodam,
1178 1816 1310 1856 cuius
1338 1825 1513 1865 magna
1541 1824 1648 1865 spes
1679 1818 1762 1861 est,
1787 1813 1852 1852 lu-

216 1891 368 1929 sitano
390 1890 571 1939 iuuene,
596 1890 684 1929 hac
705 1889 920 1940 proxime
940 1889 1075 1939 lapsa
1096 1886 1460 1939 quadragesima
1481 1886 1711 1936 ingresso.

296 1960 451 2000 Parva
473 1960 659 2012 quidem
680 1966 787 2000 sunt
809 1960 941 2010 haec,
970 1958 1024 2000 R.
1049 1958 1117 2010 R,
1141 1970 1254 2010 prae
1283 1958 1549 1998 futurorum
1571 1955 1854 2007 expectatio-

218 2044 290 2072 ne.
313 2031 534 2083 Superest
556 2038 605 2071 ut
625 2032 733 2072 huic
756 2037 800 2071 et
821 2031 1021 2071 caeteris
1048 2036 1239 2070 nostrae
1260 2028 1510 2070 Societatis
1532 2027 1757 2078 collegiis,
1781 2038 1855 2077 pe-

218 2103 350 2143 rinde
372 2114 426 2143 ac
448 2102 566 2153 filiis,
590 2103 868 2154 prospicias,
887 2102 977 2142 hoc
995 2107 1079 2153 est,
1100 2106 1326 2153 quantum
1342 2099 1442 2140 fieri
1459 2105 1626 2151 potest,
1646 2109 1782 2137 cures
1799 2109 1857 2137 ne

219 2186 304 2224 pro
326 2174 550 2225 cuiusque
573 2174 740 2214 messis
770 2173 1095 2225 magnitudine
1117 2182 1352 2212 messores
1383 2169 1537 2211 idonei
1565 2169 1731 2209 desint:
1755 2179 1856 2208 ora—

222 2245 424 2285 tionibus
444 2245 576 2285 iuues
597 2251 660 2294 ut,
686 2245 765 2296 qui
787 2244 956 2296 coepit,
990 2244 1282 2284 incrementa
1317 2242 1408 2292 det,
1432 2241 1561 2282 Deus
1589 2239 1696 2292 Opt.
1727 2239 1855 2280 Max.

221 2315 357 2366 Quod
379 2316 416 2355 si
437 2315 620 2367 feceris,
645 2323 781 2368 spero
802 2315 918 2366 fore,
940 2321 990 2355 ut
1007 2314 1255 2355 uniuersus
1272 2320 1506 2353 terrarum
1522 2312 1648 2353 orbis
1664 2310 1858 2351 mirifice

224 2387 445 2437 gaudeat,
470 2394 788 2438 uenturusque
810 2386 1173 2427 christianorum
1196 2385 1396 2437 populus
1423 2383 1655 2435 ingenteis
1676 2368 1858 2422 summo

224 2458 439 2498 Creatori
459 2459 656 2509 gratias,
682 2459 806 2510 quod
827 2459 874 2498 in
894 2458 1013 2498 haec
1034 2463 1247 2508 tempora
1268 2455 1499 2505 inciderit,
1525 2459 1650 2505 agat.
1676 2453 1813 2494 Vale.

306 2528 484 2578 Genua,
507 2528 533 2568 8
553 2529 656 2569 idus
677 2529 857 2582 Junias,
883 2540 1003 2569 anno
1026 2539 1053 2567 a
1074 2527 1263 2568 Christo
1285 2532 1395 2566 nato
1420 2525 1535 2566 1555.

395 2599 598 2651 Impulsu
621 2599 675 2640 R.
699 2600 747 2640 Ρ.
772 2600 1001 2640 Rectoris.
1213 2620 1217 2623 ·

602 2671 654 2711 T.
679 2671 734 2711 R.
758 2671 806 2711 P.
831 2671 1051 2722 indignus
1074 2670 1211 2721 filius,

1069 2813 1312 2866 JOHANNES
1341 2810 1643 2852 CATALANUS.

289 2972 296 2989 ἰ
338 2972 373 2998 P.
391 2973 559 2999 Antonius
574 2972 612 2998 de
629 2971 826 3006 Soldevilla,
843 2972 981 2999 Rector.
