2028 3328
136 144 204 181 152
647 145 875 183 LITTERAE
903 158 1262 190 QUADRIMESTRES

135 242 364 282 rationem
384 243 561 293 pariter
583 249 627 283 et
649 243 946 284 deuotionem
968 257 1103 285 omne
1124 246 1233 286 illud
1257 246 1478 298 oppidum
1499 249 1775 290 commouit„

135 312 263 352 Deus
285 319 440 353 autem
461 325 552 365 qua
577 315 985 356 commiseratione
1019 317 1134 357 istos
1163 324 1413 357 conseruat
1441 324 1485 357 et
1506 326 1772 369 promouet,

134 384 298 424 eadem
320 392 363 425 et
386 385 502 424 alios
523 386 769 437 plerosque
791 386 851 426 ad
872 387 997 427 uiam
1014 388 1219 428 iustitiae
1240 394 1447 428 reuocat.
1471 387 1652 429 Doctor
1673 391 1768 441 qui-

134 455 256 504 dam,
280 457 414 496 nobis
435 462 541 496 ante
564 457 807 507 aduersus,
831 469 1035 509 eousque
1056 465 1262 499 mutatus
1283 465 1366 510 est,
1386 466 1436 499 ut
1455 472 1547 500 non
1569 461 1634 500 1111
1655 462 1779 501 53115

134 526 193 566 511
210 533 378 566 0613110
397 539 580 590 quoque
598 529 670 568 die
689 530 1050 581 communicare3
1075 537 1119 570 et
1138 531 1245 570 licet
1267 530 1326 571 sit
1347 531 1483 571 uxori
1500 532 1768 582 obstrictus,

135 605 293 649 sperat
328 605 483 639 tamen
510 599 624 649 fore,
655 606 703 639 ut
731 600 809 640 illa
839 601 1177 641 monasterium
1207 602 1410 653 aliquod,
1444 602 1543 654 ipse
1565 601 1768 643 Societa-

134 676 228 709 tem
248 676 479 720 nostram,
503 671 808 721 ingrediatur.

214 740 504 781 Adolescens
526 742 730 792 quidam,
757 754 907 782 annos
928 749 1066 783 natus
1087 743 1146 794 19,
1168 743 1433 783 Cardinalis
1454 744 1771 784 Messanensis

133 824 191 851 ex
212 819 417 863 cognata
435 824 594 863 nepos,
615 814 821 865 acceptis
839 814 896 853 ab
914 826 1006 854 uno
1024 822 1210 866 patrum
1231 821 1500 855 nostrorum
1518 816 1773 862 exercitiis,

134 884 241 923 111116
263 895 311 923 56
334 882 556 924 Societati
578 884 769 935 dicauit,
798 885 989 937 fierique
1017 886 1187 937 poterit
1215 892 1262 925 ut
1285 887 1425 937 paulo
1449 893 1554 937 post
1576 886 1773 927 Romam

133 966 182 994 se
204 955 429 994 conferat.
453 954 569 995 Tres
592 956 800 1006 uirgines
816 957 1153 997 monasterium
1174 956 1650 1007 ingredistatuerunt:
1675 959 1773 1009 plu-

132 1037 221 1076 res,
246 1026 331 1066 etsi
351 1027 500 1066 nolint
521 1027 644 1067 idem
664 1027 836 1078 facere,
861 1039 994 1068 suam
1015 1036 1172 1069 tamen
1195 1028 1517 1079 uirginitatem
1537 1029 1638 1069 Deo
1661 1041 1770 1069 con-

132 1104 392 1137 secrarunt.
412 1096 563 1149 Rapta
582 1098 812 1149 quaedam
830 1111 854 1139 e
871 1099 1171 1150 monasterio,
1192 1111 1298 1139 cum
1315 1106 1437 1140 esset
1455 1112 1687 1141 annorum
1708 1100 1769 1150 16,

130 1180 342 1221 quaeque
363 1175 526 1220 postea
547 1170 593 1209 in
615 1169 940 1221 fornicatione,
965 1182 1046 1211 seu
1069 1171 1250 1210 incestu
1271 1171 1441 1222 potius,
1475 1171 1591 1211 duos
1623 1184 1776 1213 annos

129 1247 305 1292 egerat,
331 1242 540 1291 generali
558 1241 685 1282 facta
707 1241 1015 1292 confessione,
1039 1242 1255 1293 promisit
1278 1253 1327 1282 se
1350 1242 1409 1282 ad
1430 1244 1775 1283 monasterium

129 1312 281 1352 redire
302 1313 435 1363 uelle,
459 1324 607 1364 eoque
629 1313 799 1364 animo,
824 1319 873 1353 ut
894 1312 1140 1363 credimus,
1160 1325 1219 1353 ex
1240 1313 1330 1353 hac
1349 1313 1462 1353 urbe
1484 1314 1713 1354 discessit.

208 1383 323 1424 Viro
346 1383 532 1424 cuidam
553 1390 597 1424 et
619 1384 717 1424 eius
738 1384 874 1424 uxori
894 1391 1195 1435 persuaserat
1227 1384 1441 1434 daemon,
1467 1391 1515 1425 ut
1547 1391 1671 1425 metu
1694 1398 1772 1425 ca-

128 1455 395 1496 lamitatum
422 1462 830 1496 sacramentorum
856 1467 992 1495 usum
1019 1467 1213 1507 prorsus
1240 1456 1551 1507 negligerent,
1581 1456 1777 1508 iamque

127 1538 276 1567 annos
295 1528 321 1566 5
342 1532 421 1566 aut
439 1526 465 1566 6
494 1526 551 1566 iis
572 1532 837 1576 caruerant;
861 1526 923 1576 hi,
948 1532 1196 1577 postquam
1217 1532 1326 1567 sunt
1354 1526 1572 1578 confessi,
1597 1527 1767 1567 firmio-

126 1609 202 1638 res
223 1609 279 1638 ac
299 1597 548 1638 hilariores
578 1597 636 1637 ad
672 1609 782 1637 suos
816 1597 1068 1638 redierunt.
1096 1597 1295 1638 Rediere
1330 1609 1512 1649 quoque
1547 1599 1607 1639 ad
1641 1610 1691 1638 se
1727 1604 1772 1639 61

125 1670 185 1710 ad
215 1668 370 1710 Deum
405 1681 538 1710 suum
582 1669 865 1721 turpissimis
898 1669 1230 1721 uoluptatibus,
1255 1668 1301 1709 id
1336 1670 1459 1721 quod
1483 1676 1650 1720 patens
1671 1678 1772 1710 erat

130 1740 360 1790 omnibus,
384 1740 542 1780 dediti.
566 1740 762 1780 Necnon
790 1741 930 1780 etiam
954 1740 1032 1791 qui
1054 1752 1079 1779 a
1103 1740 1259 1780 multis
1281 1741 1418 1780 annis
1441 1741 1642 1781 confessi
1677 1753 1776 1781 non*

123 1818 273 1863 erant,
299 1818 438 1863 atque
458 1811 578 1852 inter
600 1812 687 1852 hos
707 1823 828 1852 unus
858 1812 935 1863 qui
955 1823 981 1851 a
1003 1811 1164 1852 decem
1188 1812 1340 1852 annis.
1366 1811 1663 1852 Remiserunt
1686 1813 1764 1853 alii

122 1883 245 1933 odia,
270 1883 362 1934 alii,
387 1894 504 1934 quas
526 1883 778 1934 habebant,
801 1894 974 1923 uxores
996 1883 1174 1923 alienas
1196 1883 1527 1934 amandarunt;
1546 1883 1627 1924 sed
1649 1883 1770 1924 haec

122 1954 227 2006 quis
247 1954 395 2006 possit
416 1954 657 2005 sigillatim
678 1954 914 2005 persequi?
936 1953 1044 1994 Vna
1065 1966 1160 1994 uox
1181 1960 1251 1994 est
1268 1955 1536 2004 multorum,
1561 1960 1659 1994 tum
1678 1954 1766 1995 sibi

123 2025 272 2066 uideri
293 2025 462 2077 quietis
484 2025 660 2076 aliquid
682 2031 726 2065 61
747 2025 952 2064 laetitiae
975 2025 1231 2076 spiritualis
1254 2026 1442 2073 sentire,
1468 2037 1572 2065 cum
1595 2032 1702 2066 sunt
1719 2026 1768 2066 in

122 2098 294 2148 templo
317 2097 429 2137 Diui
449 2097 647 2147 Nicolai;
671 2103 909 2137 caeterum
927 2096 1086 2136 mundi
1108 2097 1263 2136 omnia
1282 2097 1453 2136 misera
1477 2097 1767 2148 perturbata-

123 2180 213 2220 que
248 2179 367 2208 esse.
401 2167 518 2208 Sunt
547 2175 680 2208 extra
709 2168 960 2218 collegium
996 2169 1170 2208 multae
1205 2167 1525 2208 confessiones
1561 2168 1775 2218 auditae,

123 2247 221 2280 tum
242 2240 288 2280 in
309 2239 635 2291 hospitalibus,
660 2247 758 2280 tum
779 2240 825 2279 in
847 2239 1046 2292 priuatis
1075 2239 1304 2279 domibus.
1327 2239 1424 2280 Nec
1446 2251 1555 2280 raro
1577 2240 1767 2291 petendi

123 2322 268 2351 causa
290 2311 474 2351 consilii
494 2311 585 2351 huc
607 2310 918 2361 concurritur,
933 2321 1109 2362 perque
1128 2310 1252 2350 hunc
1265 2310 1453 2350 modum
1472 2311 1631 2361 multa,
1648 2323 1769 2362 quae

123 2382 281 2433 inique
302 2382 640 2433 retinebantur,
665 2387 772 2422 sunt
790 2381 1022 2421 restituta.

203 2452 509 2493 Reuerendus
532 2452 671 2493 Pater
696 2451 1024 2503 Prouincialis,
1049 2452 1220 2492 missus
1241 2452 1300 2492 ad
1321 2452 1431 2505 Julii
1454 2452 1592 2492 finem
1611 2464 1635 2492 a
1658 2451 1768 2492 Pro-

124 2535 236 2575 rege
263 2530 312 2564 ut
340 2525 440 2564 eius
462 2523 604 2564 filiam
635 2524 873 2573 inuiseret,
897 2523 1106 2563 nondum
1127 2524 1280 2564 rediit:
1313 2530 1589 2575 expectatur
1610 2529 1768 2563 tamen

125 2596 173 2636 in
195 2595 310 2646 dies,
335 2602 379 2635 et
399 2607 560 2635 morae
582 2607 775 2636 causam
797 2606 899 2635 esse
921 2595 1170 2643 credimuS,
1195 2595 1317 2647 quod
1346 2594 1594 2646 Syracusis
1616 2600 1660 2634 et
1682 2594 1767 2635 Ca·

127 2673 267 2707 tanae
289 2667 346 2706 ob
368 2667 582 2718 collegia,
608 2678 726 2718 quae
744 2667 806 2707 11)1
824 2666 1083 2707 extruenda
1102 2673 1341 2718 putantur,
1366 2665 1636 2717 aliquandiu
1653 2665 1765 2706 deti-

127 2738 230 2778 neri
250 2748 443 2777 necesse
464 2744 548 2777 est.
1562 2729 1566 2733 ’

208 2808 363 2855 Ρ11113,
388 2820 507 2859 quae
529 2808 747 2858 scribam,
772 2808 1097 2848 colendissime
1131 2809 1178 2848 in
1199 2808 1285 2850 Χ.0
1313 2808 1466 2858 Ρ3161,
1491 2818 1584 2847 11011
1606 2818 1768 2847 occuru

129 2885 253 2929 runt,
284 2885 328 2919 et
361 2879 583 2930 quoniam
617 2879 734 2919 haec
765 2885 872 2919 sunt
901 2879 1202 2930 paucissima,
1233 2890 1456 2930 rogamus
1474 2878 1528 2918 R.
1553 2877 1602 2918 P.
1627 2878 1679 2918 T.
1716 2884 1767 2918 ut

134 2950 259 3002 apud
281 2950 448 3001 Deum,
471 2950 549 3001 qui
570 2955 736 3001 potens
757 2956 826 2990 est
856 2949 1014 2990 facere
1035 2955 1084 2990 ut
1111 2950 1211 2991 eius
1237 2950 1391 3000 gratia
1418 2949 1464 2989 in
1493 2960 1629 2989 omne
1650 2959 1775 3000 opus
