2028 3328
243 147 313 184 498
774 149 1000 185 LITTERAE
1021 159 1268 189 QUADRJMES
1275 159 1380 187 TRES

241 257 332 296 quo
354 245 588 296 legeretur
609 246 907 296 euangelium
931 245 986 285 de
1009 245 1319 285 conuersione
1342 246 1514 285 Beatae
1549 245 1874 296 Magdalenae,

241 311 373 350 cuius
395 311 737 362 expositionem
757 311 795 351 si
818 310 1032 351 audirent
1055 312 1242 360 multae,
1265 309 1427 349 forsan
1463 309 1590 350 Deus
1626 311 1693 350 sic
1715 323 1877 353 earum

238 382 520 422 illuminaret
541 382 699 430 corda,
724 388 774 422 vt
796 383 942 422 vitam
958 382 1254 422 libidinosam
1272 392 1465 431 prorsus
1483 382 1753 422 abiicerent.
1773 383 1874 423 Hoc

239 453 326 492 sibi
348 453 523 493 dictum
545 453 818 493 existimans
840 453 1070 504 quaedam
1093 458 1310 492 matrona
1333 452 1515 492 curauit
1538 459 1762 504 quotquot
1786 466 1875 494 me-

238 524 433 564 retrices
451 524 661 564 inuenire
674 524 839 575 potuit,
856 524 996 563 etiam
1011 534 1154 574 supra
1170 534 1415 563 numerum
1429 524 1874 575 quadragenarium,

241 595 300 634 ad
323 596 600 635 concionem
618 594 865 644 adducere,
888 600 1133 634 numerato
1151 594 1349 644 singulis
1367 594 1521 645 aliquo
1543 606 1747 646 nummo,
1767 607 1875 647 qua-

237 678 340 706 rum
363 666 547 717 aliquae
569 665 787 717 deinceps
804 666 853 704 sn
875 669 1062 705 temtum
1085 664 1331 715 pristinam
1349 665 1494 705 vitam
1514 665 1521 684 ¹
1542 666 1873 717 abhorrebant,

238 743 289 777 vt
310 749 419 777 mox
441 738 594 777 locum
617 745 661 776 et
683 736 955 777 occasiones
975 736 1203 786 peccandi
1232 735 1515 784 deserentes,
1540 737 1877 777 monasterium

237 809 380 856 vulgo
403 819 739 847 conuersarum
761 807 936 846 dictum
967 806 1210 857 ingressae
1247 807 1353 846 sint:
1386 808 1615 858 plurimae
1652 819 1678 847 a
1707 819 1874 849 concu-

240 879 443 919 binart‘ss
463 884 476 902 2‘
515 885 620 918 sunt
656 884 919 929 separatae:
954 889 1047 917 una
1082 889 1244 917 earum
1274 878 1467 918 honeste
1498 879 1661 930 nuptui
1697 879 1873 920 tradita

238 957 321 1000 est,
341 957 384 990 et
406 957 591 1001 praeter
612 949 697 988 has
718 948 870 988 adhuc
892 947 1028 988 hodie
1064 955 1368 999 perseuerant
1403 949 1449 989 in
1482 950 1602 989 bono
1626 951 1868 1002 proposito

238 1022 386 1061 vitam
408 1020 824 1071 emendmzdz'apud
842 1020 1066 1059 honestas
1086 1019 1251 1059 viduas
1274 1026 1378 1060 octo
1398 1027 1477 1060 aut
1495 1021 1671 1070 decem,
1688 1028 1868 1062 castam

238 1093 385 1132 vitam
407 1104 463 1132 ex
482 1099 591 1132 tunc
609 1091 846 1142 degentes,
868 1097 912 1130 et
929 1091 1062 1131 nobis
1080 1091 1348 1143 frequenter
1367 1091 1655 1132 confitentes.
1677 1092 1874 1133 Redacti

236 1170 343 1203 sunt
364 1163 642 1203 dissidentes
664 1163 710 1202 in
728 1162 1048 1211 concordiam,
1085 1162 1276 1203 Patrum
1309 1175 1466 1215 opera,
1497 1164 1698 1215 plurimi,
1733 1165 1874 1205 etiam

236 1246 329 1274 non
349 1235 484 1285 parui
506 1234 721 1283 nominis;
745 1232 826 1272 sed
848 1233 965 1273 haec
989 1234 1146 1273 omnia
1168 1246 1249 1285 per
1267 1234 1451 1285 singula
1471 1246 1717 1275 recensere
1735 1236 1873 1276 nimis

236 1306 427 1356 longum
449 1311 584 1353 esset,
609 1316 693 1344 nec
714 1315 902 1355 possem
931 1304 1116 1344 etiamsi
1151 1305 1355 1345 maxime
1390 1307 1573 1346 vellem.
1615 1305 1733 1347 Tam
1750 1307 1872 1347 enirn

235 1376 406 1416 fuimus
425 1387 585 1416 omnes
603 1375 832 1427 occupati,
853 1382 903 1415 vt
924 1375 1006 1416 vix
1028 1382 1223 1416 vacaret
1240 1376 1473 1417 interdum
1491 1377 1646 1418 cibum
1667 1389 1869 1427 sumere,

234 1453 279 1487 et
301 1448 454 1487 minus
476 1458 593 1498 quae
616 1447 912 1497 contigerunt
947 1447 1067 1487 inter
1100 1459 1186 1488 nos
1219 1460 1429 1488 narrare.
1467 1448 1560 1489 Sub
1597 1448 1735 1489 finem
1757 1461 1867 1501 qua-

234 1519 530 1570 dragesimae
553 1518 680 1558 venit
698 1517 756 1557 ad
777 1530 862 1558 nos
885 1518 1074 1570 quidam
1097 1520 1255 1570 magni
1271 1520 1473 1560 nominis
1498 1526 1543 1560 et
1570 1521 1869 1562 auctoritatis

233 1590 321 1641 vir,
346 1590 424 1641 qui
447 1590 819 1639 congratulando
841 1590 974 1630 nobis
995 1591 1152 1630 retulit
1173 1602 1221 1630 se
1240 1591 1359 1631 mira
1382 1591 1615 1632 audiuisse
1633 1593 1795 1644 spargi
1812 1592 1869 1633 de

233 1662 382 1711 nobis,
402 1667 499 1701 tam
517 1661 574 1701 ab
591 1661 829 1701 extraneis
846 1662 892 1701 in
909 1662 1091 1713 oppidis
1110 1662 1472 1713 circumuicinis‚
1493 1675 1632 1714 quam
1650 1675 1676 1703 a
1694 1665 1871 1715 praeci·

234 1733 339 1784 puis
358 1733 494 1772 huius
518 1733 737 1781 ciuitatis,
769 1732 1032 1773 dicentibus
1065 1745 1114 1773 se
1150 1734 1284 1786 quasi
1306 1746 1478 1775 nouam
1504 1734 1674 1775 faciem
1709 1735 1869 1776 videre

234 1804 371 1844 huius
394 1804 612 1854 ciuitatis,
633 1812 676 1844 et
693 1803 877 1844 felicem
898 1816 1003 1844 eam
1020 1817 1137 1855 esse,
1158 1817 1277 1856 quae
1299 1806 1417 1845 tales
1434 1806 1604 1846 habeat
1626 1807 1871 1847 conciona-

234 1882 360 1915 tores
382 1881 425 1914 et
461 1875 717 1927 operarios.
757 1875 814 1915 Et
847 1875 1058 1927 profecto
1092 1888 1151 1916 ex
1186 1877 1559 1917 confessionibus
1586 1865 1870 1929 percipimus

236 1958 456 1998 magnam
478 1947 797 1986 mutationem.
822 1945 941 1987 Nam
957 1959 1135 1999 paucos
1156 1947 1419 2005 habuimus,
1444 1949 1522 2000 qui
1539 1961 1632 1988 non
1650 1950 1695 1989 in
1714 1950 1869 2001 aliquo

235 2017 432 2057 articulo
452 2017 558 2057 fidei
579 2024 808 2067 errarent,
839 2018 1089 2069 pauciores
1121 2019 1199 2070 qui
1234 2031 1330 2059 non
1365 2019 1667 2068 haesitarent,
1698 2021 1869 2060 multos

237 2088 315 2140 qui
347 2089 531 2142 penitus
561 2088 832 2129 abiecerant
867 2090 1117 2130 ecclesiam
1153 2089 1416 2130 Romanam
1450 2090 1641 2143 eiusque
1677 2097 1869 2132 sanctas

236 2160 607 2200 constitutiones.
633 2159 800 2200 Pastor
827 2160 976 2201 Diuae
1011 2161 1321 2212 Magdalenae
1348 2162 1505 2202 retulit
1533 2173 1582 2202 se
1612 2163 1782 2203 mirum
1802 2164 1867 2203 vi·

235 2231 357 2271 disse
378 2231 581 2271 fructum
602 2231 648 2271 in
669 2243 753 2272 sua
775 2233 1016 2284 parochia,
1039 2233 1120 2272 vbi
1140 2233 1229 2273 hac
1246 2232 1612 2285 quadragesima
1632 2245 1737 2274 sum
1762 2245 1866 2274 con-

236 2301 464 2342 cionatus.
494 2302 618 2342 Inter
656 2309 846 2343 caetera
878 2303 994 2343 dixit
1030 2315 1079 2344 se
1101 2305 1329 2344 hactenus
1360 2304 1418 2344 ab
1447 2311 1552 2345 octo
1589 2311 1668 2345 aut
1704 2305 1867 2346 decem

236 2373 370 2412 annis
391 2384 484 2413 non
505 2373 725 2414 habuisse
747 2374 836 2414 nisi
857 2375 1140 2426 quingentos
1168 2375 1228 2415 ad
1254 2387 1488 2416 summum
1515 2377 1864 2416 communican-

233 2451 302 2483 tes
323 2444 371 2483 in
391 2444 632 2495 paschate,
655 2445 744 2485 hoc
765 2451 924 2486 autem
944 2457 1068 2486 anno
1091 2446 1254 2487 habuit
1273 2457 1416 2497 supra
1438 2454 1718 2498 nongentos.

312 2514 442 2555 Haec
464 2515 650 2567 quidem
668 2523 788 2567 sunt,
813 2517 1065 2558 admodum
1086 2517 1187 2558 R.de
1218 2518 1265 2558 in
1287 2518 1476 2559 Christo
1504 2518 1659 2569 Pater,
1690 2520 1865 2570 praeci-

233 2597 339 2635 pua,
364 2597 482 2636 quae
503 2598 625 2627 nunc
648 2593 913 2628 occurrunt.
938 2588 995 2628 Et
1017 2589 1184 2629 merito
1202 2590 1336 2640 plura
1353 2589 1401 2629 in
1417 2590 1522 2630 loco
1539 2595 1636 2630 tam
1657 2589 1800 2630 fertili
1821 2596 1866 2630 et

233 2656 390 2705 egenti
416 2656 542 2696 facta
565 2662 655 2708 per
682 2669 769 2698 nos
796 2660 1016 2711 oportuit,
1048 2660 1138 2700 nisi
1175 2672 1278 2700 mea
1313 2661 1542 2712 imprimis
1573 2661 1866 2712 negligentia

234 2726 473 2767 obfuisset.
502 2726 593 2768 Sed
621 2729 750 2779 haec,
783 2732 1211 2783 quantulacumque
1243 2738 1365 2782 sunt,
1399 2743 1492 2772 non
1520 2735 1678 2772 tamen
1713 2731 1867 2772 adhuc

291 2910 298 2927 ¹
340 2909 425 2936 adeo
442 2917 460 2936 a
477 2910 622 2943 pristina
639 2912 723 2938 vita.
742 2912 919 2940 solaricus.

287 2956 300 2974 ²³
337 2957 576 2984 concubinatu.
593 2957 640 2985 Id.
