2028 3328
855 104 938 140 AN.
969 101 1058 139 1554
1714 99 1783 135 103

145 206 230 245 stri
259 205 485 244 electione
519 209 597 243 aut
633 200 962 252 reprobatione
991 199 1229 239 decretum
1260 195 1452 238 Senatui
1485 195 1777 235 referendum

146 282 366 316 statuent.
387 275 526 316 Certe
542 273 763 325 plerique,
783 275 833 310 vt
849 270 963 310 nihil
983 275 1143 320 agant,
1169 267 1291 320 quod
1312 268 1386 306 vel
1404 266 1696 307 Pontificiam
1718 266 1780 305 di-

147 346 374 398 gnitatem
397 345 619 391 offendat,
644 344 719 384 vel
740 342 989 384 Societatis
1017 340 1257 390 negotium
1285 344 1562 390 promoueat
1592 337 1781 387 (Vtrum-

149 430 237 470 que
282 418 406 458 enim
445 417 622 457 euitare
661 413 875 462 student,
918 411 1128 452 neutrius
1167 410 1426 462 periculum
1466 409 1655 449 euasuri
1694 408 1783 447 nisi

150 495 353 529 mentem
374 488 584 538 mutent),
609 487 842 534 simulant,
867 483 1139 535 neutiquam
1161 482 1294 521 nobis
1315 480 1602 532 persuasuri,
1627 491 1676 519 se
1706 478 1781 520 So-

152 560 335 600 cietatis
356 560 547 610 negotia
569 557 915 605 administrare,
940 565 1083 606 quum
1100 553 1306 593 taedium
1323 552 1457 592 nobis
1474 563 1656 602 parere,
1680 562 1784 591 nos*

152 643 240 684 que
267 643 391 671 vana
420 643 500 682 spe
529 632 706 670 lactare
734 628 966 668 studeant.
991 626 1254 677 Episcopus
1281 624 1560 664 Parisiensis
1586 622 1594 642 ¹
1618 622 1782 662 infesta

153 701 377 743 Societati
409 703 544 753 signa
572 700 757 741 assidue
780 699 999 739 minatur.
1026 697 1128 748 Quo
1151 708 1225 736 res
1247 695 1437 736 tandem
1459 695 1641 735 eueniet
1662 694 1784 746 peni-

151 784 225 814 tus
253 774 551 824 ignoramus,
575 772 665 813 nisi
701 771 824 823 quod
852 781 1019 821 parurn
1039 768 1218 809 fauoris
1246 779 1272 807 a
1301 767 1567 818 theologica
1594 766 1785 806 faculta—

152 851 196 885 te
220 845 354 886 nobis
389 845 707 897 polliceamur.
730 842 869 883 Faxit
900 841 1115 882 Christus
1138 846 1187 880 vt
1217 839 1446 891 proximis
1482 838 1630 878 literis
1665 838 1787 877 laeta

150 915 234 956 Pssi
262 923 369 956 tuae
391 916 726 956 renuntiemus.

234 987 562 1039 Superioribus
596 987 744 1027 literis
774 985 987 1037 proxime
1018 984 1178 1036 elapso
1209 994 1369 1023 mense
1401 982 1460 1022 ad
1489 981 1634 1022 R.tistm
1663 988 1791 1022 tuam

155 1059 311 1100 missis
332 1059 345 1077 “²
367 1058 635 1099 intellexisti
656 1069 728 1098 me
751 1056 842 1097 Rdi
862 1056 1015 1097 Patris
1035 1055 1278 1096 Paschasii
1300 1054 1580 1094 auctoritate
1602 1053 1788 1102 fretum,

157 1131 379 1181 auspiciis
401 1130 641 1181 praeteriti
662 1129 835 1170 mensis
857 1129 903 1168 in
924 1128 1071 1168 tribus
1102 1127 1239 1179 pagis
1268 1126 1542 1166 concionem
1570 1125 1789 1165 habuisse

159 1214 265 1242 cum
292 1202 523 1253 frequenti
559 1202 716 1253 populi
746 1200 965 1240 confluxu
996 1206 1040 1239 et
1074 1198 1257 1238 fauore:
1291 1198 1424 1237 cuius
1459 1202 1787 1248 argumentum

162 1274 377 1325 praebuit
411 1274 514 1324 pius
549 1273 856 1312 Dominorum
895 1271 993 1311 eius
1033 1271 1164 1322 pagi,
1203 1270 1250 1310 in
1285 1281 1376 1320 quo
1418 1269 1621 1320 quinque
1651 1268 1792 1308 habui

162 1345 429 1394 conciones,
450 1343 660 1392 affectus,
679 1342 865 1383 Patrem
886 1342 1194 1383 Paschasium
1215 1340 1486 1392 rogantium
1507 1351 1617 1380 num
1639 1339 1791 1390 proxi-

164 1427 239 1456 ma
258 1415 621 1467 quadragesima
642 1415 789 1465 ipsius
806 1414 999 1454 arbitrio
1021 1413 1192 1453 ibidem
1210 1424 1265 1453 ac
1286 1413 1423 1464 pagis
1444 1410 1792 1452 circumuicinis

165 1487 435 1527 concionari
455 1487 644 1527 vellem:
664 1485 828 1537 quibus
849 1484 986 1525 Pater
1008 1496 1094 1524 nec
1116 1484 1383 1535 refragatus
1406 1489 1476 1523 est
1495 1495 1580 1523 nec
1604 1482 1792 1522 omnino

164 1558 422 1608 consensit,
454 1558 601 1598 donec
635 1557 934 1608 negotiorum
963 1556 1289 1608 opportunitas
1324 1567 1374 1595 se
1409 1554 1588 1594 offerat.
1628 1553 1791 1594 Subse-

165 1630 411 1682 quentibus
439 1629 684 1669 dominicis
721 1628 882 1669 diebus
915 1628 962 1668 in
997 1628 1144 1668 tribus
1181 1628 1282 1667 aliis
1318 1627 1454 1678 pagis
1489 1625 1793 1666 ecclesiastae

164 1701 315 1741 officio
335 1701 521 1741 functus
543 1711 659 1751 sum,
681 1699 1015 1740 humanissime
1037 1711 1063 1738 a
1085 1698 1288 1739 Domino
1310 1698 1415 1746 loci,
1440 1698 1486 1738 in
1509 1709 1599 1749 quo
1621 1703 1795 1748 postre-

165 1785 290 1813 mam
312 1772 454 1812 habui
477 1771 764 1820 concionem,
786 1777 1024 1822 exceptus,
1043 1771 1151 1810 licet
1168 1781 1257 1821 ego
1280 1782 1364 1821 pro
1381 1781 1484 1810 meo
1506 1780 1637 1809 more
1660 1779 1795 1808 omne

167 1844 372 1885 conuiuii
393 1842 748 1884 contubernium
769 1842 920 1882 vitare
941 1843 1243 1894 modesteque
1263 1853 1485 1882 recusare
1507 1842 1698 1881 soleam.

246 1914 407 1966 Itaque
429 1913 676 1963 Euangelii
705 1913 963 1953 ministerio
984 1913 1171 1953 functus
1198 1913 1423 1953 trimestri
1442 1912 1540 1952 fere
1570 1912 1721 1963 spatio
1751 1912 1797 1951 in

167 1987 402 2032 undecim.
440 1992 537 2026 tum
578 1984 883 2034 Senonensis‚
922 1991 1021 2025 turn
1055 1984 1335 2025 Parisiensis
1375 1984 1626 2035 dioecesis,
1664 1984 1797 2034 locis,

167 2058 354 2098 domum
389 2068 629 2106 reuersus,
654 2067 779 2105 eum,
805 2056 882 2108 qui
902 2056 1184 2107 penultimus
1206 2062 1396 2096 nostrae
1417 2055 1622 2095 familiae
1643 2067 1798 2095 nume-

168 2141 273 2169 rum
302 2129 453 2178 auxit,
479 2128 743 2179 complures
765 2127 862 2167 dies
891 2139 997 2167 cum
1016 2127 1134 2167 febri
1163 2134 1317 2177 acuta,
1341 2127 1516 2178 absque
1536 2128 1630 2166 vlla
1661 2127 1798 2167 inter—

169 2200 392 2240 missione
428 2210 597 2250 corpus
632 2198 778 2249 ipsius
812 2198 1104 2249 exagitante,
1142 2199 1397 2238 luctantem
1437 2198 1628 2249 offendi,
1662 2210 1800 2249 quem

167 2272 264 2311 iam
293 2282 438 2311 vnum
469 2282 524 2310 ac
555 2269 723 2320 viginti
752 2268 850 2309 dies
880 2268 997 2309 febri
1037 2270 1258 2309 continua
1303 2276 1617 2321 aestuantem,
1655 2271 1799 2310 coele—

171 2342 311 2382 stium
334 2342 507 2382 ciuium
537 2352 784 2381 numerum
814 2341 1086 2392 propediem
1111 2348 1359 2381 aucturum
1381 2348 1478 2381 tum
1500 2341 1669 2382 medici
1705 2348 1803 2382 tum

170 2413 442 2464 chirurgus,
480 2418 619 2464 atque
661 2411 777 2452 adeo
813 2423 898 2451 nos
934 2412 1022 2463 ipsi
1063 2412 1420 2452 arbitrabamur.
1463 2412 1610 2465 Atqui
1650 2414 1807 2454 mitius

171 2496 296 2525 nunc
329 2496 379 2524 se
413 2484 573 2533 habet,
611 2482 976 2534 phlebotomiam
1012 2494 1095 2523 seu
1130 2495 1280 2523 venae
1312 2484 1588 2524 incisionem
1618 2485 1806 2525 tertiam

169 2555 310 2596 hodie
340 2566 529 2607 passus:
554 2555 600 2594 in
630 2553 766 2604 gravi
788 2559 945 2594 tamen
976 2554 1128 2594 adhuc
1158 2555 1319 2595 haeret
1351 2555 1644 2606 discrimine,
1669 2568 1808 2608 quern

172 2626 272 2666 Ρ.ῖίε
290 2626 420 2667 Tuae
442 2626 734 2666 orationibus
757 2626 1140 2666 commendamus
1163 2627 1347 2667 obnixe.
1374 2626 1600 2668 Picardus
1631 2635 1701 2668 est
1730 2640 1808 2668 na-

230 2835 238 2852 ⁴
282 2834 489 2862 Eustachius
506 2835 548 2862 du
566 2835 698 2870 Benay.

227 2883 240 2902 Ξ
277 2883 435 2917 Intellige
450 2883 587 2910 litteras
603 2883 755 2916 proxime
773 2883 889 2917 elapso
905 2884 1149 2918 quadrimestri
1165 2885 1308 2914 Romam
1324 2887 1456 2921 missas,
1474 2895 1558 2922 quas
1574 2887 1680 2914 habes
1695 2894 1801 2921 supra

173 2937 252 2964 pag.
271 2930 332 2957 107.
