2028 3328
204 151 251 188 10
720 149 947 188 LITTERAE
968 160 1327 194 QUADRIMESTRES

202 248 468 289 disturbare
504 246 755 287 auditores.
794 246 856 287 At
890 253 1038 298 pater,
1075 247 1323 299 patefactis
1359 248 1476 288 dolis
1517 254 1560 287 et
1596 248 1843 288 conatibus

200 319 382 371 antiqui
404 319 649 371 serpentis,
674 318 799 359 iubet
821 329 901 358 eos
918 318 1160 370 quiescere
1181 326 1226 359 et
1250 319 1366 359 bene
1388 329 1578 370 sperare
1601 318 1656 359 de
1678 329 1841 370 aegro-

206 396 268 441 ta,
293 401 348 430 ac
370 401 543 441 magno
565 389 720 429 animo
738 394 781 429 et
802 389 1034 440 sapientia
1051 400 1245 429 causam
1267 389 1480 429 ueritatis
1502 390 1757 440 perorauit.

286 460 372 501 His
402 461 572 501 diuinis
600 460 762 501 officiis
783 466 827 500 et
847 460 1155 500 sacramentis
1177 461 1426 512 plurimum
1461 460 1640 501 adiuuit
1661 466 1758 501 tum
1778 462 1842 501 ui-

207 544 285 572 ros
317 539 413 572 tum
448 531 690 582 foeminas,
722 537 765 571 et
793 531 997 571 maxime
1028 530 1146 571 filias
1172 531 1334 581 Ducis3
1365 543 1472 571 nam
1506 531 1724 572 inductae
1746 538 1843 572 tum

207 604 355 654 patris
376 603 602 653 religione
623 608 667 642 et
688 602 812 642 uitae
835 602 1066 650 castitate,
1096 609 1195 642 tum
1216 614 1373 643 rerum
1402 602 1668 642 diuinarum
1690 603 1843 654 dispu-

206 674 475 721 tationibus,
508 674 644 714 ualde
670 673 1056 714 desiderauerunt
1078 681 1259 725 patrem
1283 674 1538 723 absentem,
1564 674 1642 724 qui
1671 675 1844 726 partim

207 745 390 786 infirma
411 746 677 785 ualetudine
699 745 941 795 distentus,
966 746 1139 796 partim
1167 746 1348 786 ratione
1379 745 1690 796 quorumdam
1717 746 1842 786 habi·

207 822 270 867 ta,
294 829 374 856 eas
395 828 488 856 non
509 816 682 857 inuisit.
1815 822 1820 826 '

287 887 392 928 Fuit
419 893 633 928 curatum
658 893 708 927 ut
730 887 776 927 in
797 887 1156 928 haeresiarchas
1184 888 1320 927 huius
1348 887 1570 937 ciuitatis,
1597 888 1673 938 qui
1696 888 1743 928 in
1763 900 1842 940 pa-

207 959 319 999 latio
354 959 516 998 uxoris
554 958 788 1009 principes
821 964 978 1008 erant,
1022 958 1497 1007 animaduerteretur3
1541 970 1649 998 nam
1690 958 1843 1000 edicto

207 1030 432 1081 principis
454 1041 512 1069 ex
534 1030 623 1069 hac
645 1029 758 1069 urbe
780 1036 823 1069 et
844 1035 944 1070 toto
967 1030 1163 1081 imperio
1186 1037 1293 1070 sunt
1323 1030 1518 1081 expulsi.

287 1100 386 1152 Ope
407 1108 506 1140 tum
527 1101 673 1152 ducis,
697 1106 795 1140 tum
822 1101 1161 1141 honoratorum
1183 1101 1438 1150 hominum,
1471 1101 1558 1141 fuit
1588 1102 1722 1142 nobis
1746 1114 1836 1142 em-

210 1178 288 1223 pta
322 1172 487 1212 domus
509 1172 623 1212 satis
659 1171 928 1222 commoda,
961 1172 1006 1211 in
1037 1184 1128 1224 qua
1157 1178 1226 1212 est
1255 1178 1521 1212 extructum
1549 1174 1774 1224 templum
1794 1173 1842 1212 in

207 1244 474 1295 praesentia
508 1244 713 1294 amplum
747 1250 791 1283 et
837 1243 1027 1294 egregie
1070 1249 1309 1283 ornatum.
1353 1243 1542 1294 Expetit
1582 1250 1626 1283 et
1665 1244 1761 1284 dux
1792 1251 1841 1284 ut

204 1315 348 1355 etiam
381 1315 637 1354 habeamus
666 1314 889 1365 templum
923 1314 1156 1365 quoddam
1191 1314 1398 1354 uicinum
1432 1321 1594 1355 nostro
1627 1316 1840 1366 collegio,

207 1386 285 1426 ubi
312 1386 492 1437 possint
519 1385 740 1425 constitui
767 1392 942 1436 patreS,
973 1385 1051 1436 qui
1071 1384 1209 1424 rebus
1230 1385 1398 1425 diuinis
1429 1392 1609 1426 tantum
1637 1392 1681 1426 et
1704 1387 1844 1427 saluti

207 1457 471 1497 animorum
487 1463 727 1497 uacarent.

286 1529 429 1569 Initur
452 1529 498 1568 in
520 1528 618 1568 dies
640 1529 791 1580 magis
814 1540 867 1569 ac
890 1530 1041 1581 magis
1062 1531 1216 1581 gratia
1239 1536 1282 1570 et
1305 1530 1510 1570 amicitia
1542 1541 1647 1570 cum
1679 1530 1843 1570 aulicis

207 1606 251 1639 et
280 1600 509 1640 nobilibus
530 1600 659 1650 uiris,
688 1600 767 1651 qui
789 1601 998 1652 apprime
1020 1601 1281 1641 inseruiunt
1316 1601 1490 1641 nostris
1518 1601 1777 1641 commodis
1799 1608 1844 1642 et

210 1672 460 1711 consulunt
481 1670 640 1711 diuino
664 1671 823 1711 cultui.

286 1741 387 1781 Hac
421 1741 784 1793 quadragesima
808 1742 969 1782 habuit
1003 1743 1277 1782 concionem
1308 1742 1446 1783 Pater
1468 1743 1515 1783 in
1545 1744 1717 1795 templo
1740 1754 1844 1783 nos-

206 1818 280 1853 tro
316 1824 467 1863 mane,
503 1812 634 1852 horis
661 1819 818 1852 autem
847 1813 1181 1864 pomeridianis
1210 1814 1255 1853 in
1284 1815 1455 1865 templo
1493 1814 1693 1866 quodam
1731 1813 1845 1854 San-

205 1885 268 1924 cti
288 1883 529 1935 Stephani,
562 1896 618 1924 ac
646 1890 842 1935 rogatus
862 1883 948 1924 fuit
969 1897 995 1924 a
1013 1891 1203 1936 pastore
1231 1892 1280 1925 ut
1302 1885 1508 1936 quotidie
1543 1886 1843 1926 concionare-

206 1961 295 2005 tur,
330 1961 409 1995 aut
430 1956 596 1995 saltem
618 1955 780 1995 diebus
803 1956 1022 1996 mercurii
1043 1962 1088 1996 et
1111 1957 1312 1996 ueneris.
1346 1957 1501 1996 Etiam
1529 1956 1606 1996 alii
1625 1964 1844 2008 pastores

206 2027 365 2078 populi
399 2026 632 2078 petierunt
648 2026 919 2066 sacerdotes
941 2027 1137 2078 aliquos,
1163 2027 1240 2078 qui
1267 2028 1662 2068 concionarentur
1694 2027 1742 2067 in
1769 2038 1844 2066 eo-

206 2109 310 2138 rum
331 2098 528 2149 templis,
552 2109 669 2149 quos
691 2109 784 2138 non
808 2098 1123 2149 obtinuerunt,
1143 2105 1393 2150 propterea
1415 2098 1539 2150 quod
1559 2098 1725 2138 messis
1746 2098 1844 2150 qui-

207 2169 310 2208 dem
340 2169 498 2217 multa,
525 2168 726 2220 operarii
754 2175 910 2209 autem
938 2169 1090 2220 pauci.
1122 2169 1381 2210 Plurimum
1420 2181 1534 2221 ergo
1567 2170 1745 2210 adiuuit
1773 2181 1844 2209 ec-

208 2240 399 2280 clesiam
432 2239 520 2280 Dei
555 2247 653 2280 tum
683 2240 970 2280 consolando
993 2240 1203 2291 afflictos,
1229 2248 1325 2281 tum
1357 2243 1506 2282 bonos
1534 2240 1722 2291 tuendo,
1746 2247 1845 2281 tum

206 2323 233 2350 a
256 2311 382 2351 uitiis
403 2311 670 2351 reuocando
691 2318 736 2351 et
757 2323 986 2363 quemque
1008 2311 1206 2363 denique
1237 2324 1263 2351 a
1300 2312 1542 2353 fraudibus
1563 2312 1732 2352 horum
1753 2312 1844 2363 epi-

205 2393 453 2422 cureorum
489 2390 532 2422 et
567 2381 999 2433 Sardanapalorum
1043 2382 1180 2422 huius
1218 2384 1511 2435 tempestatis
1547 2383 1840 2424 deterrendo.

204 2453 426 2493 Continet
456 2459 701 2504 praeterea
734 2453 779 2492 in
807 2452 966 2493 diuino
995 2454 1124 2493 cultu
1144 2454 1371 2505 plurimos
1402 2456 1527 2494 uiros
1549 2460 1593 2494 et
1613 2453 1844 2494 foeminas

205 2524 429 2575 cuiusque
452 2524 643 2574 ordinis,
668 2535 841 2575 eosque
863 2524 1061 2575 singulis
1082 2523 1211 2564 feriis
1232 2525 1420 2566 instruit
1438 2525 1714 2576 euangelica
1736 2525 1843 2564 doc-

205 2595 345 2634 trina.

288 2665 469 2705 Viduas
505 2665 733 2716 quasdam
762 2671 860 2705 tum
891 2665 1102 2714 afflictas,
1133 2673 1231 2707 tum
1262 2674 1454 2717 egentes
1490 2674 1534 2707 et
1567 2666 1724 2706 liberis
1757 2666 1842 2706 cir-

205 2735 460 2786 cumfusas,
485 2736 744 2776 inuiserunt
764 2743 939 2788 patres,
965 2744 1008 2777 et
1025 2749 1288 2779 moerorem
1304 2741 1580 2779 leuauerunt
1598 2739 1842 2778 consolan-

206 2807 281 2858 do,
315 2807 520 2858 inopiam
541 2819 653 2848 uero
675 2808 961 2848 consulendo
985 2809 1051 2849 rei
1072 2809 1293 2850 familiari
1310 2817 1354 2851 et
1375 2811 1514 2850 rebus
1535 2809 1661 2849 uitae
1684 2819 1841 2849 neces-

205 2878 358 2918 sariis.

286 2949 527 3000 Quaedam
548 2956 793 2991 matronae
809 2951 987 2992 nobiles
1007 2963 1194 3003 genere,
1219 2954 1302 2994 sed
1319 2953 1462 2994 multo
1478 2951 1730 2992 nobiliores
1746 2951 1843 3003 pie-
