2028 3328
162 146 235 183 23⁴
677 145 905 182 LITTERAE
933 156 1292 188 QUADRIMESTRES

167 248 293 282 ctum
313 248 662 282 sacramentum
684 241 938 293 excipiunt.
970 242 1083 282 Eius
1118 241 1369 283 Societatis
1401 241 1627 292 praefecti
1648 241 1811 292 pueris

167 313 437 352 necessaria
459 312 772 363 suppeditant,
811 313 935 364 quod
964 313 1022 352 ad
1051 325 1221 364 corpus
1244 313 1422 352 attinet.
1447 311 1625 362 Quibus
1647 323 1814 363 regen-⁷

168 383 239 423 dis
261 383 489 433 praefecit
511 382 570 422 D.
595 383 859 423 Cardinalis
877 383 1123 435 quemdam
1141 382 1448 433 sacerdotem,
1466 389 1808 434 curaturusque

169 461 240 494 est
264 460 314 495 vt
337 466 364 494 a
386 454 644 494 Visitatore
667 453 918 494 Ordinario
940 455 1191 506 quotannis
1227 454 1503 494 inuisantur.
1541 454 1610 493 Ita
1630 453 1807 494 factum

169 531 239 565 est
261 531 312 565 vt
335 532 378 565 et
400 536 655 576 puerorum
677 525 843 565 domus
864 532 907 566 et
924 525 1136 566 Societas
1157 525 1412 566 Charitatis
1439 525 1555 565 bene
1587 525 1808 565 constitu-

174 604 250 636 tae
272 595 462 636 fuerint.

250 666 496 718 Praecepit
523 667 581 707 D.
607 666 872 708 Cardinalis
893 668 1049 708 Fratri
1070 667 1310 707 Ludouico
1340 666 1636 717 Granatensi,
1662 666 1739 718 qui
1760 677 1821 706 se-

171 738 468 789 sequebatur.
489 744 540 777 vt
557 738 740 789 publice
759 739 1108 778 commendaret
1123 737 1405 778 Societatem
1421 738 1818 789 suprascriptam„

169 820 282 860 prae
304 820 353 848 se
373 808 529 849 ferens
552 821 656 849 eam
685 821 784 849 rem
814 809 957 850 fuisse
982 810 1302 860 gratissimam
1332 809 1434 849 sibi.
1468 808 1647 859 Quibus
1669 809 1821 849 rebus

172 880 473 920 vehementer
496 881 732 921 excultum
755 880 1141 932 aedificatumque
1163 885 1233 920 est
1254 880 1489 931 oppidum.
1514 879 1709 920 Curauit
1730 880 1810 920 ibi-

175 950 281 990 dem
303 951 444 990 etiam
479 951 528 992 P.
566 950 754 1003 M[iron]
777 952 906 992 iussu
928 952 984 992 D.
1010 951 1287 1002 Cardinalis,
1318 957 1369 991 Vt
1390 951 1595 991 redirent
1622 951 1819 1003 quidam

176 1022 224 1061 in
245 1022 466 1073 gratiam.

252 1093 338 1133 His
368 1094 433 1133 ita
461 1094 749 1145 constitutis,
772 1095 938 1135 subitis
969 1095 1227 1146 angoribus
1254 1094 1522 1145 frigoreque
1551 1098 1812 1145 correptus,

176 1163 224 1204 P.
248 1163 454 1216 M[iron]
489 1165 537 1205 in
569 1165 734 1205 febrim
764 1166 945 1217 incidit,
981 1165 1105 1205 vnde
1139 1165 1283 1205 iacuit
1310 1165 1545 1205 nonnullis
1579 1164 1741 1204 diebus
1767 1164 1816 1204 in

173 1235 295 1275 lecto
318 1236 365 1275 in
385 1236 694 1288 xenodochio,
720 1237 796 1277 vbi
818 1237 1083 1277 diuersatus
1104 1242 1172 1276 est
1195 1236 1416 1288 quamdiu
1438 1236 1499 1275 ibi
1522 1235 1628 1276 fuit:
1659 1247 1821 1287 quem„

176 1317 283 1346 cum
305 1306 361 1346 D.
389 1306 653 1348 Cardinalis
681 1308 903 1348 inuiseret
923 1307 1290 1358 xenodochium,
1315 1307 1492 1347 inuenit
1519 1307 1750 1347 iacentem
1768 1307 1818 1346 in

176 1378 372 1429 lectulo,
398 1379 748 1430 collocutusque
784 1385 854 1419 est
875 1390 981 1419 cum
1008 1391 1077 1427 eo,
1103 1390 1241 1430 quem
1271 1377 1412 1418 credo
1445 1377 1587 1429 (quae
1619 1383 1688 1418 est
1718 1378 1818 1418 eius

179 1449 435 1500 singularis
470 1449 644 1501 virtus)
672 1450 977 1490 vehementer
1012 1450 1156 1490 fuisse
1191 1449 1509 1499 aedificatum,
1543 1448 1668 1501 quod
1697 1449 1818 1489 inter

182 1532 415 1572 pauperes
436 1521 626 1562 iaceret.

261 1591 353 1632 Vbi
379 1593 584 1644 primum
604 1604 687 1644 per
708 1592 1024 1633 valetudinem
1054 1593 1204 1641 licuit,
1232 1592 1438 1633 Eboram
1464 1592 1702 1644 profectus
1731 1596 1816 1642 est,

181 1673 316 1714 quem
338 1663 539 1704 necdum
558 1665 696 1716 plane
718 1664 1045 1704 confirmatum
1063 1665 1341 1704 inuenerunt
1363 1662 1527 1703 Patres
1544 1662 1694 1702 Roma
1716 1673 1818 1714 pro·

178 1733 305 1784 fecti,
330 1734 390 1774 ad
410 1734 668 1775 Pretiosum
692 1734 921 1787 Joannem
942 1735 1212 1786 profecturi.
1232 1734 1497 1775 Inuiserunt
1519 1734 1575 1774 D.
1597 1733 1820 1774 Cardina—

180 1805 285 1856 lem,
317 1806 396 1857 qui
423 1806 637 1857 proxime
658 1812 856 1847 venerat
877 1818 903 1846 a
925 1806 1159 1846 uisitando
1190 1817 1356 1857 grege,
1388 1817 1588 1857 quorum
1618 1804 1826 1845 aduentu

182 1876 435 1928 plurimum
462 1877 509 1917 in
540 1877 743 1918 Domino
773 1878 967 1928 gauisus
994 1883 1079 1917 est.
1111 1877 1179 1917 Eo
1206 1878 1434 1925 salutato,
1458 1876 1548 1916 huc
1580 1881 1686 1916 sunt
1719 1886 1826 1927 pro·

184 1947 311 1999 fecti,
333 1959 450 2000 quos
470 1960 564 1988 non
586 1954 656 1988 est
677 1949 927 1989 comitatus
943 1948 992 1989 P.
1012 1948 1340 1999 Prouincialis,
1358 1953 1457 1988 turn
1477 1953 1668 1999 propter
1684 1946 1827 1986 etiam

184 2025 296 2059 tunc
326 2030 522 2070 aegram
543 2019 881 2070 ualetudinem,
914 2025 1014 2059 tum
1047 2026 1240 2071 propter
1270 2019 1710 2069 commigrationem
1734 2016 1824 2057 fra-

184 2096 309 2130 trum
330 2090 378 2130 in
412 2102 587 2131 nouum
608 2090 869 2142 Collegium
893 2090 917 2141 ¹,
944 2091 1018 2131 cui
1039 2097 1150 2131 tunc
1181 2090 1346 2130 Vltima
1368 2101 1534 2130 manus
1556 2088 1823 2140 imponeba-

186 2168 275 2201 tur.
300 2160 498 2212 Scripsit
526 2162 586 2202 ad
607 2173 681 2202 me
707 2169 757 2202 ut
787 2162 926 2202 simul
947 2173 1053 2202 cum
1079 2162 1169 2201 illis
1191 2161 1371 2201 adirem
1393 2160 1452 2200 ad
1472 2160 1674 2211 Regem:
1697 2160 1826 2200 facta

187 2238 257 2272 est
283 2232 465 2284 Regina
500 2233 673 2273 certior
702 2233 758 2273 de
788 2245 950 2273 eorum
983 2233 1207 2273 aduentu:
1238 2231 1480 2283 respondit
1511 2243 1560 2271 se
1590 2231 1827 2271 facturam

188 2302 365 2354 Regem
377 2303 626 2344 certiorem
643 2304 988 2356 missuramque
1005 2303 1064 2343 ad
1081 2315 1160 2344 eos
1173 2303 1401 2353 nuntium,
1422 2313 1528 2342 cum
1543 2313 1627 2353 per
1643 2307 1830 2352 tempus

186 2374 350 2414 liceret
370 2374 548 2426 Regem
569 2375 756 2427 alloqui.
779 2374 1010 2415 Postridie
1031 2375 1130 2414 eius
1152 2374 1243 2414 diei
1264 2373 1514 2414 conuocati
1535 2382 1709 2412 sumus:
1735 2372 1824 2411 col-

188 2445 369 2496 loquuti
412 2452 519 2486 sunt
554 2446 720 2487 Patres
762 2458 869 2487 cum
903 2446 1052 2497 Rege,
1094 2457 1212 2498 quos
1247 2445 1582 2496 benignissime
1617 2442 1826 2494 excepit,

193 2527 247 2555 ea
268 2523 394 2556 certe
414 2517 764 2567 benouolentia,
789 2529 881 2569 qua
910 2528 985 2557 res
1007 2515 1257 2557 Societatis
1288 2517 1406 2556 solet
1427 2513 1704 2566 complecti,
1729 2518 1831 2553 tum

193 2587 396 2627 maxime
437 2599 528 2639 qua
563 2588 620 2628 de
655 2588 824 2639 agitur.
860 2587 1043 2628 Deinde
1076 2587 1337 2628 inuiserunt
1372 2585 1420 2626 Ρ.
1453 2584 1707 2626 Carnerius
1733 2584 1747 2601 ²
1785 2589 1833 2624 et

192 2657 412 2699 Andreas
433 2657 446 2676 ⁵
472 2658 759 2711 Episcopum
786 2658 1197 2709 Portalegrensem
1218 2656 1247 2709 ⁴,
1271 2657 1615 2706 redeuntesque
1638 2654 1835 2695 domum

252 2819 262 2839 ¹
302 2817 490 2845 Eborense.

251 2866 265 2885 Ξ
301 2865 339 2893 P.
354 2865 519 2892 Melchior
534 2865 714 2893 Carneiro.

252 2914 265 2930 ’Ἰ
304 2913 339 2941 Ρ.
357 2913 516 2940 Andreas
530 2914 570 2940 de
588 2913 729 2940 Oviedo.

250 2962 264 2981 ⁴
302 2960 474 2994 Julianum
490 2961 529 2988 de
545 2961 648 2988 Alva.
