2028 3328
898 142 976 178 ΑΝ.
1008 141 1100 177 1555
1740 144 1811 181 767

176 249 269 277 non
291 250 392 277 esse
415 238 614 278 dicitis?:
639 237 832 288 posthac
863 237 1052 288 (inquit)
1084 238 1190 285 erit;
1222 237 1332 286 hoc,
1358 240 1405 278 in
1434 251 1523 290 quo
1552 251 1668 291 sum,
1694 242 1807 292 opti-

178 320 304 348 mum
326 315 396 349 est
423 309 696 360 hospitium,
726 321 811 349 nec
843 321 915 348 me
943 309 1133 348 meliore
1161 310 1378 360 excipere
1410 311 1663 361 poteritis„.
1689 311 1807 351 Cum

175 379 298 419 idem
336 380 380 419 in
419 380 509 420 alio
545 380 746 432 quodam
782 381 936 420 facere
974 380 1135 429 vellet,
1171 380 1488 431 significatum
1525 388 1593 421 est
1628 383 1806 423 nullum

173 450 237 491 ibi
272 463 374 491 esse
410 452 650 499 lectulum;
690 452 763 492 cui
800 451 940 491 Pater
975 452 1213 503 respondit
1248 463 1297 491 se
1332 453 1500 492 lectulo
1536 465 1629 493 non
1666 465 1805 504 egere

175 521 395 573 humique
435 534 537 562 esse
576 523 900 563 dormiturum.
942 522 1058 563 Cum
1097 523 1238 573 igitur
1280 522 1418 563 Pater
1456 524 1718 576 Episcopus
1757 526 1803 565 in

174 593 338 633 eadem
377 594 606 633 sententia
642 600 912 634 constanter
946 600 1295 645 perseueraret,
1334 595 1476 634 allata
1512 595 1700 636 tandem
1734 603 1804 636 est

173 663 370 704 culcitra
393 670 437 704 et
459 666 720 716 stragulum
742 665 993 705 admodum
1023 676 1234 705 crassum
1262 671 1306 704 et
1341 665 1455 716 uile3
1493 666 1696 706 ceruical
1728 667 1804 707 de-

172 741 297 786 erat,
321 741 418 775 tum
440 737 478 775 is
500 743 543 776 et
564 736 710 776 frater
732 737 880 777 cubile
902 749 960 777 ex
981 736 1054 777 his
1081 743 1349 777 strauerunt
1376 743 1420 776 et
1448 737 1507 776 ad
1543 744 1682 788 caput
1717 749 1801 789 pro

172 807 395 847 ceruicali
425 808 726 858 sarcinulam,
758 808 805 848 in
836 819 926 859 qua
958 808 1061 848 libri
1090 808 1375 858 ferebantur,
1415 808 1720 857 collocarunt,
1759 816 1803 849 et

171 878 313 929 pallia
335 879 525 929 insuper
546 885 816 930 posuerunt.
840 879 957 920 Cum
984 880 1031 919 in
1058 879 1185 919 aliud
1215 879 1436 931 oppidum
1458 886 1580 919 esset
1609 892 1800 931 peruen-

170 955 281 999 tum,
307 949 393 989 etsi
416 950 476 989 ibi
497 950 748 1001 hospitium
770 951 863 990 iam
885 957 1101 1002 paratum
1121 957 1221 990 erat
1239 951 1296 990 ab
1313 962 1367 990 eo
1385 951 1644 1001 sacerdote,
1665 962 1803 1002 quem

169 1032 196 1059 a
217 1019 434 1072 Principe
456 1020 694 1061 Cardinali
715 1022 908 1061 missum
932 1033 1073 1072 supra
1094 1021 1310 1072 diximus,
1335 1027 1491 1062 tamen
1510 1022 1645 1061 simul
1663 1027 1800 1074 atque

169 1091 229 1130 ad
253 1091 473 1143 oppidum
497 1092 712 1143 accessit,
736 1093 926 1133 ubinam
947 1098 1068 1132 esset
1088 1093 1433 1133 xenodochium
1455 1093 1656 1144 rogauit,
1679 1105 1803 1133 cum-

165 1173 253 1213 que
275 1170 397 1202 esset
420 1163 807 1213 demonstratum,
828 1175 882 1203 eo
900 1164 1148 1214 contendit,
1169 1170 1307 1216 atque
1322 1164 1659 1214 mulierculam,
1680 1176 1799 1215 quae

166 1233 449 1273 xenodochii
472 1246 633 1274 curam
654 1235 868 1285 habebat,
895 1247 1030 1275 orare
1059 1236 1208 1286 coepit
1232 1242 1278 1275 vt
1309 1235 1396 1275 sibi
1425 1235 1696 1275 facultatem
1722 1236 1799 1275 tri-

166 1304 329 1344 bueret
351 1304 414 1344 ibi
436 1305 777 1356 commorandi;
806 1306 884 1345 illa
911 1317 1024 1346 vero
1053 1317 1101 1346 se
1129 1306 1176 1346 id
1203 1307 1391 1346 minime
1422 1318 1669 1357 passuram
1697 1318 1799 1347 esse

166 1375 424 1426 respondit,
450 1387 534 1415 nec
557 1388 661 1416 eum
684 1388 993 1428 cognoscens,
1017 1377 1145 1417 illum
1166 1378 1212 1417 in
1234 1378 1542 1417 diuersorium
1567 1378 1794 1418 mittebat:

166 1452 214 1486 at
233 1445 372 1486 Pater
394 1447 654 1498 Episcopus
677 1453 839 1487 contra
863 1448 1164 1488 vehementer
1185 1447 1511 1498 contendebat,
1537 1449 1674 1500 idque
1704 1461 1796 1500 quo

162 1516 349 1557 facilius
371 1518 615 1566 obtineret,
640 1530 689 1557 se
716 1518 763 1557 in
793 1519 938 1558 storia
972 1519 1236 1559 cubiturum
1264 1519 1523 1570 dictitabat,
1556 1533 1641 1560 nec
1672 1521 1798 1572 quic·

163 1600 306 1640 quam
341 1589 466 1628 aliud
502 1589 894 1629 desideraturum:
933 1590 962 1629 ii
999 1597 1154 1630 autem
1191 1591 1268 1642 qui
1295 1591 1341 1630 in
1368 1591 1570 1641 hospitio
1606 1591 1795 1632 Patrem

164 1659 450 1712 Episcopum
472 1661 764 1712 spectabant,
788 1668 966 1701 tantam
996 1662 1095 1701 eius
1123 1673 1303 1701 moram
1340 1662 1572 1710 admirati,
1604 1663 1661 1703 ad
1691 1675 1796 1703 eum

162 1731 535 1782 conquirendum
557 1732 623 1771 ire
640 1737 919 1777 statuerunt.
939 1732 1095 1784 itaque
1111 1733 1238 1772 illurn
1255 1732 1314 1773 ad
1331 1733 1610 1773 xenodochii
1628 1734 1796 1774 ostium

162 1801 445 1842 inuenerunt
469 1803 622 1854 capite
644 1809 806 1854 aperto
831 1815 990 1843 coram
1011 1804 1168 1843 Vetula
1190 1804 1383 1844 summis
1400 1805 1620 1855 precibus
1637 1805 1798 1857 depre-

161 1878 348 1913 cantem
370 1880 420 1914 vt
442 1874 530 1914 sibi
550 1874 595 1913 in
617 1874 910 1914 xenodochio
938 1875 1069 1914 locus
1100 1875 1266 1926 aliquis
1295 1875 1499 1924 daretur,
1534 1888 1626 1916 vna
1654 1888 1794 1917 manu

158 1944 333 1995 pileum
355 1951 399 1984 et
425 1945 652 1996 galerum,
687 1946 834 1985 altera
861 1957 974 1985 vero
1001 1945 1208 1994 iumenti,
1240 1958 1330 1997 quo
1360 1947 1634 1997 vehebatur,
1672 1949 1796 1999 capi—

161 2021 312 2056 strum
338 2022 587 2056 tenentem.
617 2016 827 2056 Tandem
854 2028 1034 2057 summa
1062 2017 1161 2057 eius
1189 2017 1486 2058 contentione
1517 2030 1793 2060 concessum

159 2094 230 2127 est
251 2087 374 2139 quod
397 2087 602 2139 petebat;
629 2095 672 2127 et
694 2094 790 2128 tam
812 2088 873 2128 ibi
897 2100 1037 2140 quam
1065 2088 1189 2139 alibi,
1221 2089 1499 2140 ubicumque
1529 2089 1794 2131 diuersatus

157 2157 329 2208 fuerat,
361 2159 680 2198 incredibilem
710 2170 871 2198 omnes
899 2157 954 2198 de
985 2159 1085 2199 eius
1114 2159 1343 2210 singulari
1370 2160 1540 2200 uirtute
1569 2172 1794 2213 concepe-

159 2235 269 2270 runt
291 2229 572 2282 opinionem.
596 2229 697 2269 Deo
720 2236 813 2281 opt.
838 2241 961 2270 max.
986 2241 1168 2270 summa
1189 2231 1293 2270 laus
1313 2239 1358 2271 et
1379 2231 1528 2282 gloria
1550 2232 1623 2272 sit.

237 2300 289 2341 In
311 2301 403 2340 alio
426 2300 595 2352 oppido
619 2312 724 2340 cum
745 2301 967 2341 sacerdos
988 2300 1078 2351 ille,
1104 2313 1130 2340 a
1163 2300 1381 2353 Principe
1416 2301 1655 2342 Cardinali
1684 2303 1790 2343 mis-

157 2383 254 2423 sus,
277 2383 384 2412 cum
407 2372 508 2412 aliis
529 2371 851 2412 sacerdotibus
871 2371 1059 2412 Patrem
1086 2379 1355 2424 expectaret
1383 2379 1433 2412 vt
1461 2384 1567 2413 eum
1598 2374 1789 2415 comita-

154 2448 333 2492 rentur,
358 2455 384 2483 a
406 2442 544 2482 Patre
565 2442 798 2494 Episcopo
821 2443 877 2483 ob
900 2443 946 2483 id
962 2443 1274 2494 reprehensus
1291 2450 1375 2483 est.
1396 2443 1551 2495 Quare
1569 2444 1789 2497 deinceps

154 2513 202 2554 id
221 2513 379 2554 facere
400 2525 495 2553 non
522 2519 591 2553 est
617 2524 773 2554 ausus.
803 2513 854 2553 In
881 2513 1046 2554 eodem
1076 2513 1261 2565 oppido,
1294 2514 1525 2565 mulioniS,
1560 2516 1691 2556 cuius
1723 2517 1789 2557 iu-

153 2585 326 2626 mentis
351 2584 659 2635 vehebantur,
689 2590 733 2624 et
764 2584 1006 2625 cuiusdam
1028 2585 1151 2625 illius
1172 2584 1431 2626 sacerdotis
1451 2586 1584 2637 pueri
1606 2587 1784 2628 confes-

154 2655 310 2697 siones
337 2654 529 2705 audiuit,
559 2661 698 2707 atque
728 2654 882 2696 effecit
911 2661 962 2696 vt
991 2661 1188 2708 vterque
1217 2663 1577 2697 sacrosanctum
1609 2657 1786 2699 Christi

154 2738 326 2779 corpus
352 2727 604 2778 acciperet.
640 2725 794 2777 Quum
820 2726 944 2778 apud
978 2727 1227 2779 quemdam
1254 2726 1520 2768 diuersatus
1554 2736 1691 2780 esset,
1721 2730 1786 2771 ibi

149 2798 388 2837 seruulam
417 2796 594 2837 inuenit
624 2797 980 2848 quatuordecim
1009 2798 1084 2838 vel
1119 2797 1385 2850 quindecim
1419 2810 1570 2840 annos
1604 2806 1779 2852 natam,

151 2879 270 2920 quae
289 2879 528 2920 nunquam
548 2880 697 2920 vsque
718 2868 777 2909 ad
798 2868 844 2909 id
873 2874 1056 2921 tempus
1087 2869 1143 2910 de
1176 2871 1385 2922 peccatis
1413 2870 1630 2911 confessa
1663 2879 1779 2924 erat;

153 2938 292 2979 huius
313 2937 453 2979 Pater
474 2938 737 2991 Episcopus
767 2939 1109 2981 confessionem
1138 2941 1333 2993 audiuit,
1365 2942 1580 2994 quamuis
1609 2954 1785 2995 magno
