2028 3328
819 124 903 161 ΑΝ.
937 125 1025 160 1555
1674 127 1738 164 721

111 225 366 265 incolumes
402 230 450 263 ut
486 223 637 262 nullus
670 221 767 261 fere
803 221 1031 260 hactenus
1067 221 1349 271 aegrotarit:
1389 233 1550 262 eorum
1587 230 1741 263 autem

110 307 354 343 numerus,
379 294 457 346 qui
479 305 527 333 se
549 293 595 333 in
625 292 945 344 spiritualibus
967 291 1205 331 exercitiis
1236 292 1372 332 simul
1394 300 1635 343 exercent,
1665 295 1743 333 ali-

111 366 297 418 quando
321 366 379 405 ad
401 364 751 416 quaternarium
780 363 1070 414 peruenerit,
1103 363 1167 402 ita
1189 369 1237 402 ut
1265 374 1384 403 unus
1412 370 1491 403 aut
1513 365 1603 405 duo
1630 377 1743 405 nun-

113 449 253 488 quam
274 436 520 476 defuerint:
544 447 602 475 ex
624 446 823 493 quorum
843 445 1057 483 numero,
1083 433 1283 484 demptis
1312 445 1403 474 uno
1436 441 1514 474 aut
1546 435 1741 486 duobus,

114 514 193 548 aut
216 509 262 547 in
284 514 493 547 nostram
516 506 798 546 Societatem
825 504 1018 544 admissi
1046 510 1175 555 sunt,
1201 511 1280 544 aut
1303 505 1393 545 alio
1415 505 1601 556 directi,
1636 507 1743 547 licet

115 590 221 618 cum
257 578 514 628 lachrymis
548 577 838 628 postularent
873 577 919 616 in
953 581 1223 615 nostrorum
1257 587 1452 615 numero
1492 579 1742 617 recenseri:

114 661 275 689 eorum
298 656 451 688 tamen
483 649 529 688 in
552 647 870 699 spiritualibus
900 646 1137 698 profectus
1168 658 1331 686 omnes
1362 658 1475 687 suae
1506 648 1746 699 religionis

114 720 422 760 admirantur.
446 719 577 758 Multi
599 719 739 758 etiam
768 717 975 768 religiosi
1006 717 1094 757 uiri
1126 728 1174 756 se
1204 717 1250 756 in
1273 719 1744 769 contemplationibus

114 796 438 831 exercuerunt.
464 789 675 841 Denique
706 789 752 829 in
773 789 863 829 hac
884 789 1073 829 ciuitate
1095 787 1308 828 Societas
1327 795 1490 829 nostra
1513 790 1569 830 ab
1601 792 1745 831 omni-

115 863 214 910 bus,
238 868 333 901 tam
356 874 381 900 a
404 861 646 901 monachis
668 871 808 912 quam
829 850 1148 900 saecularibus
1166 866 1210 899 et
1230 860 1379 910 laicis,
1399 872 1490 900 uno
1513 873 1745 902 consensu

117 933 355 979 laudatur.
381 932 438 972 ad
461 943 600 983 quam
630 943 789 971 omnes
820 931 1080 981 confluunt,
1104 937 1153 971 ut
1184 943 1210 970 a
1242 932 1586 972 calamitatibus
1616 934 1746 984 spiri-

117 1003 323 1044 tualibus
344 1016 369 1042 a
393 1003 612 1043 Patribus
634 1003 808 1042 nostris
829 1002 1104 1051 liberentur3
1129 1008 1173 1041 et
1195 1003 1336 1042 etiam
1357 1015 1382 1042 a
1405 1005 1744 1055 corporalibus,

118 1087 237 1127 quae
258 1081 326 1114 tot
357 1080 487 1123 sunt,
520 1080 569 1113 ut
600 1075 727 1113 solae
756 1073 1002 1113 uideantur
1029 1073 1242 1113 omnibus
1268 1075 1496 1125 operariis
1519 1075 1746 1126 indigere:

119 1146 287 1198 quibus
310 1146 540 1196 hactenus
561 1146 838 1184 subuentum
859 1151 928 1184 est
950 1152 992 1184 et
1014 1145 1303 1194 subuenitur,
1327 1147 1485 1186 multis
1502 1147 1688 1197 quidem
1706 1157 1750 1188 et

118 1217 419 1269 urgentibus,
444 1216 609 1267 quibus
632 1216 843 1267 oppressi
860 1215 1044 1256 fuerant
1063 1223 1165 1267 post
1182 1224 1381 1257 mortem
1396 1217 1446 1258 F.
1467 1218 1677 1259 Tliomae
1695 1219 1751 1259 de

119 1289 424 1335 villanueua,
449 1286 811 1338 Archiepiscopi
832 1287 1071 1327 Valentini
1098 1291 1123 1338 ¹,
1148 1288 1226 1339 qui
1248 1289 1470 1329 Vniuersa
1494 1302 1649 1330 annua
1672 1291 1749 1330 sti-

121 1360 289 1412 pendia
324 1359 559 1398 fusissime
599 1359 915 1408 largiebatur,
953 1370 1039 1398 nec
1068 1358 1237 1398 minori
1271 1360 1425 1400 studio
1455 1373 1530 1401 res
1565 1369 1753 1402 nostras

121 1431 332 1471 curabat.
357 1430 536 1470 Viuens
563 1430 685 1469 enim
713 1429 758 1468 in
789 1429 945 1468 multis
973 1429 1111 1469 rebus
1141 1436 1185 1469 et
1216 1430 1374 1470 arduis
1402 1444 1543 1482 opera
1573 1440 1752 1473 nostro-

122 1514 222 1543 rum
244 1509 430 1553 patrum
451 1501 689 1550 utebatur3
714 1507 756 1540 et
780 1501 842 1540 ita
864 1500 1137 1540 nominatim
1160 1501 1215 1541 de
1237 1502 1432 1552 singulis
1454 1504 1667 1554 patribus
1688 1504 1750 1544 lo-

122 1574 350 1625 quebatur
372 1584 543 1623 eosque
566 1572 683 1611 miro
706 1583 865 1611 amore
886 1572 1276 1623 prosequebatur,
1300 1579 1349 1612 ut
1377 1574 1563 1624 quando
1586 1575 1756 1626 aliquis

123 1644 398 1693 discederet,
422 1654 563 1694 aegre
586 1643 741 1691 ferret,
766 1643 1023 1682 maximum
1045 1649 1224 1694 patrem
1256 1644 1444 1696 suisque
1473 1646 1639 1686 ouibus
1671 1647 1755 1687 uti-

123 1716 349 1756 lissimum
371 1726 420 1754 se
442 1714 655 1754 amisisse
678 1713 975 1763 existimans3
998 1713 1044 1753 in
1072 1714 1171 1753 eius
1193 1726 1305 1754 uero
1336 1716 1462 1756 obitu
1489 1717 1580 1756 duo
1610 1718 1755 1758 millia

123 1787 378 1839 quingenta
400 1796 697 1825 nummorum
720 1796 967 1824 aureorum
991 1785 1124 1824 nobis
1153 1791 1432 1826 testamento
1455 1788 1646 1838 legauit.

202 1858 252 1898 In
272 1857 428 1897 Natali
450 1856 663 1907 Virginis
685 1855 862 1895 Mariae
884 1856 1083 1906 primum
1108 1868 1295 1897 sacrum
1315 1859 1599 1899 celebratum
1622 1867 1691 1901 est
1710 1861 1757 1901 in

123 1936 287 1969 nostro
309 1929 497 1979 templo,
524 1927 581 1967 ad
604 1927 727 1978 quod
757 1926 1042 1966 audiendum
1073 1935 1374 1969 accesserunt
1396 1929 1574 1970 Prorex
1601 1931 1614 1949 ‘·’
1642 1932 1756 1972 eius-

125 2013 213 2053 que
235 2012 355 2040 uxor
378 1998 406 2050 ⁵,
430 1999 586 2039 multis
609 1997 819 2049 patriciis
840 1998 955 2038 uiris
977 1999 1200 2038 comitati.
1225 1999 1542 2041 Concionatus
1563 2009 1632 2042 est
1662 2003 1757 2054 qui-

126 2071 233 2112 dam
255 2072 401 2112 frater
422 2082 528 2110 cum
549 2070 754 2109 maximo
777 2070 983 2109 omnium
1005 2072 1257 2121 applausu:
1281 2072 1444 2111 eodem
1465 2073 1606 2113 etiam
1626 2073 1699 2114 die
1729 2087 1755 2115 a

125 2148 259 2183 sexta
280 2142 397 2182 hora
420 2141 648 2182 matutina
670 2152 816 2192 usque
838 2139 897 2180 ad
918 2141 1159 2181 meridiem
1181 2143 1354 2182 multae
1382 2143 1700 2185 confessiones
1731 2159 1758 2185 a

126 2214 342 2254 Patribus
377 2219 483 2253 sunt
519 2212 721 2261 auditae,
760 2212 1058 2263 postmodum
1092 2212 1189 2252 fere
1220 2225 1380 2253 omnes
1411 2215 1759 2258 Eucharistiam

126 2291 449 2336 sumpserunt:
474 2295 532 2324 ex
554 2295 608 2323 eo
631 2289 838 2334 tempore
864 2295 1007 2335 usque
1030 2283 1089 2323 ad
1111 2283 1234 2323 hunc
1257 2284 1380 2325 diem
1402 2286 1460 2326 ad
1481 2288 1759 2329 sumendum

127 2362 473 2396 sacramentum
498 2354 659 2394 altaris
680 2354 923 2394 unanimes
943 2354 1194 2404 confluunt,
1215 2355 1280 2395 ita
1297 2362 1346 2396 ut
1364 2356 1402 2396 si
1419 2357 1575 2408 plures
1601 2366 1759 2410 patres

128 2427 175 2466 in
195 2427 284 2466 hoc
306 2425 514 2476 Collegio
537 2431 713 2475 essent,
738 2425 944 2465 omnium
971 2437 1114 2476 opera
1136 2426 1412 2477 indigerent.
1443 2427 1761 2471 Concionator

127 2503 196 2538 est
227 2496 415 2549 quidam
444 2496 589 2536 frater
618 2496 665 2536 in
694 2501 855 2536 nostro
886 2496 1057 2547 templo
1087 2496 1175 2536 hoc
1209 2497 1431 2538 aduentu:
1463 2502 1762 2551 prosequitur

130 2569 245 2610 alter
280 2568 426 2608 frater
462 2567 714 2608 conciones
748 2567 991 2607 doctrinae
1026 2567 1328 2619 christianae,
1367 2581 1473 2610 cum
1502 2571 1764 2613 incredibili

130 2639 396 2680 auditorum
417 2639 640 2679 utilitate:
674 2638 806 2690 pueri
828 2638 1054 2679 docentur
1084 2638 1347 2680 doctrinam
1378 2641 1425 2681 in
1446 2642 1536 2682 alio
1571 2644 1759 2695 templo,

130 2721 363 2762 pauperes
384 2711 431 2750 in
452 2710 674 2761 hospitio,
701 2710 847 2749 vincti
869 2710 916 2749 in
945 2721 1156 2760 carcere,
1190 2711 1267 2751 ubi
1298 2718 1342 2752 et
1376 2719 1524 2764 pater,
1558 2715 1635 2766 qui
1662 2715 1766 2755 illos

188 2847 194 2866 ¹
237 2846 327 2874 Obiit
343 2847 370 2874 is
384 2847 432 2874 &a
448 2846 657 2881 Septembris
676 2845 753 2873 1555.

189 2896 202 2914 ‘-‘
241 2894 474 2921 Bernardinus
489 2894 528 2921 de
545 2894 721 2921 Cardenas
736 2898 769 2921 ct
786 2893 950 2926 Pactmeo,
966 2894 1042 2921 Dux
1059 2894 1098 2921 dc
1117 2894 1300 2929 Maqueda.

187 2942 202 2963 3
239 2942 420 2969 Elisabeth
434 2942 474 2969 de
490 2941 652 2969 Velasco.

297 3001 345 3039 T.
368 3012 414 3037 111
