2028 3328
798 145 880 179 ΑΝ.
911 143 1002 202 1555
1647 147 1710 183 581

76 249 165 277 1161·
184 250 271 289 por
294 240 409 279 obra
444 241 512 280 105
547 240 724 280 buenos
750 238 939 278 desseos
973 250 1060 289 quc
1095 247 1284 279 nuestro
1320 239 1465 280 Senos
1488 242 1554 281 les
1576 242 1635 281 da
1658 242 1713 282 de

82 309 211 349 subir
232 312 258 349 3
280 311 324 349 13
345 310 617 362 perfection,
640 323 671 362 y
691 310 829 361 piden
853 311 896 349 al
919 308 965 349 P.
1000 309 1281 350 Villanueua
1312 311 1712 353 ordinariamente

81 380 148 419 les
170 381 226 420 (16
246 381 441 422 licencia
462 393 575 432 para
594 382 735 421 hazer
755 380 1162 431 mortificaciones,
1195 394 1224 431 y
1258 382 1640 423 sefialadamente
1661 396 1711 423 se

83 462 285 501 procura
303 452 358 491 de
376 453 511 492 todos
532 454 576 492 13
599 451 908 492 obseruancia
942 450 998 491 de
1021 453 1090 491 135
1126 453 1283 502 reglas
1319 465 1349 503 y
1368 452 1577 503 perfecta
1611 455 1713 494 obe-

84 521 268 562 diencia
287 523 526 563 conforme
549 526 575 563 3
597 524 641 563 13
658 523 886 562 voluntad
909 523 964 562 de
987 522 1045 562 V.
1070 522 1119 562 P.

161 592 313 644 Aquel
335 606 423 645 que
446 601 524 634 tan
545 594 751 645 perfecto
773 593 1014 634 obediente
1035 593 1127 643 fue,
1147 605 1236 645 que
1252 606 1303 634 es
1321 594 1507 635 Christo
1521 602 1713 635 nuestro

82 662 245 714 Senor,
269 676 354 703 nos
375 665 431 704 de
449 677 502 705 su
525 666 823 705 sanctissima
844 665 1008 716 gracia
1029 676 1146 716 para
1163 676 1251 716 que
1272 667 1591 706 seamostales
1605 667 1712 706 obe—

79 734 257 774 dientes
281 735 440 786 quales
464 735 520 775 V.
544 735 591 775 P.
616 736 794 786 dessea,
818 748 849 787 y
870 747 919 775 es
936 747 1080 775 razon
1098 747 1185 787 que
1208 747 1321 776 sean
1344 737 1412 776 los
1436 748 1525 787 que
1547 748 1633 777 son
1657 737 1714 777 de

79 806 123 844 13
146 805 403 856 Compania
427 807 482 846 de
504 808 640 858 aquei
662 819 749 858 que
771 807 919 847 murio'
941 818 1025 858 por
1043 807 1331 847 obediencia.

158 876 229 916 En
249 878 318 916 105
340 877 599 917 53611116105
620 891 650 929 y
687 878 935 918 oraciones
965 878 1020 918 de
1047 878 1105 918 V.
1138 878 1188 918 P.
1224 879 1436 930 pedimos
1467 880 1603 919 todos
1634 880 1713 919 hu-

78 947 314 988 milmente
349 960 423 988 ser
458 949 849 999 encomendados,
887 961 1003 1001 para
1025 961 1114 1001 que
1142 951 1183 989 el
1204 949 1354 990 561101
1375 962 1460 990 1105
1479 950 1534 990 (16
1571 953 1598 990 a
1616 962 1715 991 sen-

82 1018 140 1057 tir
163 1031 193 1069 y
216 1019 416 1070 cumplir
437 1031 494 1059 en
516 1020 625 1060 todo
649 1032 703 1059 su
724 1020 883 1060 diuina
904 1020 1145 1060 voluntad.

161 1089 304 1130 Deste
328 1090 537 1142 Collegio
560 1091 615 1132 de
638 1092 681 1131 la
703 1091 965 1143 Compafiia
1001 1092 1057 1132 de
1085 1091 1185 1144 Jhs.
1209 1091 1265 1132 de
1293 1092 1561 1142 Plasencia,
1585 1092 1634 1132 31
1659 1093 1714 1132 (16

81 1159 264 1210 Agosto
292 1161 392 1200 1555
413 1165 545 1202 31105.

161 1230 233 1271 De
255 1232 314 1272 V.
340 1232 387 1273 P.
414 1232 507 1283 hijo
528 1233 661 1272 inutil
683 1245 740 1272 en
762 1234 803 1273 61
823 1233 987 1274 561101.

323 1303 414 1343 Por
437 1304 689 1343 comission
713 1304 787 1344 del
807 1303 856 1344 Ρ.
883 1304 1175 1356 Villanueua,

1097 1439 1125 1485 †
1137 1436 1406 1484 GONcALEz.
1419 1443 1448 1486 †

784 1845 1011 1899 ODXII

150 2053 414 2092 Franciscus
434 2054 640 2099 Morales,

199 2118 265 2156 Ex
284 2119 605 2157 commissione
620 2120 766 2157 Patris
782 2120 921 2158 Marci
942 2120 1140 2167 Georgii,

244 2185 363 2222 Patri
383 2185 553 2232 Ignatio
573 2185 626 2223 de
648 2186 830 2234 Loyola.

290 2249 450 2295 Ebora,
471 2250 513 2288 31
535 2251 729 2298 Augusti
749 2251 840 2289 1555
858 2252 881 2286 ¹.

883 2393 910 2439 ,Γ

823 2444 960 2496 Jesus

156 2581 431 2624 Reuerende
452 2585 498 2625 in
520 2584 707 2626 Christo
729 2585 884 2626 Pater.

156 2654 304 2695 Amor
323 2655 434 2708 Jesu
460 2655 650 2706 Christi,
674 2663 718 2697 et
738 2657 894 2708 gratia
917 2656 1076 2698 Sancti
1096 2656 1299 2709 Spiritus
1327 2658 1388 2698 sit
1416 2668 1602 2708 semper
1631 2669 1708 2698 no-

69 2726 272 2766 biscum.
296 2726 463 2767 Amen.

155 2797 227 2837 Ex
260 2798 332 2848 iis,
369 2809 488 2849 quae
524 2799 754 2850 superiori
783 2799 1114 2851 quadrimestri
1145 2799 1205 2840 ad
1233 2805 1293 2850 te,
1325 2798 1465 2840 Pater
1495 2800 1704 2850 colende,

129 2956 139 2976 ¹
178 2957 427 2992 Antographae
443 2959 474 2985 in
490 2958 569 2986 folio
584 2959 720 2992 duplici.
733 2967 786 2986 nn.
803 2960 856 2986 528
869 2965 901 2987 et
916 2960 979 2986 529.
