2028 3328
800 153 881 184 Aa.
914 147 1003 204 1555
1653 148 1720 185 611

96 261 152 288 na
175 247 464 287 enarrandas
485 248 703 297 suscepit,
728 255 844 296 quas
863 244 1070 297 Joannes
1097 244 1152 283 de
1179 242 1325 283 Sacro
1348 245 1483 282 busto
1513 244 1643 284 breui
1665 244 1717 283 li-

95 320 213 360 bello
234 319 289 358 de
308 318 514 369 sphaera
536 315 814 367 conscripsit
837 314 846 332 ¹
866 320 909 354 et
931 325 1038 353 cum
1059 325 1239 353 summo
1262 314 1470 353 omnium
1493 315 1721 364 applausu

98 391 156 430 ad
177 396 437 430 extremum
459 400 603 439 usque
622 385 850 438 perduxit.

177 460 278 501 Rex
299 460 487 499 interim
514 465 617 510 post
646 460 836 507 longam
863 465 906 496 et
934 456 1162 495 diutinam
1192 455 1574 495 deliberationem
1607 456 1726 496 Aca-

99 533 278 573 demiae
299 529 683 571 conimbricensis
705 527 952 577 collegium
969 525 1192 566 Societati
1207 532 1396 565 nostrae
1419 527 1667 567 committit
1683 534 1727 567 et

100 604 241 644 tradit
263 602 290 639 ².
312 602 452 642 Pater
472 599 623 640 Miron
646 599 867 650 plurimos
888 597 947 638 ad
967 609 1017 637 se
1039 609 1097 637 ex
1118 608 1173 637 ea
1201 596 1460 637 Academia
1491 604 1535 637 et
1556 598 1728 638 fratres

101 682 145 715 et
166 680 324 725 patres
351 677 534 719 euocat,
565 683 678 722 quos
709 669 1020 721 Ulyssiponae
1059 667 1312 708 instructos
1347 674 1392 707 et
1427 669 1726 719 exercitatos,

102 747 146 786 in
168 743 380 785 eamdem
402 749 564 794 postea
585 741 893 782 Academiam
909 740 1179 789 remitteret;
1200 750 1306 779 cum
1323 739 1445 779 enim
1461 739 1730 780 liberalibus

103 815 280 856 artibus
292 821 337 854 et
354 813 616 864 theologiae
634 823 690 851 eo
708 819 915 862 tempore
933 821 1125 861 operam
1141 816 1385 859 nauarent,
1406 810 1579 859 nonita
1597 817 1731 851 erant

103 885 455 927 humanioribus
477 884 623 924 literis
644 882 820 931 imbuti,
844 888 894 921 ut
914 881 1227 921 instituendae
1248 881 1479 921 iuuentuti
1497 881 1650 921 idonei
1668 882 1731 922 ui-

103 959 337 999 derentur.
362 956 488 996 Vicit
511 963 666 995 autem
688 956 877 1003 longam
898 952 1274 993 dessuetudinem
1294 953 1622 993 nonnullorum
1643 954 1733 993 die-

105 1041 208 1069 rum
229 1027 519 1068 exercitatio.
545 1025 792 1066 Caeterum
821 1024 973 1064 minor
999 1029 1099 1063 erat
1122 1030 1482 1075 praeceptorum
1511 1035 1734 1065 numerus

106 1111 246 1152 quam
267 1105 315 1139 ut
337 1099 524 1149 explere
543 1108 703 1136 omnes
721 1097 895 1135 classes
912 1100 1084 1145 posset.
1104 1094 1179 1135 Ad
1194 1101 1378 1146 patrem
1394 1094 1702 1136 Franciscum
1721 1095 1735 1114 ³

108 1171 246 1212 Pater
274 1170 463 1222 quidam
491 1168 700 1216 mittitur,
731 1168 810 1218 qui
837 1178 935 1206 rem
963 1177 1146 1205 omnem
1177 1178 1203 1205 a
1229 1165 1458 1217 principio
1479 1174 1655 1217 narret,
1688 1173 1737 1207 ut

109 1243 217 1295 quid
239 1248 362 1282 esset
383 1241 429 1280 in
451 1246 581 1279 tanta
603 1239 797 1290 penuria
819 1236 1163 1277 decernendum
1182 1237 1459 1277 breuissime
1487 1238 1737 1279 constitue-

109 1321 193 1364 ret;
217 1325 336 1365 quae
357 1312 467 1351 dum
488 1310 798 1362 Ulyssiponae
819 1314 1067 1359 geruntur,
1092 1307 1281 1359 quidam
1307 1314 1441 1359 pater
1461 1321 1520 1348 ex
1544 1309 1614 1350 his
1643 1310 1737 1361 qui—

110 1387 194 1426 bus
215 1385 261 1424 id
283 1382 487 1424 muneris
509 1386 610 1421 erat
630 1380 902 1429 iniunctum,
934 1379 1096 1419 morbo
1125 1385 1429 1430 consumptus
1458 1380 1740 1421 obdormiuit

110 1458 156 1497 in
178 1455 395 1504 Domino,
419 1464 555 1504 quem
576 1451 667 1491 tuis
689 1450 977 1490 orationibus
1005 1450 1120 1490 satis
1148 1450 1350 1490 arbitror
1378 1462 1481 1491 esse
1509 1463 1740 1493 commen-

112 1529 286 1568 datum.

192 1598 407 1638 Iamuero
428 1597 509 1636 uix
531 1596 621 1636 dici
643 1601 794 1647 potest
816 1600 926 1646 quot
948 1594 1201 1645 quantique
1223 1594 1264 1634 ei
1284 1595 1491 1635 illiterati
1507 1601 1552 1636 et
1570 1596 1745 1637 literati

116 1670 438 1710 adolescentes
460 1668 517 1707 ad
540 1666 823 1707 Societatem
851 1666 1072 1716 aspirent,
1104 1665 1271 1717 quibus
1298 1666 1338 1705 si
1368 1666 1522 1706 aditus
1543 1673 1742 1719 pateret,

117 1742 252 1792 plena
279 1745 324 1779 et
352 1738 522 1779 referia
551 1743 705 1777 essent
732 1736 869 1776 huius
896 1736 1168 1786 prouinciae
1195 1737 1408 1787 collegia,
1439 1744 1746 1791 caeterasque

118 1811 387 1863 prouincias
403 1809 697 1850 multitudine
708 1809 1020 1848 uinceremus.
1035 1807 1117 1847 Est
1129 1819 1242 1848 sane
1260 1808 1383 1859 quod
1396 1808 1496 1849 Deo
1510 1816 1602 1860 opt.
1619 1821 1746 1850 max.

119 1882 404 1923 immortales
439 1880 619 1931 gratias
650 1890 864 1930 agamus,
906 1878 1134 1929 siquidem
1170 1879 1326 1919 omnia
1366 1879 1519 1920 Patris
1553 1880 1748 1922 Mironis

119 1953 366 2005 prudentia
386 1952 451 1992 ita
471 1951 808 2002 gubernantur,
833 1956 881 1989 ut
902 1950 933 1989 ii
954 1950 1041 1990 soli
1061 1950 1108 1989 in
1129 1956 1342 1990 nostrum
1370 1962 1615 1991 numerum
1635 1953 1749 1994 refe-

121 2031 297 2074 rantur,
320 2034 519 2075 quorum
541 2022 685 2062 multo
708 2033 791 2061 usu
814 2021 1003 2072 cognita
1024 2020 1172 2061 uirtus
1194 2026 1238 2061 et
1258 2028 1504 2074 perspecta
1527 2025 1643 2064 satis
1663 2030 1748 2074 est,

121 2106 328 2147 quosque
362 2100 519 2145 sperat
549 2093 759 2133 instituto
792 2099 952 2131 nostro
979 2092 1094 2131 satis
1126 2092 1318 2132 idoneos
1346 2093 1542 2134 futuros.
1577 2095 1752 2137 Eorum

125 2172 293 2215 autem,
326 2165 405 2216 qui
432 2164 606 2204 nostris
633 2163 807 2203 scholis
837 2163 983 2202 literis
1009 2163 1356 2214 incumbebant,
1387 2176 1471 2205 sex
1498 2166 1686 2216 ingenio
1708 2173 1753 2208 et

125 2238 296 2278 uirtute
316 2241 611 2288 praestantes
632 2235 824 2274 iuuenes
846 2246 937 2274 non
950 2235 1079 2285 prius
1100 2241 1207 2274 sunt
1225 2234 1417 2276 admissi
1434 2248 1575 2288 quam
1591 2250 1754 2279 eorum

126 2315 344 2360 parentes
368 2307 593 2348 certiores
614 2305 726 2346 facti
746 2312 789 2346 et
811 2306 946 2345 nobis
974 2312 1018 2345 et
1044 2306 1191 2346 literis
1211 2306 1445 2357 integram
1474 2314 1753 2360 potestatem

128 2381 352 2430 fecerunt;
376 2379 507 2419 multi
527 2384 772 2430 praeterea
794 2383 1111 2428 externorum,
1136 2389 1252 2428 quos
1269 2384 1398 2418 certo
1420 2391 1615 2420 numero
1632 2392 1753 2422 com·

128 2450 415 2503 prehendere
436 2461 631 2501 nequeo,
651 2449 898 2499 diligenter
914 2448 1184 2499 examinati,
1203 2449 1374 2500 partim
1392 2449 1754 2504 Conimbricam‚

127 2523 299 2576 partim
337 2523 560 2567 Euoram,
604 2519 736 2571 jussu
777 2518 928 2559 Patris
967 2519 1177 2570 Mironis,
1219 2521 1351 2561 missi
1389 2527 1513 2572 sunt3
1546 2534 1666 2574 quae
1701 2536 1760 2564 ex

179 2683 190 2705 ι
232 2683 395 2718 sphaera
427 2681 631 2709 materialis
659 2688 679 2708 a
710 2680 840 2713 Joanne
870 2679 1010 2707 Halifax
1034 2680 1073 2708 de
1106 2680 1212 2708 Sacro
1242 2681 1350 2709 Boseo
1375 2682 1408 2715 (†
1439 2682 1521 2712 1256)
1553 2684 1764 2719 conscripta.

129 2733 179 2760 Cf.
194 2732 478 2762 BRAUNSBERGER,
494 2730 517 2758 l⁴
532 2737 570 2756 c..
588 2736 666 2763 pag.
681 2728 743 2761 2115;
761 2732 793 2755 et
814 2727 965 2761 HANSEN,
982 2728 1003 2755 1.
1019 2735 1059 2761 e.,
1080 2736 1160 2763 pag.
1179 2728 1243 2762 321,
1259 2729 1327 2763 ubi,
1350 2733 1455 2756 annot
1471 2730 1498 2764 2,
1520 2731 1685 2760 lectorem
1708 2740 1760 2760 re-

125 2780 231 2808 mittit
246 2779 289 2807 ad
306 2777 480 2807 GUNTHER.
499 2775 703 2804 Geschr'chte
718 2776 780 2802 des
795 2774 1116 2803 Mathematischen
1147 2775 1381 2809 Unterm'chts,
1395 2785 1474 2811 pag.
1490 2777 1661 2806 154.-111is
1684 2784 1766 2808 tem-

126 2828 265 2864 poribus
279 2826 401 2860 ubique
417 2825 487 2853 fere
507 2824 613 2852 Sacro
628 2824 739 2856 busto,
753 2827 790 2850 ut
805 2823 871 2855 hic,
888 2824 1100 2857 appellatum
1115 2824 1321 2858 reperimus.

182 2875 196 2894 2
235 2874 321 2902 Vide
336 2873 476 2904 TELLEZ.
493 2872 661 2900 Chronica
683 2871 728 2898 da
756 2871 972 2905 Companhia
996 2871 1039 2898 de
1061 2871 1149 2907 Jesn
1173 2879 1227 2899 em
1254 2872 1435 2907 Portugal,
1457 2878 1557 2909 parte
1579 2882 1614 2908 11,
1639 2875 1695 2903 lib.
1720 2882 1768 2910 vr,

122 2930 205 2958 cap.
221 2922 264 2950 18.

186 2971 201 2991 ³
238 2971 276 2998 P.
296 2971 518 2999 Franciscum
532 2970 571 2998 de
587 2971 702 3005 Borja,
726 2969 997 2998 Commisarium.
