2028 3328
157 150 227 188 100
664 149 894 187 LITTERAE
922 159 1283 193 QUADRnwEsrREs

238 246 325 297 Qui
360 245 678 297 philosophiae
710 250 884 285 vacant
911 244 1081 286 fratres
1106 246 1315 298 publicas
1337 258 1392 286 ea
1427 246 1482 287 de
1510 258 1653 287 causa
1681 259 1792 288 con-

154 318 390 359 clusiones
411 317 466 357 de
489 317 629 357 totius
651 316 919 356 dialectices
947 328 1003 356 ac
1025 316 1346 368 philosophiae
1369 328 1551 358 summa
1573 318 1620 358 in
1644 318 1789 359 Colle-

154 389 233 440 gio
258 388 398 439 Regis
412 388 696 437 habuerunt,
719 393 766 426 ut
783 385 936 438 idjam
955 387 1269 439 impleuerint,
1286 388 1324 427 si
1342 389 1602 439 magisterii
1627 394 1789 441 postea

153 460 358 511 gradum
380 459 644 510 suscepturi
667 459 772 498 sint.
805 458 900 498 Nec
922 459 969 499 in
991 471 1045 499 ea
1066 471 1116 499 re
1139 460 1347 511 opinioni
1377 460 1433 500 de
1458 471 1507 500 se
1535 467 1790 512 conceptae

153 530 425 581 defuerunt,
450 542 591 582 quam
612 530 722 569 illud
744 529 1037 581 potissimum
1058 536 1219 582 auget,
1239 530 1362 582 quod
1384 542 1488 571 cum
1510 543 1603 571 vno
1637 533 1792 573 minus

154 614 279 642 anno
302 613 441 653 quam
463 601 644 641 externi
665 600 973 652 condiscipuli
1000 601 1047 641 in
1069 601 1313 641 dialectica
1345 602 1522 642 versati
1547 603 1653 654 sint,
1679 604 1790 643 mul-

153 674 215 713 tis
237 680 392 713 tamen
415 684 494 712 eos
517 672 724 712 omnium
745 671 871 712 facili
891 672 1063 713 iudicio
1084 673 1300 725 passibus
1329 680 1654 724 praecurrunt.
1687 673 1791 726 Qua

154 745 204 785 in
239 757 288 785 re
325 751 368 784 et
403 744 449 783 in
485 743 586 783 aliis
622 743 839 783 omnibus
868 743 1031 784 similis
1052 744 1290 796 profectus
1318 744 1363 784 in
1388 755 1547 785 eorum
1572 745 1794 785 cordibus

156 815 400 857 Christum
420 826 503 866 per
524 814 660 855 fidem
684 815 947 855 inhabitare
968 816 1267 856 manifestum
1289 815 1480 867 praebet
1501 816 1739 857 indicium.

238 886 505 927 Bernardus
533 885 815 938 Japonensis
853 885 914 925 16.
945 886 1048 927 Kal.
1087 887 1288 938 Augusti
1325 898 1431 927 cum
1468 888 1558 928 alio
1591 888 1796 940 quodam

154 958 303 998 fratre
347 957 455 996 hinc
497 956 844 996 Barchinonam
888 957 1127 1009 profectus
1180 964 1263 1008 est,
1301 964 1352 998 vt
1392 958 1513 1009 inde,
1551 971 1645 999 vna
1690 970 1796 999 cum

156 1028 212 1069 R.
234 1028 304 1068 ΡΛΞ
325 1027 614 1080 Hieronymo
636 1027 807 1079 Natali,
827 1027 1160 1069 paternitatem
1182 1035 1310 1069 tuam
1328 1029 1514 1070 inuisat.
1534 1029 1797 1082 Mirumque

155 1106 229 1140 est
250 1106 424 1151 quanta
459 1099 549 1140 hoc
585 1100 672 1140 iter
713 1111 818 1140 cum
859 1100 1003 1141 animi
1036 1100 1213 1141 laetitia
1253 1101 1534 1153 susceperit,
1573 1101 1798 1153 spiritalis

154 1171 417 1223 profectus,
443 1182 580 1222 quem
602 1182 650 1211 se
672 1183 765 1211 non
787 1171 1021 1212 modicum
1044 1171 1168 1223 apud
1189 1177 1317 1212 tuam
1338 1172 1679 1213 Paternitatem
1695 1185 1797 1224 per-

156 1249 404 1295 cepturum
426 1248 553 1282 certo
576 1248 755 1294 sperat,
780 1242 1010 1283 desiderio
1029 1254 1271 1284 accensus.
1297 1243 1394 1284 Nec
1415 1255 1501 1284 nos
1518 1244 1672 1284 minus
1692 1256 1797 1296 pro-

158 1314 283 1354 fecto
305 1314 430 1354 domi
451 1325 591 1365 quam
612 1314 658 1353 in
680 1313 769 1354 hoc
792 1314 1002 1354 discessu
1024 1313 1304 1363 aedificauit,
1337 1314 1594 1366 refectorii,
1619 1321 1663 1355 et
1685 1315 1794 1355 alio-

159 1398 265 1426 rum
287 1396 606 1437 quaecumque
634 1384 1018 1436 injungebantur,
1044 1397 1205 1426 curam
1232 1385 1424 1426 habens.
1448 1386 1562 1427 Illud
1583 1387 1624 1427 ei
1645 1387 1795 1427 solum

159 1457 321 1508 magni
343 1468 444 1496 esse
465 1456 642 1507 negotii
663 1468 719 1496 ac
740 1455 1024 1497 difficultatis
1045 1456 1305 1497 videbatur:
1326 1458 1522 1509 publice,
1543 1457 1793 1510 ut‘fratres‚

159 1530 207 1569 in
230 1528 479 1569 refectorio
503 1530 547 1567 et
567 1534 725 1568 errata
747 1527 883 1568 fateri
904 1534 950 1568 et
976 1528 1164 1568 veniam
1186 1535 1366 1580 petere;
1392 1529 1473 1569 sed
1501 1541 1608 1570 cum
1628 1530 1670 1570 ei
1701 1530 1796 1581 qui-

159 1601 271 1640 dam
291 1612 349 1640 ex
371 1598 587 1639 Patribus
609 1604 835 1651 quantum
857 1610 912 1639 ea
933 1611 991 1639 ex
1012 1611 1062 1639 re
1089 1600 1321 1640 commodi
1348 1612 1403 1641 ac
1430 1601 1645 1641 Vtilitatis
1673 1613 1796 1642 ema-

162 1678 321 1719 naret,
347 1671 647 1720 ostendisset,
672 1671 815 1710 semel
837 1677 976 1722 atque
995 1671 1177 1721 iterum,
1202 1670 1427 1724 injussus,
1454 1673 1640 1713 veniam
1661 1673 1707 1713 in
1728 1684 1797 1713 re-

160 1742 358 1782 fectorio
394 1754 419 1781 a
455 1741 678 1782 fratribus
707 1742 892 1793 petiuit,
921 1742 1095 1793 absque
1123 1742 1276 1783 Patris
1306 1743 1508 1794 licentia,
1535 1744 1730 1785 credens
1752 1744 1798 1785 id

160 1813 334 1853 fratres
361 1812 532 1853 facere.
556 1813 637 1853 Est
667 1812 743 1852 ille
777 1813 962 1864 quidem
997 1813 1159 1853 docilis
1182 1821 1226 1854 et
1254 1814 1314 1854 ad
1348 1815 1541 1855 vberem
1571 1816 1797 1867 recipien-

163 1884 274 1925 dam
294 1884 498 1934 gratiam
518 1895 685 1923 vasum
706 1883 821 1924 satis
848 1889 1021 1935 aptum.

246 1955 455 1995 Didacus
482 1954 710 1995 Martinez
731 1955 905 2007 (quern,
936 1966 1041 1995 cum
1070 1955 1166 2007 jam
1201 1968 1376 1997 annvm
1411 1969 1517 1998 cum
1538 1957 1728 1998 dimidio
1752 1959 1799 1998 in

166 2026 404 2067 Societate
425 2026 749 2077 transegisset,
775 2025 823 2066 Ρ.
848 2026 1165 2078 Hieronymus
1187 2027 1367 2068 Natalis
1388 2040 1447 2069 ex
1469 2028 1687 2070 Corduba
1709 2029 1800 2070 huc

165 2098 514 2149 transmiserat,
540 2103 678 2149 atque
700 2097 825 2149 apud
854 2109 940 2137 nos
968 2098 1083 2138 duos
1109 2099 1401 2150 probationis
1428 2111 1577 2140 annos
1606 2112 1801 2152 perage-

168 2168 269 2219 bat)
292 2180 316 2208 e
339 2168 478 2209 domo
500 2168 792 2220 probationis
809 2169 855 2209 in
873 2169 1122 2218 collegium
1139 2176 1209 2210 est
1226 2170 1412 2221 missus,
1437 2178 1623 2212 seruato
1645 2177 1802 2212 tamen

169 2246 308 2280 antea
330 2240 376 2279 in
395 2239 608 2279 omnibus
621 2239 1005 2280 constitutionum
1019 2239 1201 2292 ordine3
1221 2253 1386 2282 verum
1404 2248 1655 2294 antequam
1672 2254 1800 2294 egre-

169 2311 374 2361 deretur,
396 2311 702 2351 concionatus
719 2317 789 2351 est
807 2311 926 2351 inter
944 2311 1268 2362 prandendum
1284 2312 1428 2354 irater
1445 2313 1668 2354 Nicolaus
1689 2314 1803 2366 opti-

170 2394 245 2422 me
266 2382 468 2434 quidem,
487 2388 531 2422 et
548 2388 644 2422 tam
660 2382 716 2432 ei,
735 2382 816 2434 qui
837 2394 861 2422 e
881 2381 1019 2422 domo
1042 2383 1334 2434 probationis
1355 2384 1638 2436 discedebat,
1663 2397 1804 2437 quam

171 2453 290 2504 aliis,
310 2453 388 2504 qui
404 2453 669 2504 manebant,
688 2453 804 2493 satis
822 2454 1049 2504 apposite.
1069 2454 1224 2495 Finita
1238 2467 1415 2506 mensa,
1432 2456 1479 2496 in
1492 2455 1698 2507 ejusdem
1713 2463 1805 2497 sta-

170 2525 254 2564 tim
277 2524 442 2564 domus
467 2524 691 2564 sacellum
712 2524 1006 2575 ductusest,
1038 2524 1234 2577 fusaque
1265 2527 1395 2578 prius
1429 2527 1489 2567 ad
1516 2526 1668 2567 Deum
1703 2539 1804 2568 ora-

170 2595 311 2644 tione,
348 2594 555 2646 ejusdem
590 2595 755 2635 domus
790 2595 960 2636 fratres
995 2607 1022 2635 a
1048 2596 1092 2636 P.
1132 2596 1288 2638 Leone
1313 2597 1431 2650 jussi
1466 2604 1515 2638 ut
1549 2598 1806 2640 discedenti

170 2666 307 2706 fratri
328 2665 595 2717 preciosum
617 2665 807 2717 aliquid,
828 2666 952 2718 quod
969 2678 1129 2707 secum
1151 2668 1368 2720 deferret,
1388 2669 1560 2720 singuli
1581 2670 1807 2721 largiren-

170 2745 263 2787 tur;
282 2737 356 2777 cui
369 2736 488 2776 inter
502 2737 619 2776 alios
635 2736 806 2777 fratres
822 2738 1086 2789 preciosam
1101 2740 1297 2779 contulit
1314 2750 1515 2791 magnae
1534 2740 1807 2782 humilitatis

170 2808 385 2859 exemplo
408 2807 716 2858 margaritam
737 2807 943 2859 ejusdem
964 2810 1176 2850 minister
1197 2809 1230 2850 P
1239 2816 1269 2848 ,Γ
1289 2810 1522 2851 Antonius
1544 2811 1736 2864 Correa,
1762 2820 1807 2854 et

170 2878 271 2930 ejus
283 2890 333 2918 se
344 2878 541 2929 genibus
558 2878 794 2918 humiliter
811 2879 1083 2931 aduoluens‚
1097 2886 1141 2920 et
1153 2880 1339 2921 veniam
1352 2887 1614 2923 erratorum
1626 2890 1807 2935 petens,

171 2950 281 2991 Inde
303 2961 408 2991 eum
429 2949 488 2989 ad
509 2949 704 3000 Collegii
734 2951 957 2990 sacellum
993 2951 1234 3003 duximus,
1259 2952 1306 2992 in
1333 2964 1440 3004 quo,
1466 2965 1627 2995 coram
1651 2967 1809 2996 sacro-

2010 2852 2028 3081 ·thm———--
2018 2815 2028 2834 ν.
2026 2771 2028 2774 Α
2026 2742 2028 2746 .
