2028 3328
862 163 946 199 AN.
970 162 1069 203 ,1555
1710 163 1784 200 559

146 269 238 313 cta,
259 262 320 302 ita
339 262 523 302 fuerunt
542 260 826 312 perturbata,
846 265 896 298 vt
917 258 1211 309 paucissimis
1230 259 1419 308 (nostris
1437 259 1659 309 exceptis)
1678 270 1781 298 esse

147 334 383 384 potuerint
399 338 675 384 opportuna.
695 330 853 371 Nostri
869 337 1025 370 tamen
1044 342 1136 369 non
1154 330 1306 369 minus
1323 329 1622 380 profecerunt
1639 342 1780 382 quam

148 406 186 445 si
209 405 363 445 omnia
387 404 475 444 illis
496 403 693 443 fuissent
717 401 1222 442 accommodatissima.

228 475 299 515 De
323 487 505 515 morum
527 481 682 514 autem
703 474 986 524 integritate,
1012 473 1137 512 vitae
1159 472 1468 512 sanctimonia
1492 479 1536 512 et
1558 473 1784 514 virtutum

151 547 378 599 profectu,
403 546 512 597 quid
535 545 826 597 potissimum
847 544 1070 583 scribam?
1091 543 1280 583 Videbit
1304 543 1369 593 (vt
1390 544 1543 595 spero)
1568 544 1620 584 R.
1655 545 1704 585 P.
1728 544 1779 585 T.

152 618 378 658 candidas
407 623 450 656 et
478 617 634 656 multis
664 616 889 655 virtutum
919 615 1208 654 ornamentis
1237 614 1486 654 decoratas
1516 615 1698 656 animas
1729 628 1784 656 ac

152 688 378 729 enutritas
401 689 520 727 lacte
543 687 860 738 pientissimae
881 686 1061 735 MatriS,
1086 686 1144 725 ad
1167 686 1298 725 cuius
1325 686 1620 726 beatissimos
1643 687 1785 739 pedes

152 761 409 801 hauserunt
432 760 635 810 liquores
657 759 843 799 diuinae
870 758 1069 808 gratiae.
1100 757 1322 810 Jamvcro
1345 757 1508 798 Patres
1530 759 1677 798 nostri
1699 758 1788 799 Re-

152 831 309 871 canati
343 831 628 870 vberrimam
665 841 863 869 messem
897 829 1188 877 inuenerunt,
1227 841 1367 880 quam
1402 835 1557 869 tamen
1594 837 1786 881 propter

154 902 478 953 operariorum
514 902 756 952 penuriam
785 901 831 940 in
858 901 1028 940 horrea
1050 899 1247 939 Domini
1276 900 1447 940 inferre
1478 901 1666 940 omnino
1694 913 1788 942 non

155 979 422 1024 potuerunt.
452 972 612 1023 Neque
640 972 760 1012 enim
790 972 944 1012 decuit
971 971 1288 1011 Lauretanani
1316 971 1505 1011 domum
1537 972 1790 1012 sacerdoti·

155 1046 242 1084 bus
266 1045 456 1096 (quibus
478 1055 765 1095 magnopere
788 1045 915 1093 eget)
940 1043 1128 1082 omnino
1151 1043 1379 1093 spoliare,
1411 1055 1559 1094 neque
1581 1043 1790 1084 Recana-

156 1116 357 1156 tensium
381 1116 468 1166 piis
491 1116 610 1154 votis
641 1126 733 1154 non
761 1114 1048 1154 satisfacere.
1078 1114 1275 1165 Vtrique.
1305 1114 1448 1164 igitur
1477 1115 1601 1165 parti
1633 1115 1789 1166 aliquo

158 1189 322 1228 saltem
345 1187 482 1226 modo
505 1192 572 1225 est
595 1185 900 1225 satisfactum.
925 1184 1044 1225 Nam
1067 1185 1158 1225 duo
1181 1191 1259 1224 aut
1281 1192 1375 1224 tres
1393 1198 1451 1225 ex
1475 1185 1688 1226 Patribus
1705 1186 1791 1226 Lo-

156 1259 244 1299 reti
284 1258 342 1298 ad
383 1257 751 1298 consolationem
787 1257 1141 1307 peregrinorum
1177 1264 1524 1306 remanserunt,
1563 1257 1642 1297 alii
1676 1269 1790 1298 vero

159 1342 267 1371 cum
289 1330 335 1370 P.
361 1329 563 1369 Rectore
587 1329 596 1348 ¹
620 1327 1014 1368 Recanatensium
1038 1327 1311 1378 commodis,
1336 1339 1518 1368 summa
1542 1340 1647 1368 cum
1668 1329 1791 1369 aedi-

158 1401 390 1451 ficatione,
415 1400 751 1440 deseruierunt.
776 1399 894 1439 Nam
916 1399 1112 1450 singuiis
1129 1398 1293 1438 diebus
1310 1400 1555 1440 dominicis
1578 1407 1620 1440 et
1642 1400 1790 1450 festis,

160 1473 206 1513 in
241 1474 344 1512 loco
381 1472 592 1523 publicae
628 1471 843 1511 concioni
879 1470 1140 1521 designatO,
1179 1477 1285 1510 sunt
1320 1471 1507 1511 habitae
1544 1471 1793 1512 conciones

163 1556 269 1585 cum
292 1555 464 1594 magno
488 1543 717 1594 applausu
739 1548 782 1582 et
806 1542 1029 1582 mediocri
1057 1553 1288 1582 concursu
1316 1544 1496 1594 populi:
1529 1543 1793 1584 doctrinam

164 1627 347 1668 quoque
368 1615 674 1655 christianam
695 1625 816 1653 Vnus
838 1625 896 1653 ex
923 1613 1097 1653 nostris
1117 1613 1332 1654 Patribus
1355 1621 1423 1654 est
1444 1615 1684 1666 professus
1706 1616 1795 1656 sin-

163 1687 285 1738 gulis
307 1686 403 1726 fere
426 1685 602 1733 diebus,
626 1691 1069 1736 perseuerassetque
1091 1685 1137 1724 in
1159 1697 1213 1724 eo
1235 1686 1478 1736 exercitio,
1503 1687 1592 1726 nisi
1608 1688 1796 1737 grauio-

164 1758 228 1798 ris
249 1757 470 1797 momenti
493 1756 826 1807 occupationes
849 1756 1157 1805 obstitissent,
1183 1764 1318 1806 prout
1347 1758 1543 1807 contigit
1566 1759 1797 1809 superiori

164 1828 472 1876 hebdomada,
497 1828 541 1867 in
565 1839 670 1878 qua,
689 1834 794 1878 post
810 1827 997 1867 iubilaei
1013 1828 1390 1879 publicationem,
1410 1836 1568 1872 tantus
1585 1833 1671 1874 fuit
1689 1847 1796 1876 con-

164 1900 391 1940 fitentium
412 1911 647 1947 numerus,
673 1906 722 1938 vt
744 1899 924 1939 mediae
946 1900 1066 1950 parti
1088 1900 1360 1941 satisfacere
1378 1914 1470 1942 non
1488 1906 1793 1958 potuerimus;

165 1983 326 2011 omnes
348 1971 470 2010 enirn
491 1970 624 2010 nobis
646 1970 905 2010 voluissent
926 1970 1155 2019 confiteri,
1183 1978 1374 2023 propter
1401 1975 1791 2029 aestimationem,

167 2055 306 2095 quam
337 2043 392 2082 de
418 2043 551 2082 nobis
582 2049 910 2093 conceperunt.
945 2041 1089 2082 Faces
1115 2043 1207 2082 illic
1237 2055 1419 2095 quoque
1450 2049 1702 2088 nonnullae
1733 2049 1798 2090 fa-

167 2122 270 2157 ctae
293 2121 412 2161 sunt,
437 2121 482 2153 et
504 2114 706 2165 quinque
727 2113 1047 2153 concubinarii
1065 2114 1248 2154 Christo
1267 2122 1372 2155 sunt
1388 2117 1637 2160 lucrifacti.
1657 2119 1798 2161 Rece-

168 2193 336 2240 perunt
357 2186 497 2226 etiam
520 2185 904 2225 consuetudinem
934 2185 1202 2237 frequenter
1229 2188 1626 2239 communicandi,
1657 2193 1800 2232 semel

167 2260 334 2299 saltem
355 2257 552 2307 singulis
572 2256 822 2306 mensibus,
847 2262 1013 2296 contra
1034 2258 1364 2298 nonnullorum
1392 2258 1589 2300 fratrum
1618 2257 1798 2313 inanes,

169 2342 227 2370 ne
248 2329 400 2369 dicam
422 2328 602 2378 impios,
626 2328 839 2367 latratus.

249 2400 538 2450 Frequenter
572 2398 712 2438 etiarn
747 2398 805 2438 ad
841 2398 1130 2439 infirmorum
1169 2399 1332 2440 domos
1367 2403 1677 2456 accersimur,
1712 2404 1799 2446 fre-

171 2472 387 2524 quentius
409 2470 467 2510 ad
489 2469 675 2509 diuersa
696 2470 867 2520 templa
890 2469 1169 2521 inuitamur,
1193 2476 1245 2510 vt
1266 2473 1517 2514 multorum
1545 2471 1805 2517 consessib—

168 2555 251 2584 nes
273 2541 534 2582 audiamus:
558 2540 771 2580 omnibus
792 2540 978 2580 interim
998 2541 1272 2582 satisfacere
1293 2554 1386 2583 non
1407 2545 1635 2587 valemus.

247 2613 440 2653 Fratres
463 2623 643 2663 quoque
665 2611 813 2651 nostri
833 2611 880 2650 in
901 2611 1138 2652 coenobiis
1159 2618 1203 2652 et
1230 2613 1334 2654 aliis
1361 2616 1565 2667 templis,
1589 2618 1796 2668 quinimo

166 2686 213 2725 in
235 2684 398 2724 mediis
419 2682 599 2735 plateis,
622 2682 889 2732 frequenter
908 2682 1261 2734 concionantur,
1281 2684 1346 2724 ita
1362 2691 1413 2726 vt
1430 2687 1682 2739 aliquando
1704 2702 1804 2730 vno-

169 2757 242 2797 die
269 2755 473 2807 quinque
500 2759 580 2794 aut
608 2764 693 2793 sex
717 2752 906 2793 habitae
933 2753 1025 2793 sint
1060 2755 1337 2807 conciones,
1376 2769 1470 2798 non
1496 2758 1596 2799 sine
1622 2771 1801 2812 magno

170 2827 324 2868 fructu
346 2832 390 2866 et
410 2825 546 2865 huius
568 2823 728 2876 populi
748 2823 1086 2864 aedificatione.
1109 2824 1215 2866 Duo
1238 2838 1421 2879 quoque
1442 2841 1500 2869 ex
1521 2831 1695 2871 nostris
1716 2831 1807 2872 Pa-

230 2986 239 3007 ¹
280 2986 312 3014 P.
332 2986 483 3014 oliverio
499 2986 660 3014 Manareo
