2028 3328
172 128 239 164 176
681 128 908 166 LITTERAE
936 139 1296 171 QUADRlMEsTREs

170 224 322 263 stiano
344 236 436 264 non
458 225 633 276 loquor,
672 237 814 276 quum
842 225 1056 275 elinguis,
1086 225 1267 274 balbus,
1291 224 1458 274 infans,
1485 230 1529 264 et
1551 225 1687 275 plane
1709 237 1806 265 mu-

170 302 244 334 tus
265 295 310 334 in
328 295 415 335 hac
439 307 503 345 re,
528 301 576 335 ut
600 296 645 335 in
679 296 893 344 caeteris,
918 295 1148 335 videatur.
1180 295 1431 335 Praeterea
1460 294 1517 334 D.
1546 294 1808 347 Episcopus

171 377 243 405 me
278 365 286 384 ¹
317 365 505 406 adhibet
536 366 581 405 in
611 366 873 416 consilium,
904 366 1113 418 praeficit
1145 378 1216 406 me
1252 365 1507 405 lustrandis
1528 366 1741 406 ecclesiis
1762 372 1809 406 et

171 437 482 477 reformandis
518 437 778 477 coenobiiS.
821 437 1003 477 Vellem
1039 438 1127 477 hoc
1164 436 1386 487 consequi
1420 448 1446 475 a
1482 435 1721 487 Patribus,
1755 444 1804 477 ut

170 508 453 548 fructuosius
486 508 675 547 vineam
721 507 910 548 Domini
957 509 1240 557 excolerem,
1283 517 1538 558 progressu
1579 508 1807 558 temporis

170 579 289 618 mitti
310 579 510 630 aliquem
533 578 841 628 sacerdotem,
873 579 952 630 qui
982 579 1236 619 liberaliter
1265 584 1309 617 et
1339 577 1566 618 foeliciter
1600 578 1678 618 illo
1699 590 1809 618 con-

169 650 427 689 fessionum
454 661 644 689 munere
674 649 970 700 fungeretur.
1008 649 1111 689 Hac
1140 649 1320 689 ratione
1355 660 1541 699 possem
1576 649 1809 689 sustinere

171 721 437 771 opinionem
459 720 515 760 de
536 732 609 760 me
631 721 916 760 concitatam
941 721 1065 772 apud
1094 720 1151 760 D.
1181 719 1466 771 Episcopum
1496 726 1540 760 et
1567 719 1811 760 honestius

171 803 339 831 munus
361 790 673 831 concionandi
691 792 937 841 subirem.„

250 862 301 902 In
322 863 412 902 hac
433 862 710 902 lustratione
732 862 1002 902 dioeceseos
1026 862 1186 902 habuit
1217 862 1231 882 ²
1253 868 1347 901 tres
1377 868 1457 901 aut
1479 868 1679 913 quatuor
1701 874 1810 902 con-

172 934 330 973 ciones
352 934 398 973 in
420 933 479 973 D.
501 933 722 985 Episcopi
744 939 1015 984 conspectu,
1039 934 1245 973 maxima
1267 932 1508 973 hominum
1528 932 1809 984 frequentia,

171 1005 339 1056 quibus
361 1004 477 1045 adeo
506 1005 772 1054 commouit,
804 1012 901 1044 tum
930 1011 1158 1054 caeteros,
1184 1011 1280 1044 tum
1302 1004 1599 1055 Episcopum,
1624 1009 1674 1044 ut
1704 1016 1808 1056 per-

171 1076 370 1116 suaserit
407 1076 643 1127 Episcopo
678 1076 738 1126 id,
777 1075 900 1127 quod
929 1076 1088 1126 magni
1123 1075 1268 1115 habiti
1296 1075 1658 1115 concionatores
1692 1087 1804 1115 nun-

170 1159 310 1199 quam
345 1154 610 1199 potuerunt3
642 1153 686 1187 et
713 1148 820 1188 hinc
850 1159 942 1187 non
974 1148 1110 1187 modo
1138 1146 1194 1186 D.
1227 1147 1489 1198 Episcopus
1515 1146 1597 1187 sed
1630 1149 1807 1187 caeteri

168 1219 321 1270 magis
342 1231 446 1259 eum
468 1231 628 1259 amare
649 1231 705 1259 ac
726 1219 944 1259 venerari
965 1224 1234 1270 coeperunt.

251 1290 464 1331 Societas
493 1290 722 1341 abundat,
751 1301 865 1342 prae
893 1290 1323 1340 concionatoribus,
1354 1289 1693 1341 sacerdotibus,
1730 1291 1812 1342 qui

172 1363 261 1403 hoc
296 1362 645 1402 confessionum
674 1373 867 1402 munere
901 1360 1032 1411 fungi
1062 1368 1278 1412 possunt.
1312 1361 1390 1411 At,
1424 1361 1503 1413 qui
1538 1361 1810 1402 concionari

171 1440 378 1486 possent,
403 1434 682 1485 praesertim
702 1434 748 1474 in
769 1433 917 1483 Italia,
942 1433 1054 1482 rari,
1077 1433 1284 1472 maxima
1302 1433 1516 1473 habenda
1539 1438 1661 1473 esset
1687 1433 1808 1473 ratio

173 1506 341 1546 horum
363 1507 716 1557 praeclarorum
738 1505 1048 1556 ingeniorum.
1069 1503 1222 1555 Pater,
1249 1510 1297 1544 ut
1318 1504 1430 1555 dixi,
1454 1505 1580 1544 Valet
1601 1504 1807 1555 ingenio,

172 1577 413 1627 memoria,
440 1577 820 1628 pronuntiatione
842 1582 886 1615 et
907 1575 1097 1626 reliquis
1119 1575 1386 1624 virtutibus,
1411 1587 1530 1627 quae
1552 1575 1598 1615 in
1621 1581 1811 1616 oratore

172 1654 469 1699 expetuntur.
494 1648 557 1688 At
579 1648 821 1688 doctrinae
844 1647 1013 1686 bonam
1035 1653 1217 1697 partem
1246 1658 1333 1686 usu
1361 1653 1405 1686 et
1428 1647 1611 1686 actione
1633 1645 1809 1696 didicit,

173 1727 218 1760 et
239 1720 286 1759 in
314 1720 412 1759 dies
439 1719 641 1770 uberius,
672 1719 772 1759 Deo
804 1720 1014 1771 auspice,
1046 1719 1234 1759 imbibet
1262 1725 1307 1759 et
1335 1718 1536 1768 hauriet,
1567 1717 1676 1757 dato
1698 1717 1811 1768 otio,

173 1797 217 1831 et
234 1791 421 1842 quando
443 1803 538 1830 non
558 1798 691 1842 potes
711 1791 867 1832 facere
885 1792 1006 1844 quod
1029 1793 1115 1842 vis,
1141 1791 1185 1831 id
1207 1790 1354 1831 facias
1376 1796 1463 1829 etc.
1487 1788 1516 1826 ⁵.

253 1862 338 1902 His
373 1862 662 1913 temporibus
692 1869 802 1913 tam,
834 1869 883 1903 ut
914 1876 1097 1913 censeo,
1135 1862 1369 1914 expetitur
1391 1872 1524 1901 amor
1547 1859 1636 1900 Dei
1657 1866 1702 1900 et
1722 1859 1813 1911 spi-

174 1933 289 1973 ritus
316 1934 467 1973 bonus
496 1932 683 1986 [quam]
713 1934 965 1974 verborum
993 1935 1129 1986 copia
1159 1934 1218 1974 ad
1248 1933 1419 1973 delicta
1447 1932 1618 1983 populo
1654 1930 1814 1981 exagi-

173 2005 331 2045 tanda.
369 2004 522 2045 Cerno
557 2017 672 2045 sane
708 2006 754 2045 in
790 2006 880 2046 hac
918 2007 1031 2046 urbe
1068 2005 1316 2058 quemdam
1347 2003 1655 2055 scapucinum
1689 2002 1812 2051 (sic),

172 2078 249 2128 qui
271 2076 570 2127 gratissimus
591 2083 660 2116 est
691 2078 878 2128 populo,
902 2077 1073 2129 quique
1103 2077 1287 2116 actione
1316 2082 1360 2116 et
1382 2074 1550 2127 spiritu
1571 2075 1712 2125 ualet;
1735 2073 1812 2113 do—

173 2149 324 2188 ctrina
347 2156 502 2188 autem
525 2155 567 2187 et
591 2159 872 2199 magnarum
893 2160 1050 2189 rerum
1067 2148 1351 2199 cognitione,
1371 2152 1598 2198 quantum
1615 2157 1673 2185 ex
1690 2145 1815 2185 illius

173 2219 494 2269 concionibus,
519 2219 858 2259 consuetudine
880 2227 924 2259 et
943 2220 1131 2271 scriptis
1152 2218 1340 2269 colligo,
1365 2229 1458 2257 non
1478 2222 1703 2269 praestat.
1730 2216 1813 2256 Illa

173 2290 358 2330 demum
379 2289 593 2330 doctrina
615 2290 703 2330 hac
725 2297 1002 2342 tempestate
1023 2290 1241 2341 exigitur,
1266 2289 1330 2329 illi
1347 2288 1564 2328 acerrimi
1581 2288 1814 2327 clamores

173 2368 280 2401 sunt
309 2361 579 2401 necessarii:
612 2361 852 2401 annuncia
874 2361 1053 2413 populo
1089 2372 1187 2401 meo
1210 2363 1405 2412 peccata
1436 2358 1634 2399 illorum
1656 2357 1687 2410 ⁴,
1721 2364 1810 2398 etc.

172 2431 300 2472 Illius
319 2431 533 2471 doctrina
554 2433 795 2483 probatur,
820 2433 912 2484 qui,
946 2432 1035 2472 Dei
1062 2432 1229 2483 spiritu
1259 2436 1518 2480 extructus,
1555 2429 1714 2470 obiicit
1734 2440 1812 2480 po-

173 2503 282 2555 pulo
303 2503 426 2543 illius
446 2502 648 2543 nefanda
670 2503 865 2555 flagitia,
888 2504 1118 2553 libidines,
1153 2502 1401 2553 adulteria,
1424 2507 1469 2541 et
1491 2500 1813 2541 extraordina-

174 2574 270 2614 rias
307 2575 547 2625 utriusque
583 2585 725 2614 sexus
759 2575 990 2625 libidines,
1041 2575 1212 2626 quique
1253 2574 1369 2614 haec
1397 2572 1575 2612 acriter
1609 2570 1817 2622 quotidie

174 2645 400 2696 exagitat,
424 2645 610 2695 clamat,
642 2646 720 2696 qui
741 2646 877 2686 docet
909 2658 999 2697 qua
1027 2646 1208 2685 ratione
1237 2643 1413 2685 Christi
1440 2648 1682 2694 compotes
1713 2653 1816 2682 esse

228 2805 238 2825 ¹
279 2805 419 2832 Patrem
434 2805 657 2833 Franciscum
673 2806 850 2839 Palmium,
864 2807 959 2841 cujus
974 2807 1082 2833 verba
1097 2810 1187 2839 sunt,
1204 2812 1290 2839 quae
1307 2804 1360 2831 hic
1375 2804 1483 2831 refert
1499 2802 1624 2838 Scipio.

230 2853 243 2872 2
280 2852 355 2887 Ipse
372 2853 412 2880 P.
431 2853 593 2880 Palmius.

228 2901 243 2920 3
281 2900 422 2933 Quando
437 2908 502 2928 non
517 2906 614 2935 potes
630 2901 742 2928 facere
759 2902 845 2935 quod
862 2903 924 2933 vis,
939 2902 969 2928 id
986 2902 1094 2929 facias
1110 2901 1197 2936 quod
1213 2904 1322 2935 potes.

230 2950 244 2969 ⁴
283 2949 405 2980 isaiae,
424 2956 516 2982 Lvul,
536 2950 558 2976 l.
