2028 3328
870 71 953 108 AN.
982 71 1076 119 ,1555
1719 72 1791 110 285

154 170 346 210 lutifera
368 168 554 210 iubilaei
575 167 856 221 propagatio
876 166 901 218 ¹,
928 179 1075 218 eoque
1105 167 1273 218 magis,
1297 168 1421 219 quod
1440 169 1486 208 in
1507 168 1630 208 hunc
1653 181 1788 210 usum

158 240 319 281 Rmus.
343 244 386 281 et
406 240 596 280 Illmus.
626 239 903 290 Prolegatus
924 239 1147 289 templum
1170 244 1382 278 nostrum
1404 238 1678 279 destinarat.
1702 240 1787 280 Ita-

154 324 245 364 que
266 323 347 363 per
372 311 639 363 quindecim
658 315 781 351 totos
803 309 902 349 dies
924 309 1149 360 impransi
1166 308 1398 349 interdum
1417 310 1475 349 ad
1493 310 1687 350 multam
1709 322 1788 350 no-

159 388 281 423 ctem
310 382 627 434 poem'tentz'ae
663 384 960 421 sacramento
992 379 1005 398 ²
1046 380 1159 431 ipsis
1192 379 1278 420 fuit
1323 380 1651 429 insistendum,
1694 393 1786 421 non

157 454 258 494 sine
291 453 672 505 praesentissima
700 452 963 492 animarum
989 452 1158 500 salute,
1195 462 1393 502 quarum
1429 451 1634 491 conditio
1670 452 1785 491 eius-

157 525 284 565 modi
304 525 400 565 fere
422 532 537 573 erat,
562 530 611 564 ut
641 535 745 564 cum
776 522 1056 563 Christianis
1086 522 1200 561 nihil
1232 522 1421 562 omnino
1456 528 1790 574 praeterquam

155 607 328 636 nomen
363 607 610 636 commune
645 594 819 634 habere
854 592 1138 633 uiderentur.
1175 592 1330 644 Atque
1364 593 1473 633 dum
1508 594 1659 633 omnis
1692 593 1789 633 fere

157 666 438 707 conditionis
460 667 672 706 homines
692 665 914 716 templum
934 671 1146 704 nostrum
1169 664 1429 713 uisitarent,
1449 665 1694 715 conspexit
1710 665 1789 704 ibi-

158 738 265 777 dem
286 737 424 777 Pater
455 737 644 789 quidam
674 737 923 788 quamdam
945 747 1111 787 parum
1133 736 1358 775 honestae
1379 736 1504 776 uitae
1528 737 1788 787 mulierem,

159 820 302 860 quam
322 820 417 848 non
434 809 563 860 prius
585 821 608 848 e
626 810 728 848 loco
746 807 1081 859 poenitentium
1103 807 1383 847 accersitam
1405 806 1418 825 ⁵
1436 807 1624 857 dimisit,
1650 819 1791 859 quam

158 887 203 920 et
225 885 323 920 tam
344 879 628 930 flagitiosam
650 880 774 920 uitae
796 879 1027 919 rationem
1049 879 1376 928 detestaretur,
1400 885 1445 918 et
1467 879 1696 918 uiciniora
1720 890 1790 919 sa-

157 951 241 991 luti
263 963 313 991 se
334 958 577 1002 praestare
615 952 732 991 uelle
762 949 1071 1001 promitteret.
1106 949 1360 1001 Negotium
1390 961 1502 990 uero
1530 950 1670 990 Pater
1697 951 1789 1001 ille,

158 1034 250 1074 qua
273 1028 492 1073 coeperat
515 1021 770 1073 diligentia,
794 1027 944 1072 urget,
969 1027 1027 1072 et,
1047 1020 1270 1072 quaesitis
1287 1021 1394 1061 hinc
1414 1021 1520 1061 inde
1537 1022 1790 1073 eleemosy-

156 1093 245 1143 nis,
270 1093 570 1133 matrimonio
593 1093 845 1144 copulauit.
874 1092 995 1132 Hinc
1024 1092 1111 1132 sibi
1132 1091 1270 1132 Pater
1288 1092 1363 1132 ille
1386 1092 1571 1133 facilem
1592 1094 1793 1133 caeteris

155 1164 369 1215 sapiendi
403 1176 572 1203 ausam
594 1162 608 1181 ⁴
635 1163 893 1215 praebitam
922 1175 1024 1203 esse
1054 1163 1314 1214 pollicetur.
1342 1164 1494 1203 Faxit
1516 1164 1648 1203 Deus
1669 1165 1790 1215 opti-

156 1247 264 1275 mus
285 1235 531 1274 maximus
552 1239 604 1275 ut
625 1239 812 1275 tautum
839 1245 1087 1274 successus
1108 1234 1280 1274 Patris
1300 1234 1541 1274 laboribus
1563 1236 1789 1286 addatur,

159 1310 390 1358 quantum
413 1305 680 1345 nolzmtau's
700 1306 913 1355 accessit,
935 1309 987 1345 ut
1013 1305 1051 1344 a·
1069 1317 1163 1344 nou
1185 1308 1372 1345 tautum
1394 1305 1582 1356 merita,
1609 1306 1656 1345 si
1675 1318 1793 1357 quae

155 1377 274 1428 siut,
293 1378 377 1417 sed
398 1381 440 1417 et
456 1377 681 1428 proximi
697 1376 899 1416 salutem
915 1377 1108 1427 possint
1130 1381 1393 1427 reportare.

237 1448 354 1501 sam
377 1460 490 1488 vero
514 1449 637 1500 quod
663 1448 723 1488 ad
748 1448 899 1500 fidem,
931 1460 1051 1500 quae
1078 1448 1136 1488 ab
1172 1448 1388 1488 omnibus
1408 1447 1632 1489 Societati
1658 1460 1790 1500 prae-

159 1525 328 1571 statur,
354 1520 535 1569 attinet,
558 1519 829 1560 incredibile
846 1525 915 1560 est
932 1526 1107 1572 quanta
1129 1519 1285 1571 opinio
1308 1520 1515 1560 omnium
1538 1520 1708 1560 animis
1729 1520 1793 1560 in-

160 1591 349 1632 sederit.
371 1591 566 1632 Vtinam
587 1592 703 1632 tales
724 1591 869 1632 simus
890 1592 1051 1643 quales
1072 1591 1313 1632 habemur.
1337 1591 1394 1632 Et
1423 1592 1610 1632 tametsi
1632 1604 1793 1633 omnes

158 1669 452 1714 compertum
472 1662 674 1703 habeant
696 1662 945 1703 Societatis
965 1674 1268 1714 progressum
1289 1675 1313 1703 e
1341 1663 1528 1703 diuinae
1552 1663 1793 1715 potentiae

159 1745 246 1784 ope
268 1732 546 1784 dependere,
572 1734 771 1774 accessit
791 1740 949 1774 tamen
970 1745 1130 1774 rumor
1151 1734 1355 1785 quidam,
1376 1734 1455 1786 qui
1471 1734 1679 1775 omnium
1697 1735 1791 1775 ani-

159 1816 262 1845 mos
289 1805 405 1845 satis
432 1806 525 1845 iam
551 1816 825 1856 persuasos,
867 1805 1010 1845 ueluti
1050 1805 1277 1846 miraculo
1311 1805 1535 1857 quodam,
1575 1806 1790 1857 perculit:

159 1881 360 1927 quatuor
395 1875 612 1916 nimirum
647 1876 782 1916 huius
816 1876 944 1916 Vrbis
980 1876 1129 1927 ciues,
1166 1888 1260 1916 non
1295 1876 1505 1917 occultos
1540 1875 1793 1917 Societatis

157 1953 523 1999 oppugnatores,
544 1947 793 1998 admissae,
811 1953 861 1987 ut
882 1947 970 1998 ipsi
991 1947 1134 1997 aiunt,
1165 1948 1330 1999 culpae
1351 1947 1662 1998 grauissimas
1684 1959 1789 1999 poe-

157 2029 246 2058 nas
268 2018 566 2069 persoluisse.
589 2017 770 2058 Horum
797 2018 920 2058 enim
944 2018 1122 2070 primus
1147 2018 1392 2070 repentina
1420 2024 1570 2058 morte
1601 2018 1792 2058 interiit.

158 2089 308 2139 Alter,
332 2096 523 2141 propter
543 2089 707 2129 onris
730 2089 919 2138 obitum,
943 2089 1032 2129 hoc
1053 2089 1195 2129 etiam
1215 2100 1382 2141 passus
1403 2094 1488 2140 est,
1512 2094 1562 2129 ut
1579 2089 1624 2129 in
1643 2095 1791 2130 extre—

158 2172 261 2200 mas
283 2161 577 2201 calamitates
599 2166 642 2200 et
663 2172 821 2201 rerum
848 2161 1055 2201 omnium
1082 2160 1510 2211 deploratissimum
1541 2166 1714 2201 statum
1734 2161 1793 2201 sit

158 2231 382 2283 dilapsus.
406 2231 591 2272 Tertius
611 2231 789 2272 tamdiu
810 2243 916 2272 cum
933 2231 1225 2284 ophthalmia
1242 2231 1523 2271 colluctatus
1541 2237 1625 2281 est,
1644 2231 1793 2272 donec

159 2302 273 2353 ipsis
286 2302 434 2342 oculis
449 2302 730 2354 priuaretur.
751 2302 958 2353 Quartus
975 2308 1145 2353 autem,
1165 2302 1468 2353 impurissimi
1485 2301 1653 2353 fiagitii
1668 2314 1792 2353 reus,

159 2385 215 2412 ac
238 2373 427 2414 demum
447 2374 494 2413 in
511 2373 699 2413 uincula
716 2373 969 2425 coniectus,
990 2373 1050 2414 ad
1065 2373 1269 2424 remiges
1284 2372 1557 2425 propediem
1575 2373 1792 2425 ablegan—

158 2444 246 2484 dus
262 2450 347 2485 est.
374 2444 504 2495 Quae
527 2456 669 2496 quum
689 2444 737 2484 in
756 2445 1009 2485 multorum
1028 2444 1202 2485 ciuium
1229 2444 1398 2484 animis
1419 2450 1523 2484 rata
1542 2443 1794 2496 habentur,

158 2517 314 2556 uisum
344 2522 415 2556 est
441 2515 641 2556 fortasse
666 2515 819 2556 Deum
851 2514 957 2567 Opt.
988 2515 1114 2556 Max.
1145 2515 1469 2556 demonstrare
1496 2515 1647 2556 alieno
1669 2518 1793 2556 malo

157 2599 300 2637 quam
327 2586 486 2638 iniquo
516 2587 671 2627 animo
697 2586 818 2627 ferat
851 2587 1155 2627 detractores.
1192 2585 1288 2627 Nos
1319 2592 1446 2626 certe
1472 2585 1519 2627 in
1551 2599 1605 2627 ea
1633 2599 1796 2628 sumus

212 2746 220 2766 ¹
260 2747 517 2781 promulgatio.
534 2747 718 2774 Por-Ancus

209 2793 223 2811 ‘²
263 2794 550 2829 confessionibus
564 2795 764 2822 audiendis.
780 2794 828 2822 Id.
1178 2824 1180 2827 ,

209 2841 223 2860 ⁵
262 2850 362 2876 quam
382 2843 594 2869 accersitam
611 2850 674 2869 non
690 2843 783 2877 prius
799 2851 818 2870 a
833 2843 907 2870 loco
924 2843 1166 2877 poenitentium
1183 2842 1320 2869 dimisit.
1340 2840 1385 2867 [d.

209 2890 224 2910 ⁴
263 2897 494 2918 occa-stuncm.
511 2890 559 2917 Id.
