2028 3328
220 142 291 180 496
735 141 961 179 LirrERAE
982 150 1339 184 QUADfflMEsrREs

221 250 340 279 mus
364 238 459 279 Nec
481 244 592 279 tunc
614 238 800 278 ociosus
820 237 905 277 fuit
926 236 975 278 Ρ.
998 236 1281 286 Anthonius,
1301 236 1383 276 sed
1404 241 1530 276 totos
1550 235 1648 275 dies
1670 247 1856 287 quoque

220 309 468 361 insumpsit
491 308 734 350 audiendis
756 308 1126 349 confessionibus
1148 307 1193 346 in
1210 306 1435 358 parochia
1453 305 1562 346 Di'ui
1578 306 1759 359 jacobi,
1782 318 1852 346 ro-

222 387 337 432 gatu
347 380 570 421 Pastoris.
588 380 689 432 Ego
701 380 916 432 quamuis
929 378 1316 429 occupatissimus
1333 384 1442 417 tunc
1459 377 1640 427 fuerim,
1657 389 1711 417 eo
1730 377 1854 429 quod

222 452 334 493 mihi
356 453 704 504 impraeparato
726 457 770 491 et
789 451 834 490 id
856 456 962 490 ante
990 449 1178 488 minime
1201 448 1457 498 suspicanti
1479 447 1853 488 concionandum

222 523 359 564 fuerit
377 523 596 575 quotidie,
621 529 716 562 non
737 528 895 562 tamen
917 520 1046 571 potui
1068 519 1177 570 quin
1200 518 1396 570 singulis
1417 519 1580 559 diebus
1607 519 1788 570 aliquos
1805 519 1853 559 in

222 593 515 635 confessione
538 593 698 633 audire
721 602 930 642 cogerer,
971 590 1137 642 quibus
1172 595 1363 640 propter
1398 590 1670 641 qualitatem
1697 601 1853 641 perso-

220 676 388 705 narum
405 670 485 704 aut
505 663 777 703 instantiam
799 669 843 702 et
864 666 1110 712 vrgentem
1130 660 1459 700 necessitatem
1480 670 1704 700 recusare
1729 659 1737 678 ¹
1760 672 1854 701 non

222 736 364 787 potui.
384 735 615 775 Dicebant
633 734 756 773 enim
774 732 913 783 aliqui
935 743 983 771 se
1002 743 1027 770 a
1050 730 1205 771 multis
1226 731 1361 770 annis
1382 742 1476 770 non
1493 731 1750 781 confessos,
1768 742 1857 772 nec

222 807 341 847 velle
364 806 497 846 alteri
518 816 658 857 quam
680 804 791 844 mihi
808 802 1033 850 confiteri,
1058 814 1116 841 ex
1137 801 1441 842 concionibus
1468 802 1629 842 forsan
1653 813 1854 842 commo-

223 879 271 918 ti.
296 878 367 918 Ex
387 877 459 917 his
481 882 634 916 autem
666 873 1038 915 confessionibus
1072 874 1269 913 multum
1304 884 1441 924 spero
1478 872 1657 913 fructus
1685 873 1732 913 in
1752 873 1857 913 hor-

222 960 354 989 reum
375 947 563 988 Domini
585 946 772 995 adferri,
794 956 898 984 cum
915 944 946 984 ii
963 944 1215 995 praecipue
1232 943 1291 983 ad
1309 955 1393 983 nos
1411 944 1617 993 veniant,
1639 944 1715 996 qui
1732 945 1858 984 serio

223 1019 493 1071 concipiunt
526 1018 652 1057 vitae
686 1016 1076 1065 emendationem,
1113 1015 1302 1066 plurimi
1330 1014 1413 1066 qm?
1438 1013 1452 1033 ²
1478 1027 1505 1055 a
1527 1015 1703 1065 decem,
1728 1016 1812 1067 qui
1829 1027 1856 1055 a

223 1091 406 1142 viginti,
439 1089 524 1141 qui
559 1101 585 1129 a
615 1088 822 1138 triginta,
855 1086 938 1138 qni
962 1086 1104 1126 etiam
1139 1098 1166 1125 a
1198 1086 1512 1137 quadraginta
1548 1093 1627 1126 aut
1649 1087 1860 1138 pluribus

225 1162 359 1202 annis
398 1173 491 1201 non
530 1160 739 1200 fecerant
774 1159 1008 1209 integram
1043 1157 1401 1198 confessionem:
1439 1157 1531 1197 imo
1568 1159 1719 1198 maior
1746 1170 1857 1210 pars

222 1244 400 1283 eorum,
424 1232 501 1284 qui
522 1243 609 1271 nos
631 1229 874 1279 accedunt,
900 1235 979 1268 aut
1001 1240 1114 1280 prae
1134 1228 1420 1269 verecundia
1451 1235 1530 1269 aut
1560 1241 1672 1280 prae
1695 1241 1859 1270 crassa

223 1303 491 1355 ignorantia
523 1313 762 1353 nunquam
797 1300 1032 1350 integram
1067 1299 1330 1351 perfecerat
1366 1299 1723 1340 confessionem.
1756 1300 1856 1341 Plu-

222 1375 327 1415 rimi
348 1380 568 1414 nutantes
589 1373 634 1412 in
655 1371 759 1419 fide,
783 1382 866 1422 per
887 1370 1138 1410 conciones
1160 1377 1205 1410 et
1226 1370 1545 1410 confessiones
1563 1377 1671 1411 sunt
1693 1371 1857 1413 confir—

223 1446 352 1495 mati,
377 1445 520 1497 aliqui
542 1444 728 1484 omnino
751 1442 1025 1482 haeresibus
1053 1441 1241 1491 addicti,
1271 1441 1339 1482 sic
1367 1453 1449 1493 per
1477 1442 1730 1482 conciones
1751 1449 1860 1483 sunt

223 1516 457 1567 commoti,
478 1522 528 1556 vt
546 1516 703 1555 statim
720 1514 849 1554 finita
868 1513 1096 1553 concione
1113 1524 1206 1553 non
1223 1520 1463 1553 cessarent
1481 1513 1646 1564 donec,
1666 1504 1858 1565 peracta

223 1587 363 1628 alicui
379 1593 647 1627 nostrorum
666 1584 960 1625 confessione
975 1590 1020 1624 et
1037 1584 1250 1624 abiurata
1269 1584 1467 1634 haeresi,
1487 1584 1535 1624 in
1552 1591 1745 1625 sanctae
1763 1597 1856 1625 ma-

222 1658 308 1698 tris
330 1658 557 1698 ecclesiae
578 1656 811 1708 gremium
827 1656 1163 1706 reciperentur.
1183 1655 1307 1696 Inter
1324 1662 1539 1696 caeteros
1556 1655 1760 1708 quidam,
1780 1657 1860 1709 qui

225 1735 349 1770 totos
371 1728 636 1780 quindecim
659 1739 806 1768 annos
827 1727 981 1767 fuerat
997 1727 1044 1766 in
1066 1738 1121 1767 ea
1141 1726 1340 1776 haeresi,
1376 1733 1425 1767 vt
1452 1727 1756 1778 pertinaciter
1781 1739 1858 1768 ne·

221 1807 356 1852 garet
378 1800 423 1840 in
445 1799 742 1840 sanctissimo
765 1798 1092 1838 Eucharistiae
1113 1803 1410 1838 sacramento
1439 1809 1541 1838 esse
1569 1810 1735 1839 verum
1757 1810 1856 1839 cor-

222 1883 311 1923 pus
333 1871 521 1921 Christi,
546 1871 679 1910 nobis
701 1869 958 1919 confessus,
984 1868 1216 1909 haeresim
1233 1869 1481 1919 abiurauit‚
1505 1875 1549 1909 et
1571 1869 1861 1911 intellectum

222 1943 269 1983 in
291 1942 562 1994 obsequium
584 1941 688 1982 fidei
711 1941 973 1993 captiuam,
996 1940 1189 1980 firmiter
1214 1940 1415 1991 posthac
1443 1952 1492 1981 se
1514 1941 1706 1981 credere
1735 1941 1859 1981 dein-

221 2025 333 2064 ceps
354 2014 474 2053 velle
490 2012 703 2065 promisit
719 2011 938 2063 quicquid
956 2017 1122 2051 sancta
1138 2023 1333 2051 romana
1355 2012 1555 2052 ecclesia
1573 2011 1861 2052 credendum

222 2085 398 2135 statuit,
423 2091 467 2124 et
488 2096 593 2124 cum
616 2084 704 2124 hac
738 2082 826 2123 fide
861 2089 905 2123 et
940 2082 1279 2134 protestatione
1301 2089 1658 2123 sacrosanctum
1679 2082 1859 2123 Eucha-

222 2156 383 2196 ristiae
418 2163 768 2196 sacramentum
803 2161 1073 2194 reuerentes
1115 2153 1216 2205 ipso
1256 2153 1374 2193 festo
1414 2152 1628 2194 Paschae
1664 2154 1854 2205 recepit.

222 2227 423 2279 Quidam
443 2227 576 2276 alius,
601 2226 908 2266 concionibus
929 2231 1098 2275 motuS,
1121 2225 1296 2276 pluries
1313 2236 1340 2264 a
1356 2225 1490 2265 nobis
1509 2227 1708 2277 supplex
1727 2226 1861 2277 petiit

221 2299 269 2338 in
291 2297 662 2338 confessionibus
682 2296 695 2315 ⁵
735 2308 868 2336 suam
890 2295 1227 2336 conscientiam
1249 2295 1505 2345 declarare,
1530 2295 1654 2347 quod
1670 2296 1858 2337 tandem

222 2376 412 2421 propter
433 2368 768 2420 occupationes
802 2367 884 2407 vix
915 2367 1129 2407 obtinuit:
1167 2367 1246 2418 qui
1281 2378 1373 2407 non
1409 2368 1560 2407 solum
1584 2368 1861 2408 haeresibus

221 2441 368 2480 variis
390 2439 688 2488 adhaerebat,
712 2438 794 2479 sed
825 2438 941 2478 alios
969 2449 1153 2489 quoque
1174 2437 1440 2488 inducebat,
1472 2439 1566 2479 imo
1603 2449 1778 2489 magna
1798 2450 1861 2479 ex

220 2518 353 2562 parte
375 2521 518 2550 causa
544 2509 696 2549 fuerat
724 2516 768 2549 et
803 2509 1042 2549 consultor
1076 2508 1176 2548 eius
1210 2508 1432 2549 horrendi
1466 2508 1706 2560 facinoris,
1731 2508 1860 2561 quod

223 2581 297 2621 hic
318 2581 523 2622 Tornaci
541 2581 643 2632 ipso
665 2580 784 2620 festo
805 2579 1078 2620 Natiuitatis
1105 2579 1294 2619 Domini
1315 2579 1529 2631 proxime
1557 2581 1718 2632 elapso
1751 2591 1858 2620 con-

223 2652 418 2702 tigerat,
459 2650 680 2691 videlicet
710 2650 832 2702 quod
868 2651 1195 2690 conculcatum
1228 2649 1381 2690 fuerat
1421 2656 1518 2690 tam
1545 2650 1863 2702 impudenter

225 2722 418 2773 pedibus
439 2727 794 2762 sacrosanctum
828 2731 1000 2772 corpus
1035 2719 1224 2761 Christi:
1248 2720 1323 2761 hic
1353 2725 1451 2761 tam
1483 2721 1606 2762 serio
1627 2721 1760 2763 visus
1781 2727 1852 2761 est

281 2856 290 2875 ¹
330 2856 367 2883 id
383 2864 524 2890 negare.
541 2855 720 2883 Polancus.

279 2904 293 2922 ’ὲ
330 2911 477 2938 quorum
499 2902 726 2938 plurimi.1d.

279 2950 293 2970 ³
330 2951 429 2985 petiit
444 2952 482 2977 ut
495 2950 566 2977 sibi
579 2950 703 2977 liceret
717 2949 749 2976 in
765 2949 986 2979 confessione.
1000 2949 1049 2979 id.

1334 2883 1357 2900 0
