2028 3328
248 181 317 217 070
758 181 985 219 LITTERAE
1012 193 1369 226 QUADmMEsTREs

249 279 307 318 tri
328 278 384 318 de
404 279 630 330 religione
650 280 959 320 intercederet
980 279 1250 331 disputati03
1277 279 1358 319 sed
1379 280 1592 331 quamuis
1610 281 1734 331 quod
1755 282 1873 322 ueri-

249 357 320 389 tas
341 350 442 402 ipsa
464 351 724 401 postularet
752 350 1006 390 nudaretur
1028 363 1053 390 a
1082 350 1252 390 Nostro
1285 349 1438 400 Patre,
1470 355 1627 390 tamen
1655 352 1877 402 quoniam

248 422 516 461 induratum
537 427 606 461 est
636 433 717 461 cor
745 421 1020 470 Pharaonis,
1056 421 1354 471 acquiescere
1375 421 1527 461 minus
1555 422 1714 472 uoluit,
1749 430 1792 462 et
1813 423 1876 463 ui-

247 499 357 543 tam,
382 504 522 544 quam
535 492 693 532 diuina
706 493 1026 532 misericordia
1041 492 1240 531 retinere
1253 497 1424 542 posset,
1441 492 1699 543 pertinacia
1718 505 1802 534 sua
1815 494 1878 534 in-

245 564 427 604 felicem
447 570 490 604 et
511 564 733 603 miserum
753 564 967 604 amittere
988 563 1141 614 potius
1163 562 1307 603 iuuat:
1326 563 1625 604 nihilominus
1647 564 1704 603 ab
1726 564 1876 605 officio

248 636 418 676 fratres
439 647 531 675 non
549 635 880 683 discesserunt,
904 640 951 674 ut
974 634 1069 673 suis
1093 634 1385 674 orationibus
1407 634 1529 674 illius
1553 635 1737 675 animae
1754 636 1872 675 salu-

247 714 341 747 tem
362 706 679 757 implorarent:
704 706 784 745 sed
806 706 1057 754 sarcinam,
1088 705 1160 744 cui
1183 705 1375 745 alterius
1405 705 1586 745 humeri
1614 706 1874 755 subiacent,

247 777 338 818 tuis
359 777 591 829 quomodo
621 777 899 828 imponeres,
931 775 968 815 si
990 775 1195 826 pondere
1227 782 1454 826 grauatus
1475 788 1569 816 non
1590 777 1876 828 permiserit?

246 848 385 888 Faxit
419 860 531 888 uero
570 848 698 888 Deus
737 854 961 898 quantum
1001 830 1089 886 hoc
1130 848 1417 898 postulatum
1452 847 1604 888 fuerit.
1642 847 1874 898 Quorsum

248 919 383 959 haec?
404 919 463 959 Ut
486 919 762 969 intelligeret
784 917 837 957 R.
858 917 906 957 P.
931 917 982 957 Τ.
1008 929 1099 968 quo
1116 918 1208 958 sint
1230 918 1386 958 animo
1404 918 1560 958 affecti
1578 919 1876 970 (quamquam

247 991 294 1030 in
311 990 383 1030 his
405 990 483 1030 uix
505 996 690 1040 praeter
713 988 1007 1028 coniecturas
1024 988 1199 1040 aliquid
1216 989 1480 1041 conspicari
1501 990 1665 1041 possit>
1687 997 1736 1029 ut
1753 990 1877 1041 quod

247 1061 468 1112 placitum
490 1060 641 1108 fuerit,
666 1060 810 1111 possit
832 1059 1008 1099 eisdem
1029 1059 1287 1110 imponere.

327 1131 523 1172 Caetera
546 1131 609 1181 (ut
631 1130 742 1181 dixi>
765 1131 812 1170 in
832 1130 996 1170 eodem
1018 1136 1156 1182 statu,
1189 1131 1235 1171 in
1257 1142 1347 1182 quo
1370 1131 1604 1183 prioribus
1635 1133 1874 1172 mensibus

246 1210 394 1253 erant,
427 1208 715 1254 permanent,
740 1201 829 1241 nisi
852 1201 974 1253 quod
1003 1202 1250 1242 lectionem
1272 1202 1432 1243 Sancti
1456 1202 1587 1243 Pauli
1609 1215 1748 1255 quam
1769 1215 1873 1254 pro-

246 1280 348 1325 pter
368 1280 630 1325 temporum
652 1280 808 1313 aestus
839 1274 1123 1313 substulerat
1144 1273 1313 1314 Noster
1336 1274 1489 1325 Pater,
1514 1286 1660 1326 nuper
1682 1286 1874 1326 aggres-

247 1357 324 1385 sus
345 1345 497 1392 fuerit;
523 1357 581 1384 ex
602 1356 692 1396 qua
714 1356 808 1384 non
829 1356 997 1395 parum
1017 1344 1196 1385 fructus
1218 1345 1576 1397 iucunditasque
1605 1352 1673 1385 est
1696 1346 1875 1386 audito-

246 1417 388 1467 ribUS,
413 1427 608 1466 cumque
639 1415 851 1455 doctrina
883 1416 999 1456 adeo
1026 1416 1226 1456 dilucide
1255 1416 1301 1456 in
1324 1429 1484 1457 eorum
1512 1417 1680 1457 animis
1702 1417 1875 1457 insera-

245 1496 333 1537 tur,
357 1486 457 1526 fieri
477 1499 570 1526 non
591 1493 743 1538 potest
774 1487 892 1537 (mea
915 1487 1163 1537 sententia)
1192 1488 1303 1539 quin
1326 1499 1418 1527 non
1441 1482 1591 1527 minor
1612 1489 1714 1527 laus
1735 1489 1793 1528 sit
1817 1499 1875 1527 ex

246 1558 532 1598 auditoribus
555 1558 612 1597 ad
634 1569 864 1598 summam
894 1558 1172 1609 sapientiam
1202 1564 1503 1609 peruentura,
1535 1571 1673 1610 quam
1701 1558 1760 1598 ad
1793 1570 1873 1599 eos

246 1630 370 1680 ipsos
392 1628 566 1669 utilitas
587 1629 866 1681 peruenerit.
891 1629 1120 1681 Equidem
1142 1636 1252 1681 opto
1275 1637 1413 1682 atque
1436 1631 1646 1681 obsecro,
1671 1637 1719 1670 ut
1744 1637 1870 1681 opta-

245 1701 301 1740 tis
323 1706 366 1740 et
387 1701 602 1751 precibus
620 1712 669 1740 se
686 1701 913 1741 immensa
933 1701 1115 1741 bonitas
1133 1701 1188 1751 (si
1205 1701 1404 1751 libuerit)
1423 1713 1515 1741 non
1533 1702 1871 1742 inexorabilem

244 1771 419 1812 idcirco
440 1772 656 1812 exhibeat
679 1772 803 1824 quod
826 1772 912 1812 sim
933 1772 1168 1824 indignus,
1193 1773 1274 1813 sed
1295 1773 1553 1813 secundum
1574 1784 1707 1813 suam
1740 1773 1870 1812 mise-

245 1843 496 1883 ricordiam
518 1844 704 1895 operari
726 1844 958 1895 dignetur3
982 1856 1038 1884 ac
1060 1844 1119 1884 ad
1145 1844 1197 1884 T.
1222 1844 1274 1884 R.
1302 1844 1350 1884 P.
1384 1845 1581 1896 supplex
1609 1844 1799 1894 accedo,
1824 1849 1873 1883 ut

242 1915 417 1954 sanctis
438 1915 529 1954 tuis
551 1915 839 1955 orationibus
860 1916 994 1956 nobis
1015 1916 1125 1968 quid
1148 1916 1309 1956 auxilii
1326 1916 1465 1966 feras,
1487 1927 1685 1968 quarum
1700 1915 1874 1967 praesi-

242 1985 317 2026 dio
348 1997 441 2026 non
475 1997 642 2036 parum
678 1986 971 2037 confidimus,
1009 1994 1053 2027 et
1089 1999 1175 2027 nos
1213 1987 1414 2037 interim,
1447 1993 1496 2026 ut
1531 1988 1748 2038 solemus,
1787 1998 1872 2039 pro

243 2056 294 2096 T.
318 2055 373 2097 R.
398 2055 447 2097 Ρ.
472 2068 609 2097 orare
632 2058 810 2097 tamdiu
835 2069 927 2097 non
950 2058 1227 2098 desistemus
1249 2058 1470 2109 quamdiu
1487 2059 1682 2110 spritum
1704 2058 1875 2098 ducere

242 2127 538 2168 concedetur.
563 2127 698 2168 Vale.

322 2199 392 2239 Ex
414 2199 602 2240 ciuitate
624 2199 860 2251 Ferraria,
888 2201 936 2240 12
956 2201 1140 2241 kalend.
1167 2200 1384 2241 Octobris
1410 2201 1527 2241 1555.

322 2269 374 2310 T.
398 2270 451 2310 R.
475 2270 524 2310 P.
548 2271 768 2322 indignus
790 2272 835 2311 in
857 2272 937 2312 X.O
961 2283 1141 2322 seruuS,

1173 2414 1439 2455 AMBRosms
1472 2414 1760 2456 PULLICINUS.

323 2625 674 2677 Sztperscrz'sffio
710 2627 759 2666 in
793 2631 966 2678 quarta
994 2628 1202 2679 pagiua:
1235 2628 1333 2681 Jhs.
1368 2627 1469 2669 R.d0
1503 2629 1550 2669 in
1584 2628 1667 2669 X.0
1697 2627 1747 2668 P.
1785 2627 1872 2668 Ob-

244 2702 426 2735 serv.m0
448 2696 504 2736 D.
529 2696 711 2748 Ignatio
733 2697 927 2750 Loyola,
952 2698 1226 2751 Praeposito
1248 2700 1459 2750 generali
1480 2698 1727 2740 Societatis
1742 2699 1870 2752 Jesu,

325 2765 517 2807 Romae.

324 2836 433 2876 Alsa
455 2849 617 2879 mann:
643 2840 756 2879 1555.
780 2840 1015 2881 Ferraria.
1041 2841 1420 2893 Quadrimestres
1440 2841 1493 2882 20
1514 2841 1813 2893 Septembris
