2028 3328
827 145 907 182 AN.
940 144 1030 180 1:³55
1680 144 1751 180 007

195 245 245 285 Id
266 245 451 293 mirare,
486 244 638 292 Pater,
662 242 827 293 magis3
851 248 1077 292 quotquot
1099 240 1195 280 sere
1218 245 1554 279 conuertuntur
1586 240 1745 279 eodem

120 317 278 356 statim
307 328 397 366 quo
425 327 510 355 nos
545 315 659 355 alios
695 312 1003 353 conuertendi
1037 312 1239 361 flagrare
1268 310 1522 359 desiderio,
1556 311 1671 350 adeo
1701 317 1747 350 ut

121 387 333 427 conuicia
365 399 458 426 non
479 391 686 426 metuant
708 385 822 433 ulla,
847 383 986 423 modo
1008 394 1118 422 suos
1147 382 1371 422 adiuuare
1404 382 1593 433 possint.
1628 381 1746 431 Quid

89 493 92 497 .
122 458 247 498 miri?
268 456 388 497 Nam
411 457 559 497 uirtus
580 462 649 497 est
665 456 735 496 sui
756 454 987 495 diffusiua.

201 528 435 569 Antonius
458 531 467 550 ¹
489 534 688 568 uenatur
715 526 918 578 quotidie
939 525 1101 565 sedulo
1134 525 1386 569 animulas,
1417 536 1535 575 quas
1565 523 1751 564 Christo

121 598 399 647 lucrifaciat,
424 604 467 638 et
489 597 614 648 capit
634 597 841 649 quidem:
864 607 950 635 sua
971 595 1017 635 in
1040 594 1165 635 omni
1186 606 1236 634 re
1258 594 1500 645 diligentia
1522 606 1607 634 nos
1630 594 1753 634 aedi-

122 670 245 710 ficat:
271 680 430 709 rerum
450 680 640 709 suarum
662 669 727 708 ita
748 667 936 718 satagit,
962 672 1011 707 ut
1034 666 1203 717 uolupe
1224 666 1305 705 tibi
1326 666 1446 705 foret
1469 665 1645 711 audire3
1672 666 1750 705 sed

123 741 200 792 qui
221 740 392 780 isthinc
414 740 504 779 huc
527 738 818 779 aecurrerint
840 737 911 788 (ut
934 736 983 777 fit
1006 736 1262 786 interdum)
1287 737 1427 776 etiam
1451 736 1609 776 uidere
1631 743 1756 786 pote-

126 818 233 851 runt
256 822 305 850 re
328 811 443 862 ipsa.

206 882 474 922 Antoninus
495 886 522 929 9,
556 893 639 921 5611
673 892 873 932 coquum
898 885 1030 930 agat,
1051 890 1133 918 seu
1164 884 1543 930 praeceptorem,
1581 889 1663 917 seu
1692 877 1758 917 fa-

124 955 274 1003 brum,
313 965 394 993 seu
429 952 680 1001 medicum,
718 963 800 991 seu
830 951 1069 990 asinorum
1106 956 1330 1000 actorem,
1361 960 1546 1000 semper
1582 955 1651 989 est
1686 949 1759 988 sui

126 1025 401 1074 simillimus,
426 1024 514 1063 hoc
541 1031 624 1072 est,
649 1022 882 1074 perfectae
905 1021 1198 1062 obedientiae
1220 1021 1483 1070 studiosus,
1508 1026 1557 1060 ut
1585 1020 1757 1060 iumen-

127 1103 224 1135 tum
245 1095 376 1135 dicas
398 1105 499 1134 6556
521 1094 657 1145 quale
679 1093 863 1132 deceret
886 1092 1036 1132 omnis
1056 1091 1357 1143 perfectionis
1374 1091 1705 1142 professorem.

207 1166 257 1206 In
280 1172 477 1216 utraque
499 1176 610 1204 uero
632 1164 792 1204 schola
813 1163 1034 1203 sementis
1056 1162 1244 1214 quidem
1274 1163 1455 1212 habita,
1480 1162 1562 1202 sed
1594 1162 1760 1202 messis

128 1237 337 1277 nondum
359 1235 562 1276 aduenit.
585 1235 874 1289 Expectatur
896 1235 942 1274 in
964 1234 1188 1286 patientia
1215 1234 1296 1274 sed
1319 1234 1494 1285 optima
1522 1245 1617 1284 spe.
1645 1231 1761 1273 Sunt

135 1321 159 1348 e
192 1307 495 1357 doctioribus,
528 1306 605 1357 qui
634 1305 933 1357 Despauterii
967 1305 1167 1357 primam
1198 1305 1546 1356 secundamque
1580 1310 1765 1356 partem

133 1379 248 1419 satis
270 1378 413 1430 probe
435 1378 650 1427 calleant3
674 1377 755 1416 sed
775 1377 1101 1417 inexercitatio
1122 1376 1234 1417 facit
1255 1384 1304 1416 ut
1326 1388 1420 1416 non
1441 1375 1485 1416 id
1507 1381 1761 1427 praestent,

131 1450 253 1502 quod
273 1449 498 1499 nonnulli,
521 1448 673 1488 minus
693 1447 938 1488 foelicibus
959 1447 1276 1488 fundamentis
1293 1446 1455 1498 jactis,
1479 1458 1763 1498 exequeren-

131 1528 206 1561 tur
229 1520 378 1560 facile.

212 1591 308 1632 Nos
330 1591 600 1630 consolatur
628 1589 751 1641 quod
778 1589 870 1630 dici
898 1591 1016 1630 solet
1045 1590 1301 1631 iuuentutis
1333 1590 1679 1630 moderatorem
1709 1590 1764 1628 si-

133 1664 289 1703 milem
310 1662 564 1713 agricolae.
590 1660 746 1700 Prima
773 1658 1027 1712 graecismi
1054 1661 1317 1702 rudimenta
1346 1661 1579 1713 capimUS,
1603 1666 1766 1712 postea

135 1734 286 1785 magis
307 1733 430 1773 serio
452 1732 736 1783 graecaturi.
759 1730 991 1773 Numerus
1013 1734 1180 1774 horum
1200 1734 1322 1773 idem
1345 1740 1430 1782 est;
1454 1733 1536 1773 sed
1558 1743 1678 1772 unus
1695 1743 1768 1771 ac-

137 1805 289 1855 cessit,
314 1811 356 1845 et
379 1805 564 1856 quidem
587 1807 695 1846 olim
716 1806 765 1846 P.
790 1805 1026 1846 Desiderii
1047 1804 1060 1823 ⁵
1089 1805 1359 1856 discipulus.
1391 1803 1652 1844 Duodecim
1682 1803 1767 1843 ele-

137 1876 392 1916 mentarios
427 1877 723 1917 exercuimus
751 1878 843 1917 iam
870 1877 1028 1916 multis
1055 1874 1424 1916 hebdomadibus
1452 1875 1498 1915 in
1528 1875 1621 1925 his,
1651 1885 1772 1925 quae

136 1946 500 1998 Despauterium
518 1948 746 1988 audituris
759 1948 848 1988 sint
865 1959 1005 1999 quam
1018 1947 1301 1987 necessaria.
1322 1945 1372 1986 In
1390 1945 1600 1986 inferiori
1619 1946 1771 1985 classe

136 2018 268 2057 multi
287 2017 345 2058 ad
363 2017 638 2058 latinitatem
654 2024 1014 2070 praeparantur.
1035 2017 1083 2058 si
1101 2018 1256 2057 omnia
1275 2023 1589 2069 prosequutus
1603 2027 1772 2064 essem,

138 2099 256 2140 quae
291 2095 572 2138 occurrunt,
610 2090 817 2141 apertius
852 2089 1036 2130 uideres
1070 2100 1163 2129 non
1199 2089 1387 2128 omnino
1424 2099 1596 2128 uanam
1629 2087 1773 2127 fuisse

138 2170 285 2210 spem,
315 2171 454 2210 quarn
483 2160 574 2199 alio
608 2160 939 2212 quadrimestri
968 2159 1322 2199 nunciabamus.
1357 2158 1446 2200 Sed
1477 2158 1773 2210 superiorum

140 2230 271 2270 obliti
295 2230 353 2270 ad
375 2231 612 2270 anteriora
633 2231 739 2281 tuis,
762 2230 815 2271 R.
840 2231 908 2279 P„
932 2231 1038 2271 freti
1061 2230 1353 2270 orationibus
1370 2229 1774 2280 sanctissimisque

140 2300 400 2352 sacrificiiS,
423 2301 588 2352 quibus
609 2313 695 2342 nos
723 2302 951 2354 imprimis
978 2301 1386 2351 commendamUS,
1418 2306 1768 2341 conuertamur.

141 2371 277 2422 Vale,
299 2371 353 2412 R.
377 2371 426 2413 P.

223 2442 415 2494 Tyburi,
439 2454 498 2483 ex
517 2451 679 2484 nostro
702 2444 928 2496 Collegio,
956 2445 1057 2485 1555
1078 2443 1270 2486 Calend.
1293 2442 1594 2494 Septembris.

305 2513 378 2554 Ex
399 2515 726 2555 commissione
745 2514 795 2556 Ρ.
819 2515 1075 2571 Laurentii,

357 2585 711 2637 indignissimus
731 2586 1172 2638 ingratissimusque
1193 2585 1329 2636 filius,

1129 2728 1313 2769 PETRUs
1343 2727 1559 2769 Siamus.

200 2864 210 2885 ¹
253 2864 420 2892 Antonius
435 2864 475 2892 de
490 2863 637 2893 Robore.

200 2912 214 2931 2
251 2911 444 2940 Antoninus
458 2911 499 2939 de
514 2911 681 2939 Henricis.

201 2960 215 2979 ἴ»
251 2958 289 2987 Ρ.
306 2959 473 2987 Desiderii
488 2957 662 2987 Girardin.
