2028 3328
145 139 215 176 104
651 138 728 177 Lu
737 149 880 177 TERAE
907 147 1267 182 QUADli-:srnsss

140 237 206 277 ris
228 236 497 278 nauandam
517 236 734 287 contulit,
759 236 839 276 vbi
864 241 962 276 toto
992 236 1214 278 continuo
1234 246 1384 286 anno,
1413 245 1596 286 semper
1616 234 1786 284 semel„

142 309 214 349 bis
237 308 377 349 etiam
398 319 756 361 nonnunquam,
780 308 978 359 singulis
997 306 1303 348 hebdomadis
1322 306 1449 358 apud
1474 317 1561 346 nos
1581 310 1787 357 peccata,

142 380 392 432 confitenS,
416 380 686 433 frequenter
704 380 847 421 etiam
868 379 1237 429 communicans,
1257 389 1317 418 ac
1343 389 1430 417 nos
1452 388 1613 417 omnes
1640 376 1687 417 in
1709 388 1778 416 re-

144 452 284 503 liquis
305 452 443 493 valde
467 451 741 502 aedificans,
765 456 896 493 tanto
919 462 1025 492 cum
1044 451 1229 492 feruore
1249 456 1299 490 ut
1320 448 1608 500 reciperetur
1624 454 1789 499 postu*

146 523 285 575 lauit,
310 530 359 564 ut
379 524 569 564 tandem
589 522 823 564 admissus
844 522 918 563 sit.

228 594 361 635 Multi
381 600 626 646 praeterea
655 599 777 644 sunt,
807 593 886 645 qui
912 593 1034 635 intra
1061 593 1343 635 Societatem
1375 589 1520 642 recipi
1536 589 1788 630 vehemem

147 674 217 709 ter
236 673 419 720 optant,
443 672 487 706 et
508 666 618 706 hinc
640 665 700 706 ad
723 664 913 706 Patrem
930 664 1275 706 Prouincialem
1296 661 1502 714 ejusdem
1531 661 1600 703 rei
1625 660 1791 712 gratia.

152 738 530 791 proficiscuntur.
568 737 665 779 Nec
688 737 878 778 omnino
901 737 1060 778 dubito
1086 736 1212 788 quin,
1235 734 1274 775 si
1302 733 1493 775 liberior
1520 738 1703 785 pateret
1723 731 1788 771 ad*

150 816 364 851 nostram
385 808 670 850 Societatem
689 809 864 859 aditUS,
888 809 1034 849 multo
1055 809 1213 859 plures
1233 805 1354 856 fore,
1387 804 1466 857 qui
1486 803 1783 856 ingrederen-

150 888 239 923 tur.
271 881 449 922 Verum
470 887 566 922 tam
587 881 632 921 in
654 880 743 921 hoc
779 891 917 932 quam
939 879 986 920 in
1019 878 1212 931 reliquis
1238 876 1476 926 omnibus,
1505 888 1533 916 a
1563 874 1784 916 constitu-

150 953 355 994 tionibus
386 952 522 993 nobis
556 951 863 1004 praestitutus
894 951 1008 992 ordo
1044 954 1275 990 seruatur.
1314 948 1417 999 Qua
1450 958 1546 988 vna
1575 957 1625 986 re
1655 950 1795 986 certo-

149 1024 251 1065 fore
273 1024 548 1065 confidimus
567 1029 617 1064 ut
638 1023 856 1064 minimus
876 1022 952 1063 hic
972 1021 1143 1064 Christi
1159 1031 1279 1072 grex
1298 1030 1393 1060 non
1418 1018 1570 1058 solum
1600 1027 1784 1058 conser-

153 1101 304 1146 uetur‚
318 1106 484 1136 verum
509 1097 575 1144 (et
594 1095 641 1135 id
662 1093 785 1146 quod
806 1094 955 1135 solum
976 1104 1140 1133 omnes
1157 1089 1456 1142 exoptamus)
1480 1089 1540 1129 ad
1559 1086 1798 1139 majorem<

154 1166 314 1209 Diuini
352 1166 554 1208 nominis
587 1164 773 1207 laudem
803 1165 957 1216 aptior
990 1164 1037 1204 in
1073 1163 1172 1203 dies
1206 1161 1447 1203 efficiatur.
1480 1159 1657 1211 Quibus
1691 1164 1798 1198 tarn?

153 1238 330 1279 sanctis
366 1237 612 1278 desideriis
647 1247 895 1277 successus
929 1235 1105 1276 similes
1139 1233 1303 1285 largiri
1337 1233 1557 1284 dignetur
1591 1230 1798 1270 clemen*

154 1310 363 1351 tissimus
390 1309 637 1350 Dominus.
667 1308 835 1350 Amen.

236 1382 308 1422 Ex
329 1380 644 1431 Conimbrica,
667 1379 817 1431 pridie
833 1378 938 1420 Kal.
962 1376 1248 1430 Septembris
1269 1386 1392 1416 anno
1418 1374 1534 1414 1554.

234 1452 307 1493 Ex
327 1451 657 1492 commissione
678 1449 732 1491 R.
756 1449 807 1489 P.
828 1448 1002 1491 Leonis
1023 1448 1244 1499 indignus
1274 1445 1394 1486 filius
1416 1444 1464 1486 P.
1488 1444 1559 1495 T.,

997 1590 1286 1631 FRANCIscus
1314 1588 1574 1634 ANRIQUEZ.
