2028 3328
859 117 942 154 AN.
973 116 1064 154 1555
1702 119 1772 155 749

138 221 187 254 vt
232 215 320 254 illis
361 215 735 254 concionaretur.
776 212 1025 253 Caeterum
1066 210 1194 251 Deus
1234 219 1327 263 opt.
1379 224 1503 253 max.
1558 225 1641 253 sua
1692 215 1769 254 im-

138 297 297 325 mensa
321 285 643 325 misericordia
666 284 846 335 aperuit
869 295 1031 323 earum
1055 284 1237 331 oculos,
1262 296 1319 322 cx
1343 284 1508 334 quibus
1531 296 1636 324 cum
1659 286 1770 324 mul-

137 362 213 395 tae
235 356 506 406 lachrymae
529 355 862 403 dimanassent‚
888 365 1049 393 omnes
1071 354 1207 393 simul
1229 353 1334 392 inde
1357 354 1574 394 recedere
1596 356 1768 395 deside-

140 433 260 475 rant;
285 427 366 466 scd
396 425 862 477 oppignorationibus
894 431 937 464 et
966 423 1149 464 defectu
1181 424 1407 475 pecuniae
1435 427 1697 475 praesentis
1727 431 1771 466 et

139 498 489 548 oppugnatione
511 497 657 548 patris
687 508 741 536 ac
763 496 927 536 matris
956 495 1184 546 ipsarum,
1214 502 1263 534 ut
1291 501 1463 535 uocant
1491 496 1683 535 lenones
1714 509 1769 537 ac

138 570 268 607 lenas
295 580 425 615 suas,
456 567 756 618 praepeditae
787 573 915 617 sunt‘,
955 572 1241 617 quapropter
1279 565 1416 604 vnica
1452 567 1698 607 dumtaxat
1730 581 1771 608 e*

138 650 302 689 gressa
317 646 400 678 cst.
421 638 558 678 Pater
576 650 689 678 vero
708 645 867 677 noster
886 636 943 677 ad
957 649 1006 676 se
1024 642 1313 676 conuocatos
1330 636 1558 687 homines,
1575 639 1650 689 qui
1671 650 1771 689 pec-

137 709 278 749 candi
300 709 452 759 gratia
475 710 583 749 illuc
606 715 941 755 conuenerant,
966 714 1010 747 et
1032 720 1126 756 eos,
1151 707 1227 758 qui
1250 707 1453 746 audituri
1470 708 1664 747 verbum
1684 708 1771 749 Dei

138 782 247 820 illuc
271 781 658 828 conuolauerant,
690 779 883 820 adduxit
910 779 1296 831 pronuntiaturos
1323 790 1481 818 secum
1510 779 1772 820 doctrinam

136 851 445 891 christianam
468 851 513 890 in
535 852 759 902 templum
781 841 1051 901 maximum,
1072 850 1152 889 vbi
1173 849 1288 889 fusis
1305 850 1521 901 precibus
1539 850 1598 890 ad
1615 850 1771 891 Domi-

136 934 262 972 num,
301 929 344 962 et
380 923 436 961 ab
472 935 525 962 eo
562 922 707 973 petita
733 921 872 961 venia
902 928 1227 972 peccatorum,
1258 921 1592 972 propositaque
1621 933 1771 962 emen-

137 993 340 1044 datione,
379 993 551 1033 dimisit
586 1006 681 1033 eos.
710 992 929 1032 Proximo
960 1004 1072 1032 vero
1113 992 1186 1032 die
1214 993 1330 1032 alter
1365 998 1522 1031 noster
1551 993 1772 1033 sacerdos

138 1064 327 1105 easdem
350 1065 515 1114 adiuit,
540 1065 705 1116 quibus
733 1064 1038 1104 concionatus
1069 1070 1162 1114 est,
1193 1070 1237 1103 et
1265 1063 1530 1103 hominibus
1560 1064 1637 1115 qui
1670 1064 1773 1104 ade-

138 1142 259 1186 rant;
285 1136 536 1186 eduxitque
559 1136 689 1185 duas,
715 1135 915 1186 fecitque
950 1135 1152 1186 idipsum
1180 1135 1304 1186 quod
1331 1134 1470 1174 Pater
1498 1135 1627 1187 prius
1657 1135 1773 1176 fece-

137 1214 225 1247 rat.
259 1206 481 1258 Sequenti
510 1207 619 1246 item
651 1206 724 1246 die
755 1205 844 1246 duo
876 1206 1012 1246 etiam
1045 1217 1104 1245 ex
1131 1206 1303 1246 nostris
1334 1205 1522 1246 easdem
1553 1207 1771 1255 inuisere,

136 1281 254 1318 alter
288 1278 572 1327 mulieribus,
610 1278 727 1317 alter
762 1277 1027 1317 hominibus
1063 1278 1141 1328 qui
1177 1276 1394 1317 adessent
1430 1278 1768 1323 concionaturi;

136 1350 219 1390 sed
253 1361 347 1389 vna
375 1348 698 1389 tantummodo
724 1354 835 1388 tunc
863 1359 1056 1399 egressa
1084 1353 1178 1399 est3
1215 1354 1262 1388 at
1290 1348 1529 1399 homines,
1558 1349 1635 1401 qui
1668 1349 1771 1389 ade-

136 1427 258 1472 rant,
296 1432 455 1460 secum
490 1432 584 1459 vna
614 1420 804 1470 duxere,
837 1419 1231 1471 quemadmodum
1262 1430 1407 1471 supra
1441 1431 1773 1461 commemora-

135 1499 234 1532 tum
255 1498 338 1532 est.
379 1491 556 1542 Quarto
579 1497 734 1530 autem
755 1489 828 1530 die
850 1490 967 1530 alius
989 1490 1045 1530 de
1066 1490 1241 1530 nostris
1263 1490 1439 1531 eisdem
1462 1491 1774 1532 concionatus

138 1571 220 1604 est.
246 1563 426 1603 Verum
448 1569 558 1602 tunc
580 1573 662 1601 sex
685 1561 880 1601 eductae
902 1567 1024 1612 sunt,
1050 1567 1187 1612 atque
1204 1562 1294 1601 uiri
1316 1562 1422 1602 inde
1444 1563 1626 1614 remoti,
1646 1570 1695 1603 ut
1712 1563 1774 1603 di-

137 1643 264 1675 ctum
287 1640 370 1683 est,
395 1633 606 1684 patribus
628 1643 789 1672 earum
810 1632 856 1672 id
878 1633 1074 1672 multum
1096 1643 1237 1683 aegre
1259 1632 1515 1673 ferentibus
1537 1639 1676 1685 atque
1706 1646 1774 1674 re-

136 1706 465 1747 clamantibus.
493 1704 664 1755 Quinto
687 1704 876 1743 tandem
897 1704 970 1743 die
992 1715 1098 1743 cum
1120 1703 1423 1744 Praetoribus
1446 1705 1603 1744 curiae
1635 1706 1773 1756 signi-

137 1778 275 1818 ficata
298 1784 420 1817 esset
442 1783 628 1827 patrum
650 1775 836 1815 illarum
856 1775 1137 1825 resistentia,
1162 1787 1325 1815 eorum
1347 1776 1465 1815 alter
1486 1776 1673 1816 Patrem
1695 1789 1773 1817 no-

136 1857 285 1890 strum
308 1847 547 1888 admonuit
568 1852 632 1897 vt,
657 1846 697 1886 si
717 1847 856 1886 vellet
878 1846 924 1885 in
950 1847 1122 1898 templo
1151 1846 1355 1898 quodam
1386 1847 1453 1886 eis
1485 1848 1773 1898 concionari,

135 1933 185 1961 se
203 1921 443 1972 jussurum
466 1929 546 1958 eas
567 1929 621 1957 eo
643 1916 827 1963 adduci,
851 1923 902 1956 vt
923 1929 1178 1968 prauorum
1201 1923 1387 1969 patrum
1410 1919 1521 1969 iugo
1553 1927 1692 1970 atque
1721 1921 1774 1960 ti-

136 2005 264 2033 more
303 1990 571 2042 expeditae,
612 1989 754 2028 libere
793 1995 983 2038 possent
1023 1988 1184 2040 egredi
1223 2001 1548 2041 quaecumque
1590 2002 1616 2030 a
1666 1990 1768 2030 Deo

132 2072 228 2116 opt.
254 2076 378 2105 max.
403 2064 759 2115 inspirarentur.
782 2061 952 2102 Noster
973 2060 1112 2100 Pater
1134 2072 1249 2100 vero
1277 2062 1502 2112 templum
1534 2062 1645 2101 illud
1677 2061 1774 2103 adi-

135 2136 201 2176 uit
224 2136 623 2186 concionatusque
645 2140 714 2173 est
735 2138 779 2172 et
800 2132 1073 2172 mulieribus
1094 2131 1184 2171 illis
1207 2138 1251 2171 et
1273 2132 1481 2183 reliquae
1502 2133 1633 2184 vulgi
1663 2134 1772 2173 mul-

134 2207 335 2255 titudini,
361 2218 479 2258 quae
500 2205 659 2256 templi
681 2204 991 2256 capacitatem
1020 2203 1216 2243 multum
1248 2203 1524 2254 excedebat;
1548 2204 1629 2244 sed
1650 2205 1773 2245 inter

135 2277 511 2319 concionandum
533 2282 663 2316 tanta
685 2275 925 2315 hominum
945 2274 1097 2314 subito
1119 2274 1324 2314 excitata
1347 2282 1415 2314 est
1437 2275 1639 2326 deuotio,
1659 2276 1772 2317 Vtin

137 2351 409 2401 lachrymas
430 2359 485 2387 ac
509 2358 650 2386 voces
671 2350 1046 2398 prorumperent,
1070 2344 1298 2396 flexisque
1320 2345 1519 2396 genibus
1540 2354 1772 2399 quotquot

137 2421 350 2469 aderant,
387 2427 431 2459 et
467 2424 770 2469 peccatorum
803 2415 1177 2456 misericordiam
1208 2428 1235 2456 a
1262 2416 1362 2456 Deo
1394 2417 1700 2468 implorarent
1728 2426 1772 2460 et

134 2492 339 2543 gratiam
368 2489 654 2537 mulieribus,
687 2500 777 2539 qua
808 2488 954 2527 vitam
986 2487 1112 2527 illam
1149 2494 1402 2539 exuerent,
1442 2488 1769 2541 efflagitarent.

134 2563 347 2614 Quinque
360 2568 469 2602 tunc
487 2571 745 2600 conversae
763 2566 869 2599 sunt
885 2558 943 2598 ad
960 2558 1228 2610 Dominum3
1251 2559 1772 2612 sedillarumquaedam

133 2635 253 2674 inter
274 2633 408 2673 fletus
430 2633 532 2672 illos
553 2630 821 2671 exanimata
843 2636 927 2670 est.
954 2629 1015 2670 At
1037 2630 1235 2681 contigit
1257 2636 1368 2671 tunc
1388 2638 1439 2672 vt
1457 2634 1611 2684 puella
1633 2645 1771 2685 quae-

132 2705 240 2744 dam
262 2703 369 2744 dolo
391 2714 446 2743 eo
468 2702 671 2742 adducta
691 2709 742 2742 Vt
763 2701 1038 2742 concionem
1060 2701 1264 2752 audiret,
1289 2703 1422 2742 cuius
1442 2703 1647 2744 studium
1670 2711 1772 2745 erat

131 2787 183 2816 se
203 2781 351 2816 totam
373 2785 682 2825 componere,
708 2784 876 2814 ornare
898 2779 942 2813 et
962 2774 1085 2812 elata
1114 2773 1299 2813 ceruice
1321 2774 1561 2825 incedere;
1593 2775 1674 2815 sed
1705 2788 1771 2817 re-

133 2858 272 2887 uersa
294 2846 507 2896 domum,
530 2851 686 2885 vestes
713 2845 817 2885 illas
838 2845 1059 2896 pulchras
1080 2850 1223 2884 exuta
1253 2850 1298 2884 et
1329 2845 1686 2887 honestissimas
1706 2848 1772 2888 in-

133 2918 262 2968 duta,
287 2928 495 2957 sororem
518 2916 769 2968 quamdam
790 2916 1037 2956 monialem
1058 2916 1205 2956 adiuit
1233 2922 1283 2956 vt
1311 2916 1435 2968 apud
1463 2917 1591 2959 illam
1617 2930 1772 2960 mane-
