2028 3328
208 160 280 198 568
717 163 943 201 LITTERAE
971 175 1328 207 QUADRIMESTRES

932 614 1121 668 QDJX

281 848 329 885 P.
351 848 509 885 Petrus
530 848 754 892 Navarro‚

329 913 399 950 Ex
421 913 742 950 commissione
764 914 904 951 Patris
924 913 1074 950 Basilii
1093 915 1188 952 (seu
1210 913 1443 960 Alphonsi)
1463 913 1610 955 Avila.

374 980 495 1017 Patri
517 980 686 1026 Ignatio
707 980 760 1016 de
781 980 965 1026 Loyola.

424 1044 632 1089 Granata‚
654 1044 700 1081 29
721 1045 913 1091 Augusti
935 1045 1026 1081 1555
1048 1045 1071 1080 ¹.

970 1219 1068 1296 iiis

289 1397 562 1438 Reuerende
585 1397 835 1438 admodum
857 1398 903 1437 in
927 1397 1114 1437 Christo
1137 1397 1290 1438 Pater.

286 1467 477 1509 Summa
498 1469 610 1522 Jesu
633 1468 803 1509 Christi
828 1468 1085 1508 seruatoris
1105 1468 1256 1508 nostri
1275 1469 1429 1520 gratia
1459 1474 1503 1509 et
1525 1481 1620 1520 pax
1642 1469 1701 1510 sit
1722 1480 1839 1509 sem·

206 1551 290 1592 per
312 1540 357 1580 in
380 1539 571 1591 diesque
594 1545 777 1579 crescat
799 1540 845 1579 in
868 1539 1087 1579 cordibus
1109 1539 1296 1580 nostris.
1321 1539 1488 1580 Amen.

285 1611 322 1651 T
327 1623 401 1651 arn
431 1611 597 1661 ingens
624 1610 849 1662 gaudium
877 1610 1030 1650 attulit
1060 1610 1212 1651 Patris
1241 1611 1389 1651 nostri
1417 1611 1725 1652 Prouincialis
1747 1611 1761 1631 ²
1782 1612 1837 1652 si-

207 1683 301 1722 mul
322 1688 366 1722 et
386 1682 539 1722 Patris
561 1682 735 1732 Basilii,
761 1682 878 1722 alias
900 1682 1070 1722 Auilae
1092 1680 1120 1732 5,
1143 1682 1191 1722 in
1203 1682 1326 1722 hanc
1343 1682 1584 1722 ciuitatem
1605 1683 1838 1723 adventus

205 1753 310 1793 D.¹³0
331 1752 704 1804 Archiepiscopo
733 1751 760 1804 ⁴,
794 1759 839 1793 et
865 1753 1092 1793 ecclesiae
1123 1753 1332 1793 matricis
1362 1752 1576 1794 Dominis
1605 1760 1649 1794 et
1677 1754 1837 1794 Basili-

205 1836 288 1864 cae
308 1823 502 1876 Regiae,
527 1831 571 1864 et
592 1824 834 1864 Tendillae
858 1824 1115 1865 Comitibus
1143 1824 1157 1845 ⁵
1184 1831 1323 1876 atque
1353 1825 1576 1865 militibus
1606 1825 1784 1865 auratis
1805 1823 1836 1876 ⁶,

203 1896 495 1947 caeterisque
517 1896 634 1945 aliis,
658 1902 710 1936 vt
731 1907 789 1936 ex
810 1908 864 1935 eo
887 1895 1025 1936 facile
1046 1896 1373 1948 perspiciatur,
1407 1907 1547 1947 quam
1577 1897 1636 1936 sit
1658 1908 1837 1937 accom-

203 1966 391 2006 modata
421 1967 539 2007 haec
571 1967 754 2017 ciuitas,
789 1973 840 2006 vt
870 1967 918 2006 in
945 1979 1000 2006 ea
1028 1965 1240 2007 Societas
1270 1972 1394 2007 totos
1423 1967 1634 2007 intendat
1664 1978 1839 2007 neruos

205 2038 331 2077 circa
354 2049 423 2089 ea,
448 2038 495 2077 in
517 2029 682 2089 quibus
705 2038 954 2078 uniuersos
976 2038 1139 2077 iuuare
1160 2037 1323 2078 nititur
1343 2037 1390 2077 in
1410 2038 1498 2088 his,
1524 2050 1643 2090 quae
1665 2038 1725 2078 ad
1751 2038 1840 2078 Dei

209 2109 371 2160 optimi
392 2109 584 2149 maximi
606 2110 779 2149 cultum
802 2109 1121 2160 honoremque
1154 2114 1423 2160 expectant.
1446 2108 1524 2159 At,
1551 2109 1689 2149 huius
1711 2110 1838 2150 laeti-

205 2180 297 2220 tiae
319 2191 529 2220 summae
550 2180 685 2220 nobis
708 2180 932 2220 indicium
952 2179 1080 2220 fuere
1110 2179 1377 2231 frequentes
1409 2180 1468 2220 ad
1497 2179 1546 2219 P.
1571 2179 1837 2220 Prouincia-

206 2252 296 2291 lem
329 2252 585 2291 inuisiones
613 2251 804 2291 Domini
835 2263 1003 2302 nempe
1030 2251 1324 2303 inquisitoris
1355 2250 1671 2292 Corduuensis
1702 2251 1728 2302 ⁷,
1761 2253 1839 2303 qui

206 2328 316 2362 tunc
338 2323 455 2362 forte
477 2322 716 2363 Granatae
739 2323 918 2373 aderat,
942 2322 1079 2362 huius
1099 2321 1416 2373 Inquisitionis
1437 2321 1709 2362 inuisendae
1731 2333 1836 2373 gra-

260 2506 269 2525 ¹
310 2506 557 2540 Autographae
573 2506 697 2540 duplici
713 2506 804 2540 folio,
820 2513 874 2533 nn.
889 2505 941 2533 568
956 2509 989 2532 et
1003 2506 1065 2532 569.

259 2553 271 2570 '³
311 2553 347 2580 P.
361 2553 538 2580 Michaelis
554 2554 593 2580 de
609 2553 748 2580 Torres.

260 2600 272 2618 ⁵
312 2601 346 2628 Ρ.
369 2601 534 2634 Alphonsi
550 2601 665 2628 Avila.

260 2649 275 2667 s*
311 2648 413 2675 Petro
430 2647 616 2676 Guerrero.

262 2695 275 2714 5
313 2694 461 2722 Comites
476 2696 514 2722 de
530 2696 685 2725 Tendilla
702 2702 780 2724 tunc
798 2697 962 2731 temporis
978 2700 1077 2723 erant
1092 2695 1232 2730 Ignigus
1247 2696 1360 2730 Lopez
1379 2696 1418 2722 de
1436 2695 1607 2730 Mendoza‚
1629 2697 1732 2723 ctiam
1752 2695 1841 2723 Mar-

207 2742 284 2769 ehio
299 2743 338 2769 de
355 2742 538 2777 Mondejar.
555 2749 588 2771 et
604 2744 712 2772 Maria
728 2745 767 2771 de
785 2744 957 2771 Mendoza.
974 2744 1061 2771 Vide
1078 2743 1227 2770 PoLANm
1243 2743 1414 2777 CJ:»011.,t.
1437 2750 1484 2775 tv.
1501 2751 1578 2777 pag.
1593 2743 1657 2777 588,
1678 2746 1793 2770 annot.
1809 2743 1837 2769 1.

259 2788 274 2809 6
310 2789 359 2816 De
376 2790 427 2817 his
442 2791 615 2823 militibus.
632 2800 691 2819 seu
706 2793 829 2826 potius,
847 2797 883 2819 ut
900 2793 1001 2826 paulo
1019 2791 1160 2818 inferius
1175 2791 1312 2825 dieitur,
1333 2790 1502 2825 equitibus
1519 2791 1660 2824 auratis,
1677 2791 1735 2818 vel
1749 2791 1840 2825 equi-

209 2837 299 2863 tibus
319 2838 432 2864 aurati
448 2839 605 2872 calcaris,
623 2839 700 2866 vide
726 2839 849 2872 VILAR,
865 2838 1095 2866 Dz'ccz'onarz'o
1117 2838 1295 2870 historico,
1311 2837 1535 2871 genealdgico
1562 2846 1585 2874 y
1605 2838 1786 2866 ltera'ldz'co
1799 2838 1843 2864 de

208 2883 266 2910 las
281 2884 453 2918 familias
478 2887 624 2913 austres
643 2887 685 2914 de
708 2887 743 2913 lu
765 2887 979 2920 Alonarquicc
1003 2886 1198 2921 Espmtola,
1220 2890 1245 2913 t.
1265 2893 1288 2917 1,
1311 2893 1407 2920 pags.
1431 2885 1476 2919 54,
1499 2885 1543 2913 55;
1568 2886 1671 2914 etiam
1693 2885 1840 2916 Monam.

211 2930 317 2963 Dict„
332 2934 475 2960 verbum
491 2934 646 2968 espuelcr.

265 2978 276 2995 7
316 2978 499 3007 Licentiati
516 2980 639 3007 Villar.
656 2981 742 3008 Vide
758 2981 881 3009 Cartas
897 2983 939 3009 (Ie
955 2981 1456 3016 Sa1zlg1mc10,1.v,png.49‘2.
