2028 3328
186 130 256 167 374
700 132 928 170 LITTERAE
949 142 1304 175 QUADRIMESTRES

795 581 1130 637 CCCLXVI
1141 581 1204 634 II

258 811 481 849 Oliverius
504 811 743 848 Manareus

305 877 426 914 Patri
444 876 614 923 Ignatio
634 875 688 913 de
714 876 897 923 Loyola.

353 941 564 986 Lauret0‚
583 941 629 978 23
648 940 817 988 Aprilis
834 940 926 978 1555
947 940 971 975 ¹.

987 1076 1016 1122 †

268 1215 366 1255 Pax
384 1213 573 1255 Christi.

266 1286 408 1325 Molto
430 1284 533 1326 R.d0
565 1285 612 1325 in
633 1284 819 1325 Christo
840 1283 1006 1324 Padre.

265 1356 427 1408 Questi
449 1357 494 1397 di
511 1357 659 1396 siamo
680 1356 789 1396 stati
810 1367 892 1407 per
907 1355 1064 1406 gratia
1081 1355 1127 1395 di
1143 1355 1234 1396 Dio
1252 1355 1624 1407 occupattissimi
1641 1355 1689 1396 in
1705 1366 1818 1395 con-

183 1429 374 1469 fessioni
395 1435 438 1468 et
461 1428 608 1468 anche
644 1428 807 1468 siamo.
844 1427 993 1467 Penso
1028 1426 1272 1467 domenica
1307 1433 1499 1479 passata
1533 1427 1666 1467 siano
1702 1427 1814 1468 stati

189 1500 343 1552 quida
362 1502 388 1540 5
409 1512 434 1539 o
457 1499 481 1539 6
503 1500 628 1540 milia
664 1499 908 1551 pellegrini
943 1499 988 1538 di
1022 1498 1230 1549 Mantoa,
1269 1499 1514 1550 Cremona,
1553 1498 1746 1539 Verona
1771 1505 1816 1539 et

187 1572 260 1612 del
282 1577 523 1621 conterno,
547 1571 632 1611 che
654 1571 712 1610 da
732 1569 1050 1621 grandissima
1067 1569 1361 1611 edificatione
1383 1570 1461 1610 alli
1488 1569 1661 1621 devoti,
1693 1581 1815 1610 mas—

183 1643 297 1683 sime
318 1653 400 1693 per
421 1643 464 1681 lo
488 1642 687 1691 feruore,
707 1642 792 1681 che
809 1641 848 1681 si
865 1641 981 1681 uede
998 1641 1045 1681 in
1066 1642 1182 1689 lor03
1204 1641 1283 1693 qui
1298 1641 1337 1681 si
1352 1641 1490 1692 grida
1506 1640 1643 1693 Jesus
1662 1652 1752 1681 ma.
1781 1640 1810 1691 ²,

182 1713 259 1765 qui
293 1712 631 1763 misericordia,
669 1712 746 1764 qui
780 1713 819 1752 si
854 1712 1040 1763 piange,
1080 1712 1119 1752 si
1154 1711 1256 1752 dice
1284 1717 1328 1752 et
1357 1712 1396 1752 si
1423 1712 1625 1763 suspira3
1657 1711 1696 1752 O
1717 1723 1812 1751 ma-

181 1783 261 1823 dre
284 1783 324 1824 d’
347 1783 499 1824 Iddiol
524 1782 561 1823 O
594 1783 754 1823 madre
776 1783 818 1823 d’
857 1783 1019 1834 Iddio!;
1056 1783 1206 1834 questi
1241 1795 1301 1823 ua
1335 1783 1698 1834 ingenocchioni
1732 1794 1815 1834 per

183 1860 301 1895 tutta
319 1855 363 1894 13
381 1855 540 1895 chiesa
559 1866 652 1894 una
669 1855 810 1904 uolta‚
830 1854 969 1906 quelli
986 1854 1064 1905 piu
1084 1854 1208 1894 uolte
1225 1852 1253 1904 ⁵,
1275 1854 1425 1905 questi
1441 1853 1604 1894 bascia
1624 1854 1665 1893 le
1682 1865 1813 1893 mura

183 1926 228 1966 di
249 1925 414 1965 dentro
437 1932 481 1966 et
503 1926 549 1965 di
570 1925 690 1965 fuori
708 1925 825 1965 della
848 1937 958 1965 casa
982 1931 1138 1975 santa,
1164 1924 1303 1976 quelli
1338 1925 1377 1965 si
1404 1925 1609 1976 rallegra
1637 1924 1710 1964 del
1732 1924 1814 1964 mi-

182 1997 342 2037 racolo
362 1996 479 2037 fatto
501 1996 546 2036 in
568 1997 644 2047 lui,
669 1996 700 2036 li
721 1997 847 2048 quali
868 1996 1080 2036 miracoli
1115 1999 1213 2037 cosi
1248 2008 1380 2036 come
1396 1996 1456 2036 ho
1491 1995 1696 2036 tacciuto
1727 2007 1812 2047 per

183 2068 227 2108 10
244 2073 451 2119 passam,
472 2070 570 2108 cosi
588 2068 794 2108 anchora
811 2068 980 2118 taccio,
995 2073 1175 2108 eccetto
1190 2067 1266 2107 dui
1280 2067 1366 2107 che
1382 2067 1442 2107 ho
1459 2073 1644 2107 toccato
1662 2067 1816 2118 questi

180 2139 240 2189 di,
265 2138 350 2178 che
371 2142 584 2186 narraro,
608 2138 780 2189 perche
816 2150 867 2178 so
904 2138 988 2179 che
1022 2139 1087 2190 gli
1121 2141 1319 2178 nari-aro
1355 2150 1382 2178 a
1414 2138 1537 2178 colui
1567 2138 1653 2178 che
1674 2149 1732 2178 ne
1753 2138 1815 2177 ha

181 2210 289 2249 dato
310 2209 438 2249 molti
459 2220 543 2250 sua
566 2209 725 2249 diuina
748 2209 928 2250 Maesta
950 2215 994 2249 et
1015 2211 1059 2249 la
1079 2208 1420 2261 gloriosissima
1443 2208 1619 2249 madre.

261 2279 423 2331 Questi
445 2280 491 2320 di
513 2280 743 2332 adunque,
766 2280 867 2320 R.d0
893 2280 940 2320 in
961 2279 1114 2321 Cristo
1141 2279 1249 2331 ΒΓΕ,
1274 2279 1507 2320 confessai
1534 2290 1627 2320 una
1657 2278 1744 2319 che
1766 2278 1815 2318 fu

185 2351 344 2390 auanti
367 2351 588 2391 condotta
610 2350 686 2391 dal
707 2363 790 2391 suo
807 2352 976 2391 marito
999 2358 1043 2392 et
1066 2351 1142 2391 dal
1163 2361 1247 2391 suo
1269 2356 1473 2401 cognato
1494 2350 1542 2390 in
1563 2361 1626 2390 un
1653 2349 1812 2399 bosco,

179 2420 228 2461 fu
248 2428 476 2461 scannata
496 2421 555 2461 da
576 2423 691 2473 loro,
715 2428 759 2462 et
781 2422 978 2473 tagliata
999 2423 1043 2462 la
1064 2423 1188 2473 gola,
1213 2427 1257 2462 et
1283 2421 1481 2462 lasciata
1509 2421 1634 2461 nuda
1667 2431 1809 2460 senza

184 2501 328 2541 segno
350 2492 395 2531 di
419 2492 529 2543 uita;
560 2493 734 2544 passati
777 2493 822 2533 12
842 2493 1013 2544 giorni,
1051 2493 1091 2533 si
1125 2504 1257 2533 come
1291 2492 1368 2532 dal
1402 2504 1550 2532 sonno
1580 2492 1620 2532 si
1641 2492 1744 2532 leuo
1767 2492 1812 2531 la

183 2566 319 2611 testa,
344 2568 388 2602 et
408 2562 673 2603 finalmente
694 2569 813 2604 tutto
835 2564 865 2603 il
886 2576 1049 2615 corpo,
1073 2570 1118 2604 et
1140 2563 1323 2604 camino
1343 2564 1369 2603 5
1391 2575 1416 2603 o
1437 2563 1462 2603 6
1491 2562 1633 2614 passi,
1656 2562 1734 2614 poi
1757 2562 1815 2602 ri-

185 2635 338 2683 casco,
362 2633 440 2684 poi
461 2634 497 2673 si
520 2634 682 2684 rilevo,
715 2641 759 2674 et
780 2635 856 2686 poi
878 2641 1010 2675 tanto
1032 2647 1164 2675 come
1190 2635 1341 2686 prima
1377 2634 1576 2684 camino,
1615 2638 1660 2674 et
1694 2633 1812 2673 rica-

238 2790 247 2809 ¹
288 2790 536 2826 Apographum
552 2794 650 2820 unico
665 2793 754 2828 solio,
772 2802 802 2821 n.
818 2794 880 2822 296.

235 2837 249 2856 2
285 2837 393 2871 Jesus,
410 2838 529 2873 Maria;
547 2839 665 2873 Giesa,
679 2841 819 2869 Altaria?

235 2883 249 2903 ³
287 2884 357 2912 Mos
371 2886 424 2913 hic
439 2886 534 2914 flexis
550 2888 690 2921 genibus
704 2890 976 2924 perambulandi,
993 2897 1058 2917 non
1079 2889 1213 2924 quidem
1236 2889 1418 2916 ecclesiam
1439 2892 1560 2923 totam,
1587 2888 1646 2916 sed
1661 2888 1810 2915 exterio-

180 2939 254 2959 rem
269 2936 403 2966 partem
419 2933 551 2961 Sacrae
566 2934 714 2969 Domus,
728 2941 931 2970 perseverat
946 2938 1058 2965 adhuc
1073 2937 1107 2965 in
1121 2936 1322 2964 Lauretana
1336 2936 1492 2964 basilica.
