2028 3328
197 173 268 211 522
710 172 937 209 LITTERAE
957 180 1316 214 QUADRIMESTRES

198 268 515 307 enderezados
538 266 596 319 [a]
620 268 756 318 aquei
785 265 947 316 Senos,
971 269 998 305 a
1029 266 1167 316 quien
1188 265 1297 304 todo
1321 276 1370 303 se
1392 263 1522 312 deue,
1551 262 1607 301 de
1629 262 1767 312 quien
1788 263 1828 302 61

197 338 362 378 mismo
387 345 527 386 tenga
552 350 635 389 por
656 338 763 377 bien
784 349 937 377 nunea
959 348 1044 376 nos
1065 342 1348 386 apartemos.
1373 333 1539 373 Amen.

275 407 346 448 De
368 408 583 449 Cordoua
605 421 636 460 y
657 408 713 448 de
733 408 871 461 Junio
896 408 957 455 17,
981 411 1072 446 ano
1100 406 1213 445 1555.

275 479 387 519 Esta
411 492 459 519 se
482 480 589 519 auia
612 479 667 519 de
688 479 865 518 embiar
886 478 1114 530 principio
1137 476 1192 516 de
1225 475 1380 526 May03
1413 487 1497 526 por
1527 473 1748 514 descuido
1776 484 1826 512 se

195 552 255 592 ha
278 552 498 600 dilatado,
522 554 547 590 o
569 562 628 590 no
650 554 699 590 56
721 551 760 590 51
782 562 866 601 por
888 561 948 589 no
970 549 1106 588 saber
1128 548 1168 587 61
1189 547 1363 598 tiempo
1390 545 1416 586 ¹.

355 622 425 662 De
447 622 505 662 V.
529 622 582 662 R.
608 620 699 672 hijo
722 621 914 671 indigno
938 632 994 659 en
1016 620 1057 658 61
1078 618 1240 659 Senor.

513 693 603 733 Por
625 692 876 733 comission
898 691 970 731 del
992 690 1143 729 Padre
1165 689 1358 739 Doctor,

1195 834 1222 878 ἢ·
1245 831 1467 871 AZEUEDO
1489 832 1530 878 †.

271 1049 621 1101 Superscmptso
643 1049 691 1088 m
723 1051 896 1099 quarta
920 1046 1126 1097 pagina:
1156 1045 1268 1087 IHS.
1307 1045 1366 1086 A]
1399 1058 1510 1096 muy
1541 1043 1643 1084 R.<10
1671 1042 1824 1083 Padre

189 1129 379 1162 nuestro
402 1134 458 1160 en
480 1121 666 1161 Christo
687 1120 823 1172 Jesus
845 1120 886 1158 61
907 1118 955 1158 Ρ.
980 1117 1116 1158 Mtro.
1142 1118 1325 1168 Ignatio
1348 1116 1588 1167 Preposito
1621 1114 1824 1154 General

189 1195 245 1233 de
262 1194 305 1233 la
328 1193 585 1244 Compafiia
607 1191 661 1231 de
682 1191 832 1244 Jesus,
857 1202 913 1230 en
936 1189 1098 1230 Roma.

271 1264 381 1304 Alsa
409 1274 578 1303 mann:
618 1263 731 1302 1555.
765 1261 997 1302 Cordoua.
1033 1259 1379 1311 Quadrimestri
1404 1257 1450 1297 di
1474 1257 1520 1296 17
1542 1256 1587 1296 di
1618 1256 1821 1307 Giugno.

188 1335 245 1375 Et
268 1335 355 1375 An.
382 1335 435 1385 Q.
461 1333 505 1374 S.

268 1407 430 1445 Manet
452 1405 711 1455 vesll'gz'lmz
733 1403 893 1455 sigilla·
910 1407 952 1443 et
974 1413 1105 1442 cerae
1125 1402 1313 1442 rubrae.

368 1848 646 1875 praecedentium
663 1848 779 1875 Patris
794 1848 887 1874 Petri
903 1847 942 1873 de
958 1847 1121 1874 Azex-edo
1138 1847 1332 1874 litterarum
1348 1844 1457 1872 latina
1472 1843 1584 1870 versio
1599 1842 1625 1869 ‘—'.

990 1990 1011 2023 †

956 2025 1054 2067 IHS

481 2187 748 2227 Admodum
768 2186 869 2227 R.de
896 2185 1035 2227 Pater
1056 2191 1215 2226 noster
1237 2185 1285 2224 in
1306 2183 1511 2224 Christo.

261 2258 360 2298 Pax
377 2259 550 2299 Christi
571 2264 657 2298 ete.

259 2329 560 2369 Paucissimis
582 2329 927 2370 elaborabimus
950 2339 1127 2378 eorum,
1152 2339 1271 2378 quae
1293 2326 1369 2366 1116
1400 2331 1644 2376 geruntur,
1669 2323 1813 2363 ratio—

181 2411 286 2439 nem
308 2400 517 2451 reddere,
541 2406 638 2440 tum
659 2412 716 2440 ne
737 2411 910 2451 graues
927 2411 983 2440 ac
1002 2399 1150 2439 serias
1168 2397 1516 2449 occupationes,
1540 2406 1658 2447 quas
1674 2394 1814 2434 isthic

180 2482 273 2510 non
294 2471 454 2511 deesse
477 2471 695 2520 arbitror,
714 2471 1077 2522 interpellemus,
1097 2481 1204 2510 611111
1227 2468 1349 2520 quod
1364 2468 1509 2508 multa
1526 2479 1584 2506 ex
1602 2466 1673 2516 iis,
1693 2476 1813 2516 quae

183 2540 334 2581 denuo
356 2542 602 2582 scribenda
633 2554 682 2582 se
704 2542 920 2591 offerunt,
954 2553 1036 2593 per
1072 2541 1440 2593 quadrimestres
1468 2538 1585 2578 alias
1616 2536 1814 2588 repetita

183 2618 321 2663 atque
343 2612 517 2663 scripta
538 2613 699 2663 fusius,
725 2613 873 2653 obiter
894 2613 1033 2653 modo
1055 2616 1277 2663 poterunt
1299 2609 1528 2650 enarrari.

260 2682 369 2734 Jesu
393 2684 539 2724 nostri
560 2685 863 2735 benignitate,
887 2684 966 2736 qui
982 2683 1150 2735 pusillo
1172 2682 1282 2722 111116
1310 2692 1395 2722 5110
1417 2680 1553 2732 gregi
1573 2689 1814 2729 nunquam

181 2752 340 2793 fauere
363 2754 558 2805 desistit,
581 2755 628 2794 in
650 2755 748 2795 dies
780 2754 840 2795 ad
867 2754 1214 2795 confessionem
1243 2758 1288 2793 et
1310 2762 1496 2792 sacram
1529 2748 1814 2790 communio-

235 2936 243 2954 ¹
286 2935 377 2963 Haec
393 2941 468 2970 post
484 2937 649 2970 scriptam
666 2938 849 2971 epistolam
864 2937 995 2965 inserta
1010 2937 1182 2966 videntur.

234 2983 247 3001 ²2
284 2984 547 3018 Autographum
569 2984 600 3010 in
617 2985 697 3011 folio
713 2985 847 3018 duplici,
865 2993 894 3012 n.
909 2985 973 3013 5⁴19.
