<?xml version="1.0" encoding="UTF-8"?>
<!DOCTYPE html PUBLIC "-//W3C//DTD XHTML 1.0 Transitional//EN"
    "http://www.w3.org/TR/xhtml1/DTD/xhtml1-transitional.dtd">
<html xmlns="http://www.w3.org/1999/xhtml" xml:lang="en" lang="en">
 <head>
  <title>
</title>
<meta http-equiv="Content-Type" content="text/html;charset=utf-8" />
  <meta name='ocr-system' content='tesseract 3.04.00' />
  <meta name='ocr-capabilities' content='ocr_page ocr_carea ocr_par ocr_line ocrx_word'/>
</head>
<body>
  <div class='ocr_page' id='page_1' title='image "./litteraequadrime1503lain_0723.png"; bbox 0 0 2028 3328; ppageno 0'>
   <div class='ocr_carea' id='block_1_1' title="bbox 816 149 1734 198">
    <p class='ocr_par' dir='ltr' id='par_1_1' title="bbox 816 149 1734 198">
     <span class='ocr_line' id='line_1_1' title="bbox 816 149 1734 198; baseline 0.003 -12"><span class='ocrx_word' id='word_1_1' title='bbox 816 149 899 186; x_wconf 89' lang='lat' dir='ltr'>AN.</span> <span class='ocrx_word' id='word_1_2' title='bbox 930 149 1022 198; x_wconf 80' lang='grc'>1555</span> <span class='ocrx_word' id='word_1_3' title='bbox 1664 153 1734 189; x_wconf 87' lang='lat'>717</span> 
     </span>
    </p>
   </div>
   <div class='ocr_carea' id='block_1_2' title="bbox 90 244 1734 1292">
    <p class='ocr_par' dir='ltr' id='par_1_2' title="bbox 90 244 1732 508">
     <span class='ocr_line' id='line_1_2' title="bbox 90 244 1732 297; baseline 0.002 -12"><span class='ocrx_word' id='word_1_4' title='bbox 90 252 175 295; x_wconf 88' lang='lat' dir='ltr'>est,</span> <span class='ocrx_word' id='word_1_5' title='bbox 199 252 241 285; x_wconf 87' lang='lat' dir='ltr'>et</span> <span class='ocrx_word' id='word_1_6' title='bbox 263 256 436 296; x_wconf 74' lang='lat' dir='ltr'>graece</span> <span class='ocrx_word' id='word_1_7' title='bbox 458 251 501 285; x_wconf 91' lang='lat' dir='ltr'>et</span> <span class='ocrx_word' id='word_1_8' title='bbox 523 245 664 285; x_wconf 89' lang='lat' dir='ltr'>latine</span> <span class='ocrx_word' id='word_1_9' title='bbox 686 244 959 295; x_wconf 83' lang='lat' dir='ltr'>compositis</span> <span class='ocrx_word' id='word_1_10' title='bbox 981 245 1351 295; x_wconf 77' lang='lat' dir='ltr'>epigrammatis.</span> <span class='ocrx_word' id='word_1_11' title='bbox 1375 246 1474 297; x_wconf 82' lang='lat' dir='ltr'>Quo</span> <span class='ocrx_word' id='word_1_12' title='bbox 1498 248 1639 288; x_wconf 85' lang='lat' dir='ltr'>etiam</span> <span class='ocrx_word' id='word_1_13' title='bbox 1658 248 1732 289; x_wconf 92' lang='lat' dir='ltr'>die</span> 
     </span>
     <span class='ocr_line' id='line_1_3' title="bbox 90 315 1729 370; baseline 0.002 -14"><span class='ocrx_word' id='word_1_14' title='bbox 90 317 429 368; x_wconf 79' lang='lat' dir='ltr'>pronunciatae</span> <span class='ocrx_word' id='word_1_15' title='bbox 464 323 569 357; x_wconf 88' lang='lat' dir='ltr'>sunt</span> <span class='ocrx_word' id='word_1_16' title='bbox 605 316 985 357; x_wconf 75' lang='lat' dir='ltr'>declamationes.</span> <span class='ocrx_word' id='word_1_17' title='bbox 1023 315 1222 365; x_wconf 85' lang='lat' dir='ltr'>Thema,</span> <span class='ocrx_word' id='word_1_18' title='bbox 1250 318 1531 357; x_wconf 84' lang='lat' dir='ltr'>consultatio</span> <span class='ocrx_word' id='word_1_19' title='bbox 1558 317 1729 370; x_wconf 81' lang='lat' dir='ltr'>Dauid,</span> 
     </span>
     <span class='ocr_line' id='line_1_4' title="bbox 93 386 1731 439; baseline 0.002 -13"><span class='ocrx_word' id='word_1_20' title='bbox 93 386 203 437; x_wconf 90' lang='lat' dir='ltr'>quid</span> <span class='ocrx_word' id='word_1_21' title='bbox 220 386 275 426; x_wconf 93' lang='lat' dir='ltr'>de</span> <span class='ocrx_word' id='word_1_22' title='bbox 298 387 459 437; x_wconf 80' lang='lat' dir='ltr'>tribus,</span> <span class='ocrx_word' id='word_1_23' title='bbox 483 394 628 439; x_wconf 90' lang='lat' dir='ltr'>peste,</span> <span class='ocrx_word' id='word_1_24' title='bbox 652 387 773 427; x_wconf 85' lang='lat' dir='ltr'>fame</span> <span class='ocrx_word' id='word_1_25' title='bbox 795 393 935 438; x_wconf 85' lang='lat' dir='ltr'>atque</span> <span class='ocrx_word' id='word_1_26' title='bbox 956 387 1161 426; x_wconf 88' lang='lat' dir='ltr'>hostium</span> <span class='ocrx_word' id='word_1_27' title='bbox 1190 386 1302 437; x_wconf 83' lang='lat' dir='ltr'>fuga</span> <span class='ocrx_word' id='word_1_28' title='bbox 1325 388 1623 439; x_wconf 90' lang='lat' dir='ltr'>potissimum</span> <span class='ocrx_word' id='word_1_29' title='bbox 1652 390 1731 430; x_wconf 94' lang='lat' dir='ltr'>eli-</span> 
     </span>
     <span class='ocr_line' id='line_1_5' title="bbox 94 456 284 508; baseline 0 -11"><span class='ocrx_word' id='word_1_30' title='bbox 94 464 228 508; x_wconf 83' lang='lat' dir='ltr'>geret</span> <span class='ocrx_word' id='word_1_31' title='bbox 259 456 284 497; x_wconf 93' lang='lat'>¹.</span> 
     </span>
    </p>

    <p class='ocr_par' dir='ltr' id='par_1_3' title="bbox 91 528 1734 935">
     <span class='ocr_line' id='line_1_6' title="bbox 172 528 1734 581; baseline 0.002 -13"><span class='ocrx_word' id='word_1_32' title='bbox 172 528 310 568; x_wconf 86' lang='lat' dir='ltr'>Domi</span> <span class='ocrx_word' id='word_1_33' title='bbox 328 529 464 569; x_wconf 85' lang='lat' dir='ltr'>solita</span> <span class='ocrx_word' id='word_1_34' title='bbox 485 529 710 569; x_wconf 82' lang='lat' dir='ltr'>exercitia</span> <span class='ocrx_word' id='word_1_35' title='bbox 730 534 1023 579; x_wconf 82' lang='lat' dir='ltr'>exequuntur</span> <span class='ocrx_word' id='word_1_36' title='bbox 1045 539 1206 568; x_wconf 90' lang='lat' dir='ltr'>omnes</span> <span class='ocrx_word' id='word_1_37' title='bbox 1226 528 1472 579; x_wconf 81' lang='lat' dir='ltr'>diligenter</span> <span class='ocrx_word' id='word_1_38' title='bbox 1503 536 1640 581; x_wconf 88' lang='lat' dir='ltr'>atque</span> <span class='ocrx_word' id='word_1_39' title='bbox 1659 531 1734 571; x_wconf 90' lang='lat' dir='ltr'>ob-</span> 
     </span>
     <span class='ocr_line' id='line_1_7' title="bbox 92 599 1728 651; baseline 0.002 -13"><span class='ocrx_word' id='word_1_40' title='bbox 92 599 340 639; x_wconf 86' lang='lat' dir='ltr'>seruandis</span> <span class='ocrx_word' id='word_1_41' title='bbox 359 600 532 650; x_wconf 83' lang='lat' dir='ltr'>regulis</span> <span class='ocrx_word' id='word_1_42' title='bbox 554 599 741 640; x_wconf 87' lang='lat' dir='ltr'>student</span> <span class='ocrx_word' id='word_1_43' title='bbox 759 599 1023 651; x_wconf 80' lang='lat' dir='ltr'>praecipue.</span> <span class='ocrx_word' id='word_1_44' title='bbox 1044 599 1100 639; x_wconf 89' lang='lat' dir='ltr'>Et</span> <span class='ocrx_word' id='word_1_45' title='bbox 1122 605 1172 639; x_wconf 86' lang='lat' dir='ltr'>vt</span> <span class='ocrx_word' id='word_1_46' title='bbox 1194 611 1248 639; x_wconf 92' lang='lat' dir='ltr'>eo</span> <span class='ocrx_word' id='word_1_47' title='bbox 1271 611 1364 640; x_wconf 86' lang='lat' dir='ltr'>vno</span> <span class='ocrx_word' id='word_1_48' title='bbox 1382 599 1520 640; x_wconf 87' lang='lat' dir='ltr'>finem</span> <span class='ocrx_word' id='word_1_49' title='bbox 1539 600 1728 651; x_wconf 81' lang='lat' dir='ltr'>faciam,</span> 
     </span>
     <span class='ocr_line' id='line_1_8' title="bbox 92 669 1727 722; baseline 0.002 -12"><span class='ocrx_word' id='word_1_50' title='bbox 92 670 218 721; x_wconf 88' lang='lat' dir='ltr'>quod</span> <span class='ocrx_word' id='word_1_51' title='bbox 239 670 465 721; x_wconf 88' lang='lat' dir='ltr'>epistolae</span> <span class='ocrx_word' id='word_1_52' title='bbox 487 671 670 711; x_wconf 88' lang='lat' dir='ltr'>initium</span> <span class='ocrx_word' id='word_1_53' title='bbox 691 670 831 721; x_wconf 83' lang='lat' dir='ltr'>dedit,</span> <span class='ocrx_word' id='word_1_54' title='bbox 856 669 1022 710; x_wconf 89' lang='lat' dir='ltr'>Messis</span> <span class='ocrx_word' id='word_1_55' title='bbox 1041 671 1198 721; x_wconf 89' lang='lat' dir='ltr'>multa,</span> <span class='ocrx_word' id='word_1_56' title='bbox 1224 670 1428 721; x_wconf 88' lang='lat' dir='ltr'>operarii</span> <span class='ocrx_word' id='word_1_57' title='bbox 1450 672 1601 722; x_wconf 87' lang='lat' dir='ltr'>pauci.</span> <span class='ocrx_word' id='word_1_58' title='bbox 1626 672 1727 713; x_wconf 90' lang='lat' dir='ltr'>Mit-</span> 
     </span>
     <span class='ocr_line' id='line_1_9' title="bbox 91 740 1732 795; baseline 0.001 -14"><span class='ocrx_word' id='word_1_59' title='bbox 91 747 159 781; x_wconf 87' lang='lat' dir='ltr'>tat</span> <span class='ocrx_word' id='word_1_60' title='bbox 181 740 412 781; x_wconf 79' lang='lat' dir='ltr'>Dominus</span> <span class='ocrx_word' id='word_1_61' title='bbox 435 742 677 793; x_wconf 88' lang='lat' dir='ltr'>operarios</span> <span class='ocrx_word' id='word_1_62' title='bbox 700 754 782 794; x_wconf 88' lang='lat' dir='ltr'>per</span> <span class='ocrx_word' id='word_1_63' title='bbox 802 742 964 795; x_wconf 91' lang='lat' dir='ltr'>Jesum</span> <span class='ocrx_word' id='word_1_64' title='bbox 987 741 1239 791; x_wconf 79' lang='lat' dir='ltr'>Christum,</span> <span class='ocrx_word' id='word_1_65' title='bbox 1265 742 1343 793; x_wconf 90' lang='lat' dir='ltr'>qui</span> <span class='ocrx_word' id='word_1_66' title='bbox 1364 748 1408 782; x_wconf 89' lang='lat' dir='ltr'>te</span> <span class='ocrx_word' id='word_1_67' title='bbox 1430 743 1564 782; x_wconf 89' lang='lat' dir='ltr'>nobis</span> <span class='ocrx_word' id='word_1_68' title='bbox 1587 745 1732 784; x_wconf 86' lang='lat' dir='ltr'>omni-</span> 
     </span>
     <span class='ocr_line' id='line_1_10' title="bbox 92 811 1731 864; baseline 0.002 -13"><span class='ocrx_word' id='word_1_69' title='bbox 92 811 179 851; x_wconf 90' lang='lat' dir='ltr'>bus</span> <span class='ocrx_word' id='word_1_70' title='bbox 202 819 357 852; x_wconf 88' lang='lat' dir='ltr'>seruet</span> <span class='ocrx_word' id='word_1_71' title='bbox 378 812 674 863; x_wconf 85' lang='lat' dir='ltr'>ineolumem,</span> <span class='ocrx_word' id='word_1_72' title='bbox 699 818 837 864; x_wconf 86' lang='lat' dir='ltr'>atque</span> <span class='ocrx_word' id='word_1_73' title='bbox 859 812 986 852; x_wconf 87' lang='lat' dir='ltr'>obita</span> <span class='ocrx_word' id='word_1_74' title='bbox 1008 812 1173 852; x_wconf 87' lang='lat' dir='ltr'>militia</span> <span class='ocrx_word' id='word_1_75' title='bbox 1197 812 1350 853; x_wconf 86' lang='lat' dir='ltr'>ciuem</span> <span class='ocrx_word' id='word_1_76' title='bbox 1368 813 1511 854; x_wconf 84' lang='lat' dir='ltr'>faciat</span> <span class='ocrx_word' id='word_1_77' title='bbox 1533 814 1579 854; x_wconf 89' lang='lat' dir='ltr'>in</span> <span class='ocrx_word' id='word_1_78' title='bbox 1597 815 1731 855; x_wconf 84' lang='lat' dir='ltr'>beata</span> 
     </span>
     <span class='ocr_line' id='line_1_11' title="bbox 93 881 471 935; baseline 0.003 -13"><span class='ocrx_word' id='word_1_79' title='bbox 93 882 172 922; x_wconf 90' lang='lat' dir='ltr'>illa</span> <span class='ocrx_word' id='word_1_80' title='bbox 194 881 471 935; x_wconf 80' lang='lat' dir='ltr'>Jerusalem.</span> 
     </span>
    </p>

    <p class='ocr_par' dir='ltr' id='par_1_4' title="bbox 91 952 1733 1148">
     <span class='ocr_line' id='line_1_12' title="bbox 174 952 1733 1006; baseline 0.003 -13"><span class='ocrx_word' id='word_1_81' title='bbox 174 952 339 993; x_wconf 85' lang='lat' dir='ltr'>Patres</span> <span class='ocrx_word' id='word_1_82' title='bbox 361 960 404 994; x_wconf 92' lang='lat' dir='ltr'>et</span> <span class='ocrx_word' id='word_1_83' title='bbox 422 954 592 994; x_wconf 85' lang='lat' dir='ltr'>fratres</span> <span class='ocrx_word' id='word_1_84' title='bbox 609 954 746 995; x_wconf 90' lang='lat' dir='ltr'>huius</span> <span class='ocrx_word' id='word_1_85' title='bbox 761 954 955 1006; x_wconf 84' lang='lat' dir='ltr'>Collegii</span> <span class='ocrx_word' id='word_1_86' title='bbox 973 955 1063 995; x_wconf 89' lang='lat' dir='ltr'>tuis</span> <span class='ocrx_word' id='word_1_87' title='bbox 1080 955 1281 1006; x_wconf 88' lang='lat' dir='ltr'>petimus</span> <span class='ocrx_word' id='word_1_88' title='bbox 1299 955 1588 997; x_wconf 88' lang='lat' dir='ltr'>orationibus</span> <span class='ocrx_word' id='word_1_89' title='bbox 1604 957 1733 997; x_wconf 88' lang='lat' dir='ltr'>adiu-</span> 
     </span>
     <span class='ocr_line' id='line_1_13' title="bbox 91 1025 1731 1079; baseline 0.003 -15"><span class='ocrx_word' id='word_1_90' title='bbox 91 1025 214 1075; x_wconf 86' lang='lat' dir='ltr'>uari,</span> <span class='ocrx_word' id='word_1_91' title='bbox 237 1025 458 1076; x_wconf 87' lang='lat' dir='ltr'>priuatim</span> <span class='ocrx_word' id='word_1_92' title='bbox 480 1026 593 1076; x_wconf 88' lang='lat' dir='ltr'>ipse,</span> <span class='ocrx_word' id='word_1_93' title='bbox 618 1026 696 1077; x_wconf 88' lang='lat' dir='ltr'>qui</span> <span class='ocrx_word' id='word_1_94' title='bbox 712 1026 904 1078; x_wconf 81' lang='lat' dir='ltr'>reliquis</span> <span class='ocrx_word' id='word_1_95' title='bbox 927 1026 1078 1077; x_wconf 85' lang='lat' dir='ltr'>magis</span> <span class='ocrx_word' id='word_1_96' title='bbox 1100 1025 1289 1077; x_wconf 81' lang='lat' dir='ltr'>indigeo</span> <span class='ocrx_word' id='word_1_97' title='bbox 1312 1026 1502 1068; x_wconf 88' lang='lat' dir='ltr'>Domini</span> <span class='ocrx_word' id='word_1_98' title='bbox 1523 1028 1731 1079; x_wconf 81' lang='lat' dir='ltr'>benigni-</span> 
     </span>
     <span class='ocr_line' id='line_1_14' title="bbox 94 1097 959 1148; baseline 0 -13"><span class='ocrx_word' id='word_1_99' title='bbox 94 1101 207 1146; x_wconf 85' lang='lat' dir='ltr'>tate,</span> <span class='ocrx_word' id='word_1_100' title='bbox 232 1102 284 1136; x_wconf 87' lang='lat' dir='ltr'>vt</span> <span class='ocrx_word' id='word_1_101' title='bbox 305 1097 384 1147; x_wconf 89' lang='lat' dir='ltr'>qui</span> <span class='ocrx_word' id='word_1_102' title='bbox 405 1097 510 1148; x_wconf 88' lang='lat' dir='ltr'>plus</span> <span class='ocrx_word' id='word_1_103' title='bbox 530 1097 725 1148; x_wconf 89' lang='lat' dir='ltr'>reliquis</span> <span class='ocrx_word' id='word_1_104' title='bbox 747 1097 959 1137; x_wconf 87' lang='lat' dir='ltr'>debeam.</span> 
     </span>
    </p>

    <p class='ocr_par' dir='ltr' id='par_1_5' title="bbox 179 1165 1540 1222">
     <span class='ocr_line' id='line_1_15' title="bbox 179 1165 1540 1222; baseline 0.003 -15"><span class='ocrx_word' id='word_1_105' title='bbox 179 1166 353 1208; x_wconf 85' lang='lat' dir='ltr'>Datum</span> <span class='ocrx_word' id='word_1_106' title='bbox 375 1165 389 1185; x_wconf 81' lang='lat'><strong>²</strong></span> <span class='ocrx_word' id='word_1_107' title='bbox 410 1167 671 1219; x_wconf 85' lang='lat' dir='ltr'>Cordubae,</span> <span class='ocrx_word' id='word_1_108' title='bbox 695 1168 760 1208; x_wconf 83' lang='lat'>6.0</span> <span class='ocrx_word' id='word_1_109' title='bbox 781 1168 1005 1208; x_wconf 84' lang='lat' dir='ltr'>kalendas</span> <span class='ocrx_word' id='word_1_110' title='bbox 1027 1169 1241 1222; x_wconf 88' lang='lat' dir='ltr'>Januarii</span> <span class='ocrx_word' id='word_1_111' title='bbox 1262 1169 1400 1210; x_wconf 90' lang='lat' dir='ltr'>Anno</span> <span class='ocrx_word' id='word_1_112' title='bbox 1426 1169 1540 1211; x_wconf 83' lang='lat'>1555.</span> 
     </span>
    </p>

    <p class='ocr_par' dir='ltr' id='par_1_6' title="bbox 422 1238 1163 1292">
     <span class='ocr_line' id='line_1_16' title="bbox 422 1238 1163 1292; baseline -0.001 -13"><span class='ocrx_word' id='word_1_113' title='bbox 422 1238 601 1279; x_wconf 88' lang='lat' dir='ltr'>Inutilis</span> <span class='ocrx_word' id='word_1_114' title='bbox 622 1251 788 1280; x_wconf 82' lang='lat' dir='ltr'>servus</span> <span class='ocrx_word' id='word_1_115' title='bbox 812 1238 891 1292; x_wconf 88' lang='lat' dir='ltr'>[in]</span> <span class='ocrx_word' id='word_1_116' title='bbox 915 1239 1117 1280; x_wconf 90' lang='lat' dir='ltr'>Domino</span> <span class='ocrx_word' id='word_1_117' title='bbox 1135 1239 1163 1278; x_wconf 84' lang='lat'>³.</span> 
     </span>
    </p>
   </div>
   <div class='ocr_carea' id='block_1_3' title="bbox 1156 1381 1516 1435">
    <p class='ocr_par' dir='ltr' id='par_1_7' title="bbox 1156 1381 1516 1435">
     <span class='ocr_line' id='line_1_17' title="bbox 1156 1381 1516 1435; baseline 0.011 -13"><span class='ocrx_word' id='word_1_118' title='bbox 1156 1383 1184 1430; x_wconf 88' lang='lat'>†</span> <span class='ocrx_word' id='word_1_119' title='bbox 1212 1381 1454 1425; x_wconf 82' lang='lat' dir='ltr'>AZEUEDO.</span> <span class='ocrx_word' id='word_1_120' title='bbox 1487 1391 1516 1435; x_wconf 92' lang='lat'><em>†</em></span> 
     </span>
    </p>
   </div>
   <div class='ocr_carea' id='block_1_4' title="bbox 174 1487 934 1557">
    <p class='ocr_par' dir='ltr' id='par_1_8' title="bbox 174 1487 934 1557">
     <span class='ocr_line' id='line_1_18' title="bbox 174 1487 934 1557; baseline 0.001 -30"><span class='ocrx_word' id='word_1_121' title='bbox 174 1487 273 1557; x_wconf 47' lang='lat' dir='ltr'>Pon</span> <span class='ocrx_word' id='word_1_122' title='bbox 287 1487 538 1528; x_wconf 85' lang='lat' dir='ltr'>comission</span> <span class='ocrx_word' id='word_1_123' title='bbox 560 1488 632 1528; x_wconf 89' lang='lat' dir='ltr'>del</span> <span class='ocrx_word' id='word_1_124' title='bbox 654 1487 725 1528; x_wconf 73' lang='lat' dir='ltr'>Re</span> <span class='ocrx_word' id='word_1_125' title='bbox 749 1487 934 1528; x_wconf 78' lang='lat' dir='ltr'>Zarate.</span> 
     </span>
    </p>
   </div>
   <div class='ocr_carea' id='block_1_5' title="bbox 93 1701 1731 2000">
    <p class='ocr_par' dir='ltr' id='par_1_9' title="bbox 93 1701 1731 1931">
     <span class='ocr_line' id='line_1_19' title="bbox 176 1701 1729 1790; baseline 0.003 -15"><span class='ocrx_word' id='word_1_126' title='bbox 176 1735 528 1788; x_wconf 73' lang='lat' dir='ltr'>Superscm&#39;ptio</span> <span class='ocrx_word' id='word_1_127' title='bbox 549 1737 599 1776; x_wconf 74' lang='lat' dir='ltr'>in</span> <span class='ocrx_word' id='word_1_128' title='bbox 627 1740 802 1788; x_wconf 73' lang='lat' dir='ltr'>quarta</span> <span class='ocrx_word' id='word_1_129' title='bbox 830 1737 1039 1788; x_wconf 67' lang='lat' dir='ltr'>pagina:</span> <span class='ocrx_word' id='word_1_130' title='bbox 1067 1701 1166 1790; x_wconf 66' lang='lat' dir='ltr'>Jffs.</span> <span class='ocrx_word' id='word_1_131' title='bbox 1189 1737 1250 1778; x_wconf 91' lang='lat' dir='ltr'>Al</span> <span class='ocrx_word' id='word_1_132' title='bbox 1286 1749 1398 1790; x_wconf 88' lang='lat' dir='ltr'>muy</span> <span class='ocrx_word' id='word_1_133' title='bbox 1432 1737 1534 1779; x_wconf 78' lang='lat' dir='ltr'>R.d⁰</span> <span class='ocrx_word' id='word_1_134' title='bbox 1561 1738 1632 1780; x_wconf 73' lang='lat' dir='ltr'>Re</span> <span class='ocrx_word' id='word_1_135' title='bbox 1672 1751 1729 1780; x_wconf 92' lang='lat' dir='ltr'>en</span> 
     </span>
     <span class='ocr_line' id='line_1_20' title="bbox 93 1806 1731 1860; baseline 0.003 -14"><span class='ocrx_word' id='word_1_136' title='bbox 93 1806 178 1846; x_wconf 83' lang='grc' dir='ltr'>Χ.ο</span> <span class='ocrx_word' id='word_1_137' title='bbox 195 1814 385 1847; x_wconf 85' lang='lat' dir='ltr'>nuestro</span> <span class='ocrx_word' id='word_1_138' title='bbox 407 1807 455 1847; x_wconf 88' lang='grc' dir='ltr'>Ρ.</span> <span class='ocrx_word' id='word_1_139' title='bbox 479 1808 660 1859; x_wconf 83' lang='lat' dir='ltr'>Ignatio</span> <span class='ocrx_word' id='word_1_140' title='bbox 683 1807 739 1848; x_wconf 91' lang='lat' dir='ltr'>de</span> <span class='ocrx_word' id='word_1_141' title='bbox 759 1807 954 1860; x_wconf 88' lang='lat' dir='ltr'>Loyola,</span> <span class='ocrx_word' id='word_1_142' title='bbox 978 1807 1221 1860; x_wconf 83' lang='lat' dir='ltr'>Preposito</span> <span class='ocrx_word' id='word_1_143' title='bbox 1243 1810 1435 1859; x_wconf 87' lang='lat' dir='ltr'>general</span> <span class='ocrx_word' id='word_1_144' title='bbox 1457 1809 1513 1850; x_wconf 92' lang='lat' dir='ltr'>de</span> <span class='ocrx_word' id='word_1_145' title='bbox 1533 1809 1578 1850; x_wconf 87' lang='lat' dir='ltr'>la</span> <span class='ocrx_word' id='word_1_146' title='bbox 1596 1810 1731 1851; x_wconf 91' lang='lat' dir='ltr'>Com-</span> 
     </span>
     <span class='ocr_line' id='line_1_21' title="bbox 93 1877 756 1931; baseline 0 -13"><span class='ocrx_word' id='word_1_147' title='bbox 93 1879 240 1928; x_wconf 79' lang='lat' dir='ltr'>pafiia</span> <span class='ocrx_word' id='word_1_148' title='bbox 262 1878 317 1918; x_wconf 88' lang='lat' dir='ltr'>de</span> <span class='ocrx_word' id='word_1_149' title='bbox 338 1879 490 1931; x_wconf 89' lang='lat' dir='ltr'>Jesus,</span> <span class='ocrx_word' id='word_1_150' title='bbox 515 1890 571 1918; x_wconf 83' lang='lat' dir='ltr'>en</span> <span class='ocrx_word' id='word_1_151' title='bbox 592 1877 756 1918; x_wconf 87' lang='lat' dir='ltr'>Roma.</span> 
     </span>
    </p>

    <p class='ocr_par' dir='ltr' id='par_1_10' title="bbox 176 1948 1654 2000">
     <span class='ocr_line' id='line_1_22' title="bbox 176 1948 1654 2000; baseline 0.003 -12"><span class='ocrx_word' id='word_1_152' title='bbox 176 1948 288 1989; x_wconf 77' lang='lat' dir='ltr'>Alia</span> <span class='ocrx_word' id='word_1_153' title='bbox 309 1960 472 1989; x_wconf 77' lang='lat' dir='ltr'>manu:</span> <span class='ocrx_word' id='word_1_154' title='bbox 496 1948 611 1989; x_wconf 81' lang='lat'>1556.</span> <span class='ocrx_word' id='word_1_155' title='bbox 636 1948 867 1990; x_wconf 87' lang='lat' dir='ltr'>Corduba.</span> <span class='ocrx_word' id='word_1_156' title='bbox 893 1948 1271 2000; x_wconf 86' lang='lat' dir='ltr'>Quadrimestres</span> <span class='ocrx_word' id='word_1_157' title='bbox 1291 1948 1343 1989; x_wconf 82' lang='lat'>27</span> <span class='ocrx_word' id='word_1_158' title='bbox 1363 1949 1654 1992; x_wconf 86' lang='lat' dir='ltr'>Decembris.</span> 
     </span>
    </p>
   </div>
   <div class='ocr_carea' id='block_1_6' title="bbox 94 2108 1735 2426">
    <p class='ocr_par' dir='ltr' id='par_1_11' title="bbox 94 2108 1734 2286">
     <span class='ocr_line' id='line_1_23' title="bbox 153 2108 1734 2144; baseline 0.003 -9"><span class='ocrx_word' id='word_1_159' title='bbox 153 2108 162 2128; x_wconf 85' lang='lat'>¹</span> <span class='ocrx_word' id='word_1_160' title='bbox 203 2108 353 2143; x_wconf 82' lang='lat' dir='ltr'>Cumque</span> <span class='ocrx_word' id='word_1_161' title='bbox 368 2110 519 2136; x_wconf 87' lang='lat' dir='ltr'>venisset</span> <span class='ocrx_word' id='word_1_162' title='bbox 535 2108 611 2136; x_wconf 88' lang='lat' dir='ltr'>Gad</span> <span class='ocrx_word' id='word_1_163' title='bbox 632 2109 674 2136; x_wconf 90' lang='lat' dir='ltr'>ad</span> <span class='ocrx_word' id='word_1_164' title='bbox 699 2108 824 2143; x_wconf 75' lang='lat' dir='ltr'>David,</span> <span class='ocrx_word' id='word_1_165' title='bbox 847 2109 1026 2136; x_wconf 85' lang='lat' dir='ltr'>nunciavit</span> <span class='ocrx_word' id='word_1_166' title='bbox 1045 2109 1075 2136; x_wconf 86' lang='lat' dir='ltr'>ei</span> <span class='ocrx_word' id='word_1_167' title='bbox 1100 2109 1225 2137; x_wconf 81' lang='lat' dir='ltr'>dicens:</span> <span class='ocrx_word' id='word_1_168' title='bbox 1250 2109 1320 2137; x_wconf 88' lang='lat' dir='ltr'>Aut</span> <span class='ocrx_word' id='word_1_169' title='bbox 1342 2113 1474 2144; x_wconf 82' lang='lat' dir='ltr'>septem</span> <span class='ocrx_word' id='word_1_170' title='bbox 1496 2111 1594 2138; x_wconf 89' lang='lat' dir='ltr'>annis</span> <span class='ocrx_word' id='word_1_171' title='bbox 1617 2111 1734 2140; x_wconf 87' lang='lat' dir='ltr'>veniet</span> 
     </span>
     <span class='ocr_line' id='line_1_24' title="bbox 94 2156 1734 2193; baseline 0.002 -10"><span class='ocrx_word' id='word_1_172' title='bbox 94 2156 157 2183; x_wconf 86' lang='lat' dir='ltr'>tibi</span> <span class='ocrx_word' id='word_1_173' title='bbox 173 2156 282 2183; x_wconf 87' lang='lat' dir='ltr'>fames</span> <span class='ocrx_word' id='word_1_174' title='bbox 298 2157 330 2183; x_wconf 91' lang='lat' dir='ltr'>in</span> <span class='ocrx_word' id='word_1_175' title='bbox 346 2161 442 2183; x_wconf 82' lang='lat' dir='ltr'>terra</span> <span class='ocrx_word' id='word_1_176' title='bbox 458 2160 528 2183; x_wconf 83' lang='lat' dir='ltr'>tua:</span> <span class='ocrx_word' id='word_1_177' title='bbox 545 2160 604 2183; x_wconf 88' lang='lat' dir='ltr'>aut</span> <span class='ocrx_word' id='word_1_178' title='bbox 620 2157 730 2183; x_wconf 88' lang='lat' dir='ltr'>tribus</span> <span class='ocrx_word' id='word_1_179' title='bbox 752 2156 925 2183; x_wconf 83' lang='lat' dir='ltr'>mensibus</span> <span class='ocrx_word' id='word_1_180' title='bbox 945 2156 1058 2190; x_wconf 84' lang='lat' dir='ltr'>fugies</span> <span class='ocrx_word' id='word_1_181' title='bbox 1082 2157 1304 2184; x_wconf 83' lang='lat' dir='ltr'>adversarios</span> <span class='ocrx_word' id='word_1_182' title='bbox 1324 2161 1413 2189; x_wconf 78' lang='lat' dir='ltr'>tuos,</span> <span class='ocrx_word' id='word_1_183' title='bbox 1434 2161 1467 2185; x_wconf 85' lang='lat' dir='ltr'>et</span> <span class='ocrx_word' id='word_1_184' title='bbox 1490 2158 1538 2185; x_wconf 92' lang='lat' dir='ltr'>illi</span> <span class='ocrx_word' id='word_1_185' title='bbox 1561 2162 1595 2186; x_wconf 86' lang='lat' dir='ltr'>te</span> <span class='ocrx_word' id='word_1_186' title='bbox 1619 2166 1734 2193; x_wconf 85' lang='lat' dir='ltr'>perse-</span> 
     </span>
     <span class='ocr_line' id='line_1_25' title="bbox 96 2203 1734 2239; baseline 0.002 -9"><span class='ocrx_word' id='word_1_187' title='bbox 96 2207 252 2237; x_wconf 87' lang='lat' dir='ltr'>quentur:</span> <span class='ocrx_word' id='word_1_188' title='bbox 269 2207 327 2230; x_wconf 85' lang='lat' dir='ltr'>aut</span> <span class='ocrx_word' id='word_1_189' title='bbox 345 2207 438 2230; x_wconf 88' lang='lat' dir='ltr'>certe</span> <span class='ocrx_word' id='word_1_190' title='bbox 460 2203 571 2230; x_wconf 82' lang='lat' dir='ltr'>tribus</span> <span class='ocrx_word' id='word_1_191' title='bbox 593 2203 711 2230; x_wconf 88' lang='lat' dir='ltr'>diebus</span> <span class='ocrx_word' id='word_1_192' title='bbox 726 2203 791 2230; x_wconf 86' lang='lat' dir='ltr'>erit</span> <span class='ocrx_word' id='word_1_193' title='bbox 814 2203 1014 2237; x_wconf 84' lang='lat' dir='ltr'>pestilentia</span> <span class='ocrx_word' id='word_1_194' title='bbox 1039 2204 1072 2231; x_wconf 87' lang='lat' dir='ltr'>in</span> <span class='ocrx_word' id='word_1_195' title='bbox 1096 2207 1191 2231; x_wconf 90' lang='lat' dir='ltr'>terra</span> <span class='ocrx_word' id='word_1_196' title='bbox 1207 2208 1276 2231; x_wconf 91' lang='lat' dir='ltr'>tua.</span> <span class='ocrx_word' id='word_1_197' title='bbox 1298 2204 1393 2232; x_wconf 89' lang='lat' dir='ltr'>Nunc</span> <span class='ocrx_word' id='word_1_198' title='bbox 1418 2212 1500 2239; x_wconf 85' lang='lat' dir='ltr'>ergo</span> <span class='ocrx_word' id='word_1_199' title='bbox 1526 2206 1678 2234; x_wconf 82' lang='lat' dir='ltr'>delibera</span> <span class='ocrx_word' id='word_1_200' title='bbox 1699 2211 1734 2234; x_wconf 83' lang='lat' dir='ltr'>et</span> 
     </span>
     <span class='ocr_line' id='line_1_26' title="bbox 96 2250 1393 2286; baseline 0.002 -9"><span class='ocrx_word' id='word_1_201' title='bbox 96 2251 174 2278; x_wconf 78' lang='lat' dir='ltr'>vide</span> <span class='ocrx_word' id='word_1_202' title='bbox 190 2258 288 2284; x_wconf 89' lang='lat' dir='ltr'>quem</span> <span class='ocrx_word' id='word_1_203' title='bbox 304 2251 529 2285; x_wconf 84' lang='lat' dir='ltr'>respondeam</span> <span class='ocrx_word' id='word_1_204' title='bbox 544 2250 584 2282; x_wconf 81' lang='lat' dir='ltr'>ei,</span> <span class='ocrx_word' id='word_1_205' title='bbox 601 2250 658 2284; x_wconf 88' lang='lat' dir='ltr'>qui</span> <span class='ocrx_word' id='word_1_206' title='bbox 676 2258 725 2277; x_wconf 90' lang='lat' dir='ltr'>me</span> <span class='ocrx_word' id='word_1_207' title='bbox 741 2250 845 2285; x_wconf 83' lang='lat' dir='ltr'>misit,</span> <span class='ocrx_word' id='word_1_208' title='bbox 861 2258 1062 2279; x_wconf 89' lang='lat' dir='ltr'>sermonem.</span> <span class='ocrx_word' id='word_1_209' title='bbox 1079 2250 1110 2278; x_wconf 92' lang='lat'>11</span> <span class='ocrx_word' id='word_1_210' title='bbox 1125 2250 1222 2286; x_wconf 85' lang='lat' dir='ltr'>Reg.,</span> <span class='ocrx_word' id='word_1_211' title='bbox 1237 2259 1332 2285; x_wconf 77' lang='lat' dir='ltr'><strong>xxw.</strong></span> <span class='ocrx_word' id='word_1_212' title='bbox 1352 2252 1393 2279; x_wconf 82' lang='lat'>13.</span> 
     </span>
    </p>

    <p class='ocr_par' dir='ltr' id='par_1_12' title="bbox 151 2297 816 2332">
     <span class='ocr_line' id='line_1_27' title="bbox 151 2297 816 2332; baseline -0.002 -7"><span class='ocrx_word' id='word_1_213' title='bbox 151 2297 165 2317; x_wconf 63' lang='grc' dir='ltr'>Ξ</span> <span class='ocrx_word' id='word_1_214' title='bbox 203 2299 361 2325; x_wconf 81' lang='lat' dir='ltr'>Alterum</span> <span class='ocrx_word' id='word_1_215' title='bbox 377 2299 566 2332; x_wconf 82' lang='lat' dir='ltr'>exemplum</span> <span class='ocrx_word' id='word_1_216' title='bbox 578 2298 682 2325; x_wconf 85' lang='lat' dir='ltr'>habet</span> <span class='ocrx_word' id='word_1_217' title='bbox 699 2297 816 2325; x_wconf 82' lang='lat' dir='ltr'>Datis.</span> 
     </span>
    </p>

    <p class='ocr_par' dir='ltr' id='par_1_13' title="bbox 98 2345 1735 2426">
     <span class='ocr_line' id='line_1_28' title="bbox 153 2345 1735 2381; baseline 0.001 -8"><span class='ocrx_word' id='word_1_218' title='bbox 153 2345 166 2364; x_wconf 81' lang='lat'>3</span> <span class='ocrx_word' id='word_1_219' title='bbox 202 2346 361 2373; x_wconf 85' lang='lat' dir='ltr'>Alterum</span> <span class='ocrx_word' id='word_1_220' title='bbox 384 2346 466 2373; x_wconf 89' lang='lat' dir='ltr'>item</span> <span class='ocrx_word' id='word_1_221' title='bbox 490 2346 684 2380; x_wconf 82' lang='lat' dir='ltr'>exemplum</span> <span class='ocrx_word' id='word_1_222' title='bbox 707 2346 811 2373; x_wconf 88' lang='lat' dir='ltr'>habet</span> <span class='ocrx_word' id='word_1_223' title='bbox 827 2345 1069 2373; x_wconf 65' lang='lat' dir='ltr'>Paternttatae‘s</span> <span class='ocrx_word' id='word_1_224' title='bbox 1093 2347 1176 2374; x_wconf 78' lang='lat' dir='ltr'>tuae</span> <span class='ocrx_word' id='word_1_225' title='bbox 1198 2346 1234 2373; x_wconf 82' lang='lat' dir='ltr'>in</span> <span class='ocrx_word' id='word_1_226' title='bbox 1260 2346 1394 2373; x_wconf 74' lang='lat' dir='ltr'>Christo</span> <span class='ocrx_word' id='word_1_227' title='bbox 1419 2346 1508 2381; x_wconf 65' lang='lat' dir='ltr'>‚Iesu</span> <span class='ocrx_word' id='word_1_228' title='bbox 1530 2353 1658 2375; x_wconf 81' lang='lat' dir='ltr'>servus</span> <span class='ocrx_word' id='word_1_229' title='bbox 1682 2348 1735 2375; x_wconf 84' lang='lat' dir='ltr'>in-</span> 
     </span>
     <span class='ocr_line' id='line_1_29' title="bbox 98 2393 242 2426; baseline -0.007 -6"><span class='ocrx_word' id='word_1_230' title='bbox 98 2393 242 2426; x_wconf 78' lang='lat' dir='ltr'>dignus.</span> 
     </span>
    </p>
   </div>
  </div>
 </body>
</html>
