2028 3328
882 53 964 88 AN.
997 52 1088 89 1554
1739 55 1800 90 lit

242 151 594 203 Sltperscrzptc'o
615 150 663 189 ιή
702 149 773 188 4ss
791 148 1005 204 pagina:
1023 150 1049 195 †
1071 147 1338 187 Admodum
1366 147 1463 187 [ἶ.ᾱο
1496 148 1541 187 in
1571 149 1653 188 ΧΑ*
1684 149 1729 187 l'.
1756 158 1797 189 ct

161 224 363 264 Domino
386 223 612 274 Magistro
634 221 817 271 Ignatio
848 220 903 260 de
931 219 1126 270 Loyola,
1156 217 1429 269 Praeposito
1466 218 1687 258 Generali
1717 219 1796 259 So-

155 296 343 334 metatis
364 295 490 348 Jesu,
515 294 704 334 Romae.

242 365 352 405 Alsa
371 377 529 405 numu.
560 363 674 403 1554.
700 362 849 413 Quad.
877 361 1076 401 Tornac.
1101 360 1124 400 4
1147 360 1210 400 Id.
1236 358 1363 411 Sept.

241 438 303 476 Et
324 436 435 476 alla.
466 436 579 476 1554.
605 436 658 485 Q.
683 434 898 474 Tornaco
927 432 974 471 10
994 431 1296 483 Septembris.
1321 438 1364 471 et
1389 431 1478 472 An.
1503 432 1557 482 Q.
1586 432 1641 470 V.

807 858 1143 913 CCCXXIV

237 1090 282 1126 P.
305 1090 529 1127 Arnoldus
550 1090 722 1126 Hezeus

287 1155 407 1192 Patri
427 1155 596 1202 ignatio
618 1154 670 1191 de
690 1154 875 1199 Loyola.

331 1221 543 1265 Lomnio,
568 1220 606 1256 11
629 1219 899 1266 Septembris
922 1217 1014 1255 1554
1033 1217 1058 1253 ¹.

935 1409 1034 1485 ulis

241 1645 407 1686 Gratia
430 1650 474 1684 et
496 1643 703 1684 charitas
724 1641 832 1682 Dni.
858 1639 956 1681 Nri.
983 1640 1094 1694 Jesu
1124 1639 1250 1680 Chri.
1284 1651 1390 1679 curn
1413 1640 1630 1680 omnibus
1655 1640 1806 1680 nobis.

241 1716 469 1768 Quamuis
501 1715 590 1755 hoc
618 1712 954 1766 quadrimestri
988 1723 1157 1763 parum
1185 1711 1366 1762 scriptu
1399 1711 1593 1761 dignum
1625 1723 1652 1751 a
1674 1711 1808 1751 nobis

160 1788 456 1828 elaboratum
479 1785 751 1835 sentiamuS‚
782 1783 922 1824 Pater
950 1783 997 1823 in
1019 1782 1159 1823 Chro.
1189 1783 1386 1822 multum
1407 1781 1586 1833 Rev-fle,
1611 1783 1807 1822 rationis

142 1866 320 1906 ⁴tamen
341 1859 547 1899 instante
573 1863 799 1908 tempore,
824 1856 901 1895 vel
927 1855 1192 1895 teruncium
1214 1865 1320 1894 cum
1343 1853 1419 1905 pia
1441 1854 1518 1894 illa
1540 1854 1682 1894 vidua
1707 1867 1809 1894 san—

155 1938 265 1971 ctae
287 1930 453 1970 offerre
476 1927 769 1969 obedientiae
790 1937 1030 1977 nunquam
1054 1925 1368 1976 respuendum
1390 1925 1647 1975 confidens,
1682 1926 1808 1977 quic-

155 2002 269 2054 quid
292 2002 522 2042 Dominus
553 2012 638 2040 sua
666 1998 958 2049 benignitate
985 1996 1122 2036 nobis
1151 1996 1227 2036 hic
1256 1996 1565 2036 existentibus
1598 1997 1804 2037 tribuere

161 2075 383 2125 dignatus
404 2072 557 2122 fuerit,
581 2082 665 2111 suo
696 2069 857 2110 ordine
878 2073 1084 2118 seruato,
1108 2068 1378 2107 summatim
1400 2067 1458 2108 V.
1484 2067 1533 2107 Ρ.
1559 2080 1807 2108 recensere

158 2145 455 2185 conabimur.

241 2216 299 2256 Et
319 2215 470 2267 primo
492 2213 681 2266 quidem
701 2210 948 2252 Rev d0ffl¹¹1
969 2211 1177 2258 Patrum,
1202 2221 1318 2261 quos
1331 2210 1389 2250 V.
1410 2209 1459 2249 Ρ.
1479 2210 1539 2250 ad
1561 2210 1808 2251 colendam

157 2287 449 2328 'dominicam
469 2285 657 2325 vineam
690 2284 738 2324 in
771 2283 858 2324 has
888 2283 1107 2334 regiones
1133 2281 1259 2321 misit
1289 2280 1317 2332 ²,
1349 2281 1574 2332 cogitatio
1597 2281 1804 2330 offertur,

156 2370 362 2411 quorum
382 2358 613 2398 aduentus
636 2354 844 2407 profecto
866 2355 970 2406 plus
991 2354 1153 2405 gaudii
1174 2353 1307 2393 nobis
1328 2352 1415 2393 fuit
1436 2353 1482 2393 in
1509 2352 1631 2394 Dno.
1666 2365 1806 2405 quam

160 2430 289 2470 hisce
312 2429 574 2481 exprimere
596 2427 782 2467 valeam
804 2426 1004 2478 scriptis;
1030 2437 1116 2465 nec
1144 2424 1277 2465 nobi-s
1308 2424 1568 2474 dumtaxat,
1593 2425 1675 2465 sed
1700 2425 1804 2465 aliis

159 2501 386 2553 pluribus,
426 2499 607 2551 patriae
628 2498 895 2550 praecipue,
919 2497 966 2537 in
987 2508 1078 2548 qua
1101 2501 1261 2547 agunt,
1285 2495 1584 2547 gratissimus
1601 2496 1686 2536 fuit
1709 2496 1806 2536 diu-

160 2585 250 2625 que
273 2577 562 2624 expectatus.
585 2569 741 2621 Opera
762 2576 806 2609 et
823 2569 1007 2609 labores
1030 2579 1207 2617 eorum,
1229 2567 1452 2618 quoniam
1468 2567 1671 2619 propriis
1688 2568 1808 2619 ipso-

158 2655 262 2684 rum
287 2642 437 2694 magis
458 2641 684 2694 patebunt
702 2639 883 2688 litteris,
903 2639 1058 2679 studio
1078 2638 1152 2678 hic
1169 2644 1462 2690 pertranseo.
1483 2638 1622 2679 Pater
1640 2638 1809 2679 Adria-

214 2780 223 2800 ¹
265 2779 515 2814 Autographae
531 2778 656 2812 duplici
673 2777 765 2810 folio,
781 2777 889 2811 primo
906 2777 966 2804 sub
982 2783 1013 2803 n.
1030 2775 1095 2810 255,
1111 2776 1222 2803 altero
1243 2782 1326 2802 vero
1343 2783 1407 2803 non
1425 2781 1618 2804 numerato.

214 2828 227 2847 '2
265 2827 332 2855 PP.
357 2826 554 2854 Bernardus
582 2825 765 2859 oliverius,
792 2824 974 2858 Quintinus
991 2823 1166 2857 Charlart,
1183 2822 1353 2850 Antonius
1377 2823 1531 2858 Bouclet‚
1555 2829 1588 2852 ct
1610 2826 1710 2859 paulo
1732 2830 1807 2859 post

160 2875 338 2903 Adrianus
358 2874 398 2902 de
414 2873 523 2901 Witte
540 2881 598 2901 seu
614 2872 797 2901 Candidus.
