2028 3328
223 195 292 232 564
738 194 964 232 LITTERAE
979 204 1336 238 QUADRIMEsTREs

223 291 447 342 chrymae
467 291 670 341 plurium
690 291 837 331 0611115
858 298 1169 342 erumpentes,
1189 290 1390 341 gemitus
1418 295 1462 329 et
1498 291 1593 330 alta
1628 291 1854 342 suspiria„

222 361 358 402 fidem
380 362 473 401 iam
494 361 645 402 dictae
668 362 734 401 rei
766 362 881 401 satis
903 361 1226 412 comprobant.

301 431 358 472 D.
382 433 611 472 Martinus
646 432 991 473 Steuordiensis
1021 432 1028 450 ¹
1065 439 1108 471 et
1135 431 1341 483 Joannes
1376 430 1577 479 Dirsius,
1616 432 1849 482 dignitate

221 504 606 544 sacerdotalihac
628 510 804 544 aestate
827 503 1050 554 insigniti,
1075 502 1164 541 hoc
1186 502 1232 541 in
1249 501 1398 541 officio
1417 503 1728 542 concionandi
1748 515 1851 543 uer-

220 580 398 615 santur:
422 575 506 614 1105
529 580 780 626 sequentur
802 586 910 614 mox
932 580 974 613 et
996 573 1073 612 alii
1090 574 1275 619 fratres,
1300 584 1415 623 quos
1433 573 1653 624 frequens
1670 574 1852 614 exerci-

219 646 332 686 tatio
354 646 475 686 intra
497 646 707 697 priuatos
729 648 932 696 parietes
955 644 1105 683 reddit
1133 643 1192 683 ad
1227 643 1313 683 hoc
1350 655 1517 684 munus
1540 645 1723 695 publice
1748 645 1852 685 sub-

220 718 421 757 eundum
454 717 605 767 magis
640 729 694 756 ac
730 716 880 766 magis
902 715 1107 755 idoneos.
1153 714 1320 754 Parem
1354 714 1425 754 his
1460 716 1634 755 nostris
1676 716 1723 755 in
1763 717 1851 756 hoc

218 795 380 828 sancto
403 787 551 828 officio
582 788 749 827 ciuitas
784 788 899 826 haec
934 786 1071 826 habet
1106 785 1352 834 neminem,
1392 786 1489 826 siue
1527 786 1713 827 dicendi
1742 798 1848 838 gra-

217 859 344 907 tiam,
386 860 485 899 siue
529 858 783 898 efficaciam
823 857 1069 906 sermonis,
1117 857 1216 896 siue
1256 857 1516 897 ubertatem
1550 869 1707 898 rerum
1749 869 1848 909 spe-

217 936 415 970 ctemus.

294 1001 414 1041 Hinc
437 1012 548 1051 ergo
573 1000 858 1052 frequentior
892 1011 1003 1039 usus
1025 1007 1068 1039 et
1099 999 1407 1039 confessionis
1441 1005 1485 1039 et
1521 1011 1686 1040 sacrae
1722 1011 1847 1040 com-

214 1072 446 1112 munionis
468 1072 662 1111 resultat
683 1071 727 1110 in
750 1071 936 1122 populo,
964 1072 1159 1110 multum
1182 1070 1240 1110 ad
1263 1071 1350 1110 hoc
1382 1077 1668 1121 prouocante
1692 1083 1845 1112 exem-

214 1143 288 1194 plo
312 1143 508 1182 fratrum
530 1148 812 1189 nostrorum,
848 1153 966 1192 quos
997 1149 1091 1181 tam
1124 1142 1291 1181 crebro
1322 1147 1545 1192 tantaque
1578 1142 1843 1182 reuerentia

212 1215 410 1265 populus
431 1213 556 1254 uidet
578 1213 924 1253 sanctissimum
945 1213 1033 1252 hoc
1054 1211 1413 1253 Sacramentum
1436 1213 1694 1263 percipere.
1725 1213 1782 1253 Et
1804 1215 1843 1254 si

212 1297 373 1325 uerum
395 1285 501 1324 licet
522 1285 672 1334 fateri,
692 1284 906 1335 equidem
929 1284 1087 1324 nescio
1110 1284 1148 1323 si
1172 1285 1243 1323 uel
1270 1284 1443 1323 alicubi
1464 1284 1511 1324 in
1541 1284 1614 1323 his
1641 1285 1841 1335 regioni-

210 1356 295 1396 bus
317 1362 585 1395 reuerenter
614 1355 881 1406 suscipitur,
914 1355 992 1395 ubi
1013 1355 1139 1394 nulla
1160 1366 1361 1405 syncera
1383 1360 1427 1394 et
1459 1355 1644 1405 integra
1679 1367 1839 1406 pecca-

208 1434 360 1466 torum
383 1426 611 1466 confessio
635 1426 699 1476 (ut
720 1426 1016 1466 metuendum
1039 1426 1123 1475 est)
1146 1426 1330 1466 uidetur
1352 1425 1534 1465 animos
1551 1425 1755 1466 fidelium
1778 1427 1838 1466 ad

207 1498 252 1537 id
273 1505 486 1537 sanctum
509 1509 625 1547 opus
646 1498 732 1537 rite
755 1509 1053 1548 praeparare.
1079 1496 1252 1537 Omnes
1274 1497 1398 1537 enim
1419 1497 1594 1547 passim
1619 1509 1667 1537 se
1693 1498 1838 1548 probe

206 1569 446 1609 confessos
468 1569 768 1617 arbitrantur,
793 1575 837 1608 et
859 1568 1167 1608 absolutionis
1189 1567 1412 1607 beneficio
1435 1568 1618 1618 dignos,
1650 1568 1688 1608 si
1711 1568 1837 1608 dixe·
1893 1563 1896 1565 ’

205 1640 294 1679 rint
315 1640 629 1690 perfunctorie
651 1640 895 1679 dumtaxat
912 1651 960 1678 se
978 1640 1102 1679 mille
1120 1639 1267 1679 modis
1285 1639 1443 1678 diuina
1459 1645 1712 1690 praecepta
1730 1651 1834 1679 esse

202 1717 525 1761 transgressos
553 1712 625 1749 1161
647 1710 820 1761 aliquid
841 1710 1123 1750 huiusmodi.
1148 1710 1204 1749 Et
1225 1715 1273 1749 ut
1309 1721 1480 1749 coecus
1518 1721 1658 1749 coeco
1696 1710 1835 1750 duca·

202 1788 297 1821 tum
318 1788 538 1833 praestet,
564 1788 606 1821 et
628 1782 763 1821 ambo
787 1782 833 1821 111
854 1781 1039 1821 foueam
1061 1781 1246 1830 cadant,
1272 1781 1514 1821 inueniunt
1541 1781 1629 1832 ipsi
1660 1781 1833 1821 sacrifi-

200 1865 293 1903 cos,
318 1853 395 1904 qui
417 1854 483 1892 sic
505 1852 830 1893 confitentibus
848 1864 1038 1893 manum
1056 1853 1179 1892 dicto
1203 1853 1338 1892 citius
1355 1852 1617 1903 imponant.
1638 1852 1734 1892 Irno
1752 1853 1832 1893 uix

199 1924 314 1964 alios
337 1930 405 1964 est
425 1924 649 1972 inuenire,
675 1924 751 1975 qui
774 1924 1026 1975 prudenter
1053 1923 1385 1973 examinando,
1420 1923 1673 1964 ruditatem
1709 1936 1830 1964 com-

197 2001 391 2046 pensent
413 2007 467 2035 116
489 1996 735 2046 suppleant
763 1994 1099 2034 confitentium.

275 2066 346 2115 Et,
371 2067 495 2117 quod
516 2066 575 2106 ad
597 2066 871 2106 confitentes
900 2067 1078 2115 attinet,
1104 2066 1314 2106 nonnulli
1350 2065 1467 2106 adeo
1503 2066 1739 2106 mordicus
1761 2079 1842 2107 re-

195 2137 341 2177 tinent
362 2139 498 2177 istam
520 2138 788 2188 generalem
809 2136 1060 2177 confitendi
1077 2137 1324 2186 rationem,
1350 2144 1398 2176 ut
1427 2137 1568 2176 aliam
1596 2144 1640 2176 et
1673 2138 1829 2178 catho-

194 2208 332 2248 licam
353 2208 410 2248 ab
431 2208 544 2259 ipsis
566 2214 844 2260 extorquere
864 2209 1128 2248 nullatenus
1146 2207 1314 2258 possis,
1340 2213 1388 2247 ut
1410 2207 1637 2258 proximis
1667 2208 1828 2249 diebus

193 2279 240 2319 in
255 2281 427 2330 templo
444 2286 605 2319 nostro
623 2285 912 2331 compertum
930 2284 998 2319 est
1016 2279 1245 2319 accidisse
1266 2279 1313 2318 in
1331 2278 1532 2329 quodam
1549 2279 1668 2329 viro,
1688 2291 1826 2331 quem

193 2349 431 2390 confessor
453 2350 552 2401 ipse
574 2362 660 2390 nec
687 2350 844 2399 minis,
874 2362 960 2390 nec
988 2350 1223 2402 precario,
1255 2349 1477 2390 inducere
1505 2351 1654 2400 potuit
1682 2356 1731 2390 ut
1752 2352 1827 2391 uel

192 2431 332 2460 unam
355 2421 557 2471 speciem
578 2421 760 2472 peccati
781 2421 1078 2472 exprimeret,
1103 2421 1293 2460 tametsi
1330 2420 1532 2461 fortasse
1563 2420 1688 2461 haud
1717 2433 1828 2473 pau-

193 2491 259 2530 cis
293 2497 415 2531 esset
450 2498 686 2532 oneratus.
716 2491 1057 2532 Verumtamen
1090 2491 1188 2532 fere
1218 2503 1380 2532 omnes
1416 2491 1605 2532 monitis
1642 2492 1823 2544 acquie-

192 2568 326 2602 scunt
348 2563 646 2603 sacerdotum
669 2569 951 2610 nostrorum,
977 2569 1021 2603 et
1038 2574 1086 2602 se
1122 2563 1304 2613 integre
1336 2563 1609 2603 examinare
1644 2563 1823 2614 patiun-

191 2638 280 2681 tur,
304 2644 617 2684 magnamque
639 2634 746 2673 111116
768 2634 1006 2686 accipiunt
1028 2634 1402 2674 consolationem
1422 2634 1468 2673 in
1491 2634 1674 2685 spiritu,
1699 2634 1824 2686 quod

191 2703 275 2741 11116
295 2704 476 2743 ratione
499 2717 524 2743 a
544 2705 700 2744 multis
724 2705 863 2754 vitiis,
883 2716 1002 2756 quae
1025 2705 1276 2745 confitendi
1298 2705 1562 2744 inueterata
1596 2705 1685 2745 ista
1717 2717 1822 2745 con-

190 2774 384 2813 suetudo
406 2775 661 2814 retinuerat
683 2776 865 2815 occulta
887 2777 961 2816 uel
982 2776 1217 2826 ignorata,
1242 2788 1292 2816 se
1320 2776 1508 2816 liberari
1537 2776 1818 2828 intelligant.

243 2952 251 2971 ¹
291 2952 458 2981 Martinus
472 2954 640 2988 Gcwarts,
653 2955 904 2985 Stevordiensis
916 2965 975 2985 seu
988 2957 1237 2986 Stevordianus
1254 2967 1288 2986 ·a
1300 2959 1377 2986 vico
1390 2958 1565 2994 Stevoort,
1578 2959 1742 2988 dioecesis
1754 2961 1820 2988 leo-

189 2998 323 3031 diensis,
342 3007 380 3027 cx
397 3009 460 3035 quo
476 3008 569 3029 ortus
585 3007 664 3030 est».
681 3003 964 3037 BRAUNSRERGER,
981 3006 1001 3032 1.
1017 3013 1058 3040 6,,
1073 3014 1152 3040 pag.
1168 3006 1230 3034 367.
1246 3006 1333 3034 Vide
1347 3008 1450 3034 etiam
1465 3009 1817 3043 51η)1·11,1.1,ρ11ς.146Ἰ
