2028 3328
71 176 120 214 58
592 174 818 211 LITTERAE
833 184 1191 217 QUADRIMESTREs

153 271 471 313 Concionatus
498 270 584 311 fuit
611 270 660 310 P.
686 269 827 311 Auila
853 270 1037 322 Hispali
1058 271 1333 311 concionem
1359 270 1546 321 quidem
1573 281 1702 321 egre-

72 343 215 394 giam3
241 355 299 383 ex
321 342 609 383 auditoribus
631 348 786 381 autem
808 341 1016 381 nonnulli
1037 342 1273 382 dicebant:
1299 342 1374 381 hic
1396 347 1522 381 recte
1551 341 1699 393 profe-

73 420 147 454 cto
176 419 335 465 posset
365 414 484 454 inter
519 413 634 453 duos
662 412 833 452 choros
868 413 1164 464 concionari;
1198 414 1316 453 inter
1351 412 1468 452 duos
1496 424 1701 464 namque

63 486 240 526 choros
274 485 433 536 templi
461 484 652 524 maioris
676 495 770 523 non
798 484 1071 524 conceditur
1097 470 1279 536 Hispali
1308 483 1579 524 concionari
1608 484 1699 524 nisi

64 556 496 607 famigeratissimis
518 555 946 595 concionatoribus.

150 627 353 667 Profecti
375 632 481 667 sunt
503 626 692 666 tandem
713 625 819 666 inde
837 626 895 666 ad
912 625 1135 666 Sanctum
1152 625 1330 666 Lucam
1351 626 1359 643 ¹
1377 624 1428 665 P.
1449 624 1699 666 Francisci

68 699 211 749 iussu,
236 705 286 738 vt
308 698 519 749 Collegii,
544 697 669 749 quod
685 697 890 737 Domina
912 696 1022 737 Dux
1043 701 1057 720 ²
1077 698 1170 737 illic
1193 696 1437 747 construit,
1469 697 1700 748 possesio-

66 781 173 809 nem
202 774 436 821 caperent.

148 839 198 879 Ρ.
221 851 336 880 vero
367 839 541 881 Sancta
563 838 691 879 Crux
712 838 747 890 ³,
771 839 849 891 qui
880 850 904 879 e
924 839 1166 879 Lusitania
1195 839 1285 878 huc
1314 839 1455 889 venit,
1479 843 1529 878 vt
1559 839 1697 889 bona,

60 922 186 962 *quae
210 911 450 952 Granatae
470 911 679 960 haberet,
703 910 912 962 Collegio
934 910 996 950 ibi
1017 909 1174 950 futuro
1197 910 1414 960 donaret,
1438 910 1531 950 iam
1553 909 1698 950 Illibe-

66 994 143 1023 ros
178 983 417 1034 profectus
445 988 529 1023 est.
558 982 691 1022 Bona
719 987 875 1022 autem
903 982 1075 1022 donata
1106 987 1233 1021 sunt:
1265 981 1449 1031 domus,
1481 993 1600 1032 quae
1628 982 1699 1021 bis

64 1054 187 1094 mille
210 1065 378 1094 aureos
399 1055 525 1094 valet
546 1065 785 1104 nummos,
811 1052 976 1093 deinde
998 1052 1256 1102 nonaginta
1279 1057 1372 1091 tres
1402 1051 1597 1092 ducatos
1619 1064 1696 1092 au-

64 1136 169 1165 reos
191 1125 406 1165 annualis
423 1130 679 1176 prouentus
694 1124 894 1176 largitus
911 1131 995 1164 est.
1015 1122 1264 1163 Donantur
1280 1129 1528 1173 praeterea
1546 1122 1696 1163 eidem

58 1195 273 1247 Collegio
295 1209 353 1236 ex
374 1206 506 1248 parte
527 1196 681 1236 Patris
703 1195 919 1247 Magistri
944 1194 1140 1248 Joannis
1160 1193 1364 1233 Aluarez
1386 1192 1400 1212 ⁴
1420 1194 1591 1246 viginti
1612 1206 1697 1234 sex

62 1266 220 1307 ducati
242 1273 497 1318 prouentus
526 1267 668 1308 etiam
690 1267 852 1318 annui,
878 1278 936 1306 ex
969 1266 1136 1318 quibus
1160 1276 1391 1305 summam
1421 1265 1697 1317 colligemus

55 1344 249 1378 -centum
270 1345 315 1378 et
336 1339 582 1380 duodecim
603 1339 881 1380 ducatorum
908 1343 1093 1389 praeter
1116 1336 1318 1377 domum.

141 1409 342 1461 Agimus
373 1411 448 1450 hic
479 1422 563 1451 sex
590 1421 732 1462 supra
763 1410 953 1461 viginti;
986 1421 1045 1449 ex
1071 1408 1143 1448 his
1171 1408 1389 1448 vndecim
1417 1408 1601 1459 absunt;
1633 1409 1696 1449 in-

56 1481 181 1521 firmi
202 1493 299 1522 sex.
325 1481 538 1533 Quatuor
559 1481 866 1534 professores,
888 1491 1055 1531 nempe
1078 1479 1255 1520 Doctor
1277 1478 1418 1519 Plaza
1441 1477 1469 1527 ⁵,
1494 1480 1571 1531 qui
1589 1491 1692 1520 con-

60 1552 287 1593 scientiae
310 1564 449 1593 casus
472 1553 750 1593 enucleabat
767 1552 1041 1603 laboratque
1058 1551 1275 1591 tertiana.
1296 1550 1344 1590 P.
1366 1549 1531 1590 deinde
1546 1550 1663 1604 Jae'n
1680 1550 1695 1568 ‘³

53 1634 262 1673 graecus
298 1624 537 1664 institutor
566 1624 837 1676 quotidiana
872 1628 1073 1663 vexatus
1106 1621 1240 1672 febri;
1278 1628 1326 1660 at
1352 1632 1465 1661 vero
1499 1627 1695 1673 uterque

60 1696 200 1736 lenta:
224 1700 322 1735 tum
339 1695 506 1735 Frater
522 1694 652 1736 Roca
674 1695 701 1747 ⁷,
722 1695 800 1747 qui
816 1701 860 1735 et
877 1693 1181 1734 humanitatis
1199 1698 1242 1732 et
1260 1692 1518 1732 rhetorices
1540 1693 1692 1732 cathe-

54 1766 195 1806 dram
215 1766 635 1818 interpretabatur,
660 1767 840 1807 ventris
860 1765 988 1806 fluxu
1009 1771 1053 1805 et
1080 1763 1313 1804 stomachi
1341 1763 1601 1813 debilitate,
1635 1764 1694 1803 ab

52 1849 114 1877 «eo
136 1843 371 1889 tempore,
396 1850 487 1890 quo
509 1839 601 1879 huc
621 1838 770 1889 venit,
802 1849 986 1889 semper
1014 1836 1209 1878 affectus
1236 1837 1336 1877 suit.
1366 1833 1533 1876 Frater
1560 1846 1691 1886 prae-

58 1916 187 1949 terea
209 1908 461 1950 Marcellus
482 1908 511 1960 ⁸,
536 1910 614 1961 qui
636 1910 692 1950 ob
719 1909 950 1950 stomachi
981 1908 1267 1949 debilitatem
1294 1918 1536 1959 magnam,
1561 1906 1690 1946 mini-

58 1991 182 2019 mam
223 1981 422 2020 classem
461 1992 544 2032 per
578 1981 744 2021 horam
779 1981 1023 2020 dumtaxat
1063 1981 1336 2030 exercebat,
1379 1978 1548 2031 quique
1587 1978 1690 2017 loco

56 2050 107 2090 P.
130 2051 248 2104 Jaen
270 2051 495 2092 suffectus
517 2052 625 2103 fuit,
648 2058 700 2092 vt
729 2062 953 2103 graecam
981 2051 1229 2091 lectionem
1257 2055 1531 2102 exponeret,
1562 2048 1609 2089 id
1628 2048 1688 2087 la-

53 2122 184 2162 boris
204 2133 310 2162 cum
331 2122 453 2163 ferre
474 2135 568 2163 non
589 2129 762 2174 posset,
786 2122 974 2163 omnino
995 2122 1180 2173 Vtrique
1201 2121 1389 2162 lectioni
1411 2119 1689 2172 supersedit.

55 2192 106 2232 Ρ.
131 2193 271 2233 etiarn
292 2193 490 2234 Pertusa
512 2193 526 2213 ⁹
547 2194 604 2234 ab
626 2206 680 2234 eo
702 2201 926 2244 tempore,
951 2205 1042 2244 quo
1063 2205 1121 2233 ex
1143 2192 1385 2233 Lusitania
1407 2191 1559 2242 venit,
1587 2202 1692 2231 ven-

52 2264 140 2304 tris
165 2276 306 2305 cursu
338 2271 383 2305 et
411 2265 579 2317 capitis
607 2264 767 2305 dolore
797 2275 980 2316 semper
1010 2263 1255 2304 laborauit.
1281 2262 1375 2303 Alii
1396 2262 1487 2303 duo
1508 2261 1688 2312 Patres,

111 2521 120 2541 ¹
162 2521 253 2549 Urbs
268 2526 319 2549 est
336 2529 440 2556 prope
457 2522 574 2549 Baetis
590 2521 736 2549 fluminis
753 2528 824 2555 ora,
842 2519 1009 2548 Sanlucar
1026 2520 1065 2546 de
1081 2520 1293 2548 Bai-rameda
1308 2520 1412 2548 dicta.

107 2567 121 2586 ‘²
160 2569 258 2597 Anna
274 2570 314 2596 de
330 2570 471 2604 Aragon
486 2574 519 2597 et
535 2569 681 2601 Gurrea,
699 2568 720 2596 S
747 2568 924 2596 Francisci
941 2568 1059 2601 amita,
1077 2567 1153 2595 Dux
1169 2569 1289 2602 ve1,ut
1302 2568 1374 2602 jam
1389 2575 1467 2595 usus
1483 2567 1586 2594 habet
1603 2566 1687 2598 ,Du-

58 2616 147 2644 cissa
163 2617 202 2644 de
218 2617 351 2645 Medina
368 2617 518 2645 Sidonia.

105 2664 119 2683 5
160 2664 192 2692 Ρ.
212 2664 360 2692 Didacus
376 2666 415 2692 de
431 2665 633 2699 Santacruz,
649 2664 875 2692 communiter
891 2664 928 2691 P.
948 2663 1148 2691 Satztacruz
1166 2663 1404 2691 Granatensts
1418 2662 1542 2690 dietus.

106 2712 120 2731 ‘⁴
156 2711 200 2746 Is,
216 2713 272 2747 qui
286 2712 516 2740 Granatensis
532 2713 637 2740 etiam
653 2716 741 2744 erat,
758 2712 906 2745 Joannes
919 2711 1045 2739 Paulus
1057 2713 1160 2746 vulgo
1173 2711 1362 2739 dicebatur.

107 2758 121 2777 ⁵
159 2759 195 2786 P.
212 2759 270 2787 Dr.
286 2759 434 2792 Joannes
450 2761 490 2787 de
505 2761 538 2788 la
553 2761 669 2788 Plaza.

106 2806 120 2824 (ἱ
159 2807 196 2833 Ρ.
212 2807 360 2840 Joannes
375 2808 415 2834 de
430 2807 525 2840 Jae'n.

106 2855 118 2873 '¹
160 2854 283 2882 Frater
298 2855 445 2888 Joannes
460 2855 499 2882 de
516 2855 619 2882 Roca.
635 2855 722 2883 Vide
739 2863 824 2890 quae
845 2856 991 2883 diximus
1007 2857 1039 2883 in
1063 2860 1143 2883 tom.
1159 2863 1200 2889 11,
1217 2862 1294 2890 pag.
1310 2854 1362 2887 70,
1380 2858 1494 2881 annot.
1518 2853 1545 2885 3,
1568 2854 1623 2880 ubi
1646 2852 1687 2880 de

47 2905 115 2931 {hoc
131 2902 255 2930 Fratre
271 2903 306 2929 fit
322 2910 444 2936 sermo,
461 2904 522 2930 sub
539 2904 669 2930 nomine
685 2903 826 2938 Antiqui
844 2903 948 2932 Roca.

104 2950 119 2970 ⁸
156 2951 198 2978 P.
213 2951 395 2978 Marcellus
410 2950 564 2978 Salazar.

104 2999 118 3020 9
158 2999 193 3026 P.
211 2998 445 3027 Guudisalvus
462 2998 617 3028 Pertusa.
