<?xml version="1.0" encoding="UTF-8"?>
<!DOCTYPE html PUBLIC "-//W3C//DTD XHTML 1.0 Transitional//EN"
    "http://www.w3.org/TR/xhtml1/DTD/xhtml1-transitional.dtd">
<html xmlns="http://www.w3.org/1999/xhtml" xml:lang="en" lang="en">
 <head>
  <title>
</title>
<meta http-equiv="Content-Type" content="text/html;charset=utf-8" />
  <meta name='ocr-system' content='tesseract 3.04.00' />
  <meta name='ocr-capabilities' content='ocr_page ocr_carea ocr_par ocr_line ocrx_word'/>
</head>
<body>
  <div class='ocr_page' id='page_1' title='image "./litteraequadrime1503lain_0545.png"; bbox 0 0 2028 3328; ppageno 0'>
   <div class='ocr_carea' id='block_1_1' title="bbox 786 128 1712 166">
    <p class='ocr_par' dir='ltr' id='par_1_1' title="bbox 786 128 1712 166">
     <span class='ocr_line' id='line_1_1' title="bbox 786 128 1712 166; baseline 0 -1"><span class='ocrx_word' id='word_1_1' title='bbox 786 128 819 165; x_wconf 77' lang='lat' dir='ltr'>A</span> <span class='ocrx_word' id='word_1_2' title='bbox 830 139 869 165; x_wconf 80' lang='lat' dir='ltr'>N.</span> <span class='ocrx_word' id='word_1_3' title='bbox 906 129 997 165; x_wconf 73' lang='lat'>1555</span> <span class='ocrx_word' id='word_1_4' title='bbox 1641 128 1712 166; x_wconf 78' lang='lat'>539</span> 
     </span>
    </p>
   </div>
   <div class='ocr_carea' id='block_1_2' title="bbox 74 224 1724 2619">
    <p class='ocr_par' dir='ltr' id='par_1_2' title="bbox 74 224 1715 844">
     <span class='ocr_line' id='line_1_2' title="bbox 74 224 1706 278; baseline -0.002 -12"><span class='ocrx_word' id='word_1_5' title='bbox 74 234 253 278; x_wconf 88' lang='lat' dir='ltr'>septem</span> <span class='ocrx_word' id='word_1_6' title='bbox 275 238 448 275; x_wconf 91' lang='lat' dir='ltr'>sumus,</span> <span class='ocrx_word' id='word_1_7' title='bbox 473 226 610 266; x_wconf 82' lang='lat' dir='ltr'>facile</span> <span class='ocrx_word' id='word_1_8' title='bbox 628 231 783 266; x_wconf 87' lang='lat' dir='ltr'>autem</span> <span class='ocrx_word' id='word_1_9' title='bbox 802 225 1053 265; x_wconf 90' lang='lat' dir='ltr'>multorum</span> <span class='ocrx_word' id='word_1_10' title='bbox 1090 236 1333 264; x_wconf 89' lang='lat' dir='ltr'>numerum</span> <span class='ocrx_word' id='word_1_11' title='bbox 1362 224 1559 273; x_wconf 74' lang='lat' dir='ltr'>insignis</span> <span class='ocrx_word' id='word_1_12' title='bbox 1593 235 1706 273; x_wconf 90' lang='lat' dir='ltr'>pau-</span> 
     </span>
     <span class='ocr_line' id='line_1_3' title="bbox 81 295 1711 348; baseline -0.002 -11"><span class='ocrx_word' id='word_1_13' title='bbox 81 309 246 338; x_wconf 91' lang='lat' dir='ltr'>corum</span> <span class='ocrx_word' id='word_1_14' title='bbox 268 297 413 337; x_wconf 81' lang='lat' dir='ltr'>vincit</span> <span class='ocrx_word' id='word_1_15' title='bbox 434 297 599 348; x_wconf 75' lang='lat' dir='ltr'>pietas,</span> <span class='ocrx_word' id='word_1_16' title='bbox 623 308 710 336; x_wconf 92' lang='lat' dir='ltr'>nec</span> <span class='ocrx_word' id='word_1_17' title='bbox 727 303 823 336; x_wconf 87' lang='lat' dir='ltr'>tam</span> <span class='ocrx_word' id='word_1_18' title='bbox 845 295 1151 335; x_wconf 79' lang='lat' dir='ltr'>multitudinis</span> <span class='ocrx_word' id='word_1_19' title='bbox 1174 306 1314 346; x_wconf 92' lang='lat' dir='ltr'>quam</span> <span class='ocrx_word' id='word_1_20' title='bbox 1342 295 1588 345; x_wconf 83' lang='lat' dir='ltr'>probitatis</span> <span class='ocrx_word' id='word_1_21' title='bbox 1617 306 1711 334; x_wconf 92' lang='lat' dir='ltr'>mo-</span> 
     </span>
     <span class='ocr_line' id='line_1_4' title="bbox 83 364 1713 417; baseline -0.003 -9"><span class='ocrx_word' id='word_1_22' title='bbox 83 379 185 408; x_wconf 89' lang='lat' dir='ltr'>rum</span> <span class='ocrx_word' id='word_1_23' title='bbox 207 374 250 408; x_wconf 91' lang='lat' dir='ltr'>et</span> <span class='ocrx_word' id='word_1_24' title='bbox 272 367 566 408; x_wconf 74' lang='lat' dir='ltr'>constantiae</span> <span class='ocrx_word' id='word_1_25' title='bbox 589 367 708 408; x_wconf 87' lang='lat' dir='ltr'>ratio</span> <span class='ocrx_word' id='word_1_26' title='bbox 743 365 957 406; x_wconf 87' lang='lat' dir='ltr'>habenda</span> <span class='ocrx_word' id='word_1_27' title='bbox 994 372 1077 416; x_wconf 88' lang='lat' dir='ltr'>est,</span> <span class='ocrx_word' id='word_1_28' title='bbox 1111 364 1504 417; x_wconf 78' lang='lat' dir='ltr'>quemadmodum</span> <span class='ocrx_word' id='word_1_29' title='bbox 1526 371 1605 404; x_wconf 84' lang='lat' dir='ltr'>tua</span> <span class='ocrx_word' id='word_1_30' title='bbox 1626 376 1713 404; x_wconf 79' lang='lat' dir='ltr'>nos</span> 
     </span>
     <span class='ocr_line' id='line_1_5' title="bbox 77 435 1713 490; baseline -0.002 -12"><span class='ocrx_word' id='word_1_31' title='bbox 77 451 217 490; x_wconf 87' lang='lat' dir='ltr'>saepe</span> <span class='ocrx_word' id='word_1_32' title='bbox 239 439 396 478; x_wconf 90' lang='lat' dir='ltr'>docuit</span> <span class='ocrx_word' id='word_1_33' title='bbox 417 439 688 490; x_wconf 86' lang='lat' dir='ltr'>paternitas.</span> <span class='ocrx_word' id='word_1_34' title='bbox 713 437 876 478; x_wconf 87' lang='lat' dir='ltr'>Nullus</span> <span class='ocrx_word' id='word_1_35' title='bbox 897 445 1053 477; x_wconf 90' lang='lat' dir='ltr'>autem</span> <span class='ocrx_word' id='word_1_36' title='bbox 1080 448 1254 487; x_wconf 86' lang='lat' dir='ltr'>eorum,</span> <span class='ocrx_word' id='word_1_37' title='bbox 1280 448 1398 487; x_wconf 84' lang='lat' dir='ltr'>quos</span> <span class='ocrx_word' id='word_1_38' title='bbox 1426 436 1500 475; x_wconf 89' lang='lat' dir='ltr'>hic</span> <span class='ocrx_word' id='word_1_39' title='bbox 1536 435 1713 486; x_wconf 87' lang='lat' dir='ltr'>recepit</span> 
     </span>
     <span class='ocr_line' id='line_1_6' title="bbox 79 506 1713 560; baseline -0.002 -11"><span class='ocrx_word' id='word_1_40' title='bbox 79 509 201 550; x_wconf 67' lang='lat' dir='ltr'>R.d²¹⁵</span> <span class='ocrx_word' id='word_1_41' title='bbox 225 508 273 548; x_wconf 83' lang='lat' dir='ltr'>P.</span> <span class='ocrx_word' id='word_1_42' title='bbox 295 509 560 560; x_wconf 73' lang='lat' dir='ltr'>pascasius,</span> <span class='ocrx_word' id='word_1_43' title='bbox 590 521 681 549; x_wconf 89' lang='lat' dir='ltr'>non</span> <span class='ocrx_word' id='word_1_44' title='bbox 704 520 817 560; x_wconf 89' lang='lat' dir='ltr'>prae</span> <span class='ocrx_word' id='word_1_45' title='bbox 838 520 886 548; x_wconf 88' lang='lat' dir='ltr'>se</span> <span class='ocrx_word' id='word_1_46' title='bbox 914 508 1001 548; x_wconf 85' lang='lat' dir='ltr'>fert</span> <span class='ocrx_word' id='word_1_47' title='bbox 1037 519 1258 558; x_wconf 85' lang='lat' dir='ltr'>magnam</span> <span class='ocrx_word' id='word_1_48' title='bbox 1295 506 1597 547; x_wconf 77' lang='lat' dir='ltr'>stabilitatem</span> <span class='ocrx_word' id='word_1_49' title='bbox 1619 506 1713 546; x_wconf 88' lang='lat' dir='ltr'>ani-</span> 
     </span>
     <span class='ocr_line' id='line_1_7' title="bbox 76 577 1712 632; baseline -0.002 -12"><span class='ocrx_word' id='word_1_50' title='bbox 76 581 232 632; x_wconf 91' lang='lat' dir='ltr'>mique</span> <span class='ocrx_word' id='word_1_51' title='bbox 254 580 520 631; x_wconf 88' lang='lat' dir='ltr'>puritatem,</span> <span class='ocrx_word' id='word_1_52' title='bbox 556 592 753 632; x_wconf 93' lang='lat' dir='ltr'>quorum</span> <span class='ocrx_word' id='word_1_53' title='bbox 792 586 959 629; x_wconf 91' lang='lat' dir='ltr'>ortum,</span> <span class='ocrx_word' id='word_1_54' title='bbox 998 579 1202 628; x_wconf 88' lang='lat' dir='ltr'>nomina,</span> <span class='ocrx_word' id='word_1_55' title='bbox 1241 585 1531 629; x_wconf 80' lang='lat' dir='ltr'>naturaeque</span> <span class='ocrx_word' id='word_1_56' title='bbox 1566 577 1712 625; x_wconf 87' lang='lat' dir='ltr'>dotes,</span> 
     </span>
     <span class='ocr_line' id='line_1_8' title="bbox 78 648 1715 702; baseline -0.002 -11"><span class='ocrx_word' id='word_1_57' title='bbox 78 652 167 691; x_wconf 85' lang='lat' dir='ltr'>etsi</span> <span class='ocrx_word' id='word_1_58' title='bbox 196 651 458 702; x_wconf 79' lang='lat' dir='ltr'>exprimere</span> <span class='ocrx_word' id='word_1_59' title='bbox 495 663 588 691; x_wconf 91' lang='lat' dir='ltr'>non</span> <span class='ocrx_word' id='word_1_60' title='bbox 622 653 876 700; x_wconf 81' lang='lat' dir='ltr'>valeamuS,</span> <span class='ocrx_word' id='word_1_61' title='bbox 915 651 1081 690; x_wconf 90' lang='lat' dir='ltr'>saltem</span> <span class='ocrx_word' id='word_1_62' title='bbox 1117 662 1236 702; x_wconf 89' lang='lat' dir='ltr'>quae</span> <span class='ocrx_word' id='word_1_63' title='bbox 1271 649 1525 700; x_wconf 88' lang='lat' dir='ltr'>conspicua</span> <span class='ocrx_word' id='word_1_64' title='bbox 1561 648 1715 698; x_wconf 83' lang='lat' dir='ltr'>magis</span> 
     </span>
     <span class='ocr_line' id='line_1_9' title="bbox 75 719 1712 773; baseline -0.002 -11"><span class='ocrx_word' id='word_1_65' title='bbox 75 728 199 770; x_wconf 84' lang='lat' dir='ltr'>sunt,</span> <span class='ocrx_word' id='word_1_66' title='bbox 218 734 358 773; x_wconf 87' lang='lat' dir='ltr'>quam</span> <span class='ocrx_word' id='word_1_67' title='bbox 379 723 652 762; x_wconf 89' lang='lat' dir='ltr'>breuissime</span> <span class='ocrx_word' id='word_1_68' title='bbox 669 721 768 762; x_wconf 90' lang='lat' dir='ltr'>fieri</span> <span class='ocrx_word' id='word_1_69' title='bbox 785 721 953 773; x_wconf 88' lang='lat' dir='ltr'>poterit</span> <span class='ocrx_word' id='word_1_70' title='bbox 975 721 1255 761; x_wconf 87' lang='lat' dir='ltr'>adumbrare</span> <span class='ocrx_word' id='word_1_71' title='bbox 1272 720 1561 769; x_wconf 81' lang='lat' dir='ltr'>conabimur,</span> <span class='ocrx_word' id='word_1_72' title='bbox 1581 719 1712 759; x_wconf 81' lang='lat' dir='ltr'>iuxta</span> 
     </span>
     <span class='ocr_line' id='line_1_10' title="bbox 80 792 791 844; baseline 0 -12"><span class='ocrx_word' id='word_1_73' title='bbox 80 792 380 844; x_wconf 83' lang='lat' dir='ltr'>paternitatis</span> <span class='ocrx_word' id='word_1_74' title='bbox 401 799 508 832; x_wconf 89' lang='lat' dir='ltr'>tuae</span> <span class='ocrx_word' id='word_1_75' title='bbox 537 793 791 833; x_wconf 90' lang='lat' dir='ltr'>decretum.</span> 
     </span>
    </p>

    <p class='ocr_par' dir='ltr' id='par_1_3' title="bbox 78 861 1722 2266">
     <span class='ocr_line' id='line_1_11' title="bbox 156 861 1716 915; baseline -0.002 -12"><span class='ocrx_word' id='word_1_76' title='bbox 156 863 336 903; x_wconf 87' lang='lat' dir='ltr'>Horum</span> <span class='ocrx_word' id='word_1_77' title='bbox 358 864 515 914; x_wconf 81' lang='lat' dir='ltr'>igitur,</span> <span class='ocrx_word' id='word_1_78' title='bbox 541 864 617 915; x_wconf 91' lang='lat' dir='ltr'>qui</span> <span class='ocrx_word' id='word_1_79' title='bbox 638 864 712 904; x_wconf 92' lang='lat' dir='ltr'>hic</span> <span class='ocrx_word' id='word_1_80' title='bbox 732 864 777 903; x_wconf 92' lang='lat' dir='ltr'>in</span> <span class='ocrx_word' id='word_1_81' title='bbox 799 863 1173 915; x_wconf 85' lang='lat' dir='ltr'>praesentiarum</span> <span class='ocrx_word' id='word_1_82' title='bbox 1202 862 1393 912; x_wconf 84' lang='lat' dir='ltr'>degunt,</span> <span class='ocrx_word' id='word_1_83' title='bbox 1427 861 1604 911; x_wconf 84' lang='lat' dir='ltr'>primus</span> <span class='ocrx_word' id='word_1_84' title='bbox 1641 872 1716 901; x_wconf 91' lang='lat' dir='ltr'>oc-</span> 
     </span>
     <span class='ocr_line' id='line_1_12' title="bbox 78 930 1716 984; baseline -0.002 -10"><span class='ocrx_word' id='word_1_85' title='bbox 78 935 226 974; x_wconf 89' lang='lat' dir='ltr'>currit</span> <span class='ocrx_word' id='word_1_86' title='bbox 266 934 392 974; x_wconf 81' lang='lat' dir='ltr'>D.nus</span> <span class='ocrx_word' id='word_1_87' title='bbox 421 934 644 974; x_wconf 91' lang='lat' dir='ltr'>Nicolaus</span> <span class='ocrx_word' id='word_1_88' title='bbox 678 934 910 984; x_wconf 85' lang='lat' dir='ltr'>Bellefille,</span> <span class='ocrx_word' id='word_1_89' title='bbox 949 933 1261 984; x_wconf 84' lang='lat' dir='ltr'>Andegauus,</span> <span class='ocrx_word' id='word_1_90' title='bbox 1297 931 1646 983; x_wconf 81' lang='lat' dir='ltr'>Ingrandiensis</span> <span class='ocrx_word' id='word_1_91' title='bbox 1688 930 1716 982; x_wconf 90' lang='lat'>¹,</span> 
     </span>
     <span class='ocr_line' id='line_1_13' title="bbox 81 1002 1717 1056; baseline -0.002 -11"><span class='ocrx_word' id='word_1_92' title='bbox 81 1004 502 1056; x_wconf 80' lang='lat' dir='ltr'>quadragenarius;</span> <span class='ocrx_word' id='word_1_93' title='bbox 523 1017 646 1046; x_wconf 89' lang='lat' dir='ltr'>anno</span> <span class='ocrx_word' id='word_1_94' title='bbox 663 1006 830 1045; x_wconf 87' lang='lat' dir='ltr'>aetatis</span> <span class='ocrx_word' id='word_1_95' title='bbox 852 1017 964 1045; x_wconf 88' lang='lat' dir='ltr'>suae</span> <span class='ocrx_word' id='word_1_96' title='bbox 984 1004 1072 1045; x_wconf 64' lang='lat'>240</span> <span class='ocrx_word' id='word_1_97' title='bbox 1100 1004 1251 1044; x_wconf 87' lang='lat' dir='ltr'>sacris</span> <span class='ocrx_word' id='word_1_98' title='bbox 1277 1003 1518 1044; x_wconf 86' lang='lat' dir='ltr'>ordinibus</span> <span class='ocrx_word' id='word_1_99' title='bbox 1543 1002 1717 1054; x_wconf 88' lang='lat' dir='ltr'>presbi-</span> 
     </span>
     <span class='ocr_line' id='line_1_14' title="bbox 80 1074 1717 1127; baseline -0.002 -11"><span class='ocrx_word' id='word_1_100' title='bbox 80 1082 259 1116; x_wconf 89' lang='lat' dir='ltr'>teratus</span> <span class='ocrx_word' id='word_1_101' title='bbox 294 1077 566 1127; x_wconf 85' lang='lat' dir='ltr'>insignitus;</span> <span class='ocrx_word' id='word_1_102' title='bbox 598 1075 821 1117; x_wconf 85' lang='lat' dir='ltr'>Societati</span> <span class='ocrx_word' id='word_1_103' title='bbox 849 1076 1023 1116; x_wconf 89' lang='lat' dir='ltr'>ascitus</span> <span class='ocrx_word' id='word_1_104' title='bbox 1047 1087 1169 1115; x_wconf 90' lang='lat' dir='ltr'>anno</span> <span class='ocrx_word' id='word_1_105' title='bbox 1206 1075 1396 1115; x_wconf 88' lang='lat' dir='ltr'>Domini</span> <span class='ocrx_word' id='word_1_106' title='bbox 1436 1074 1536 1113; x_wconf 73' lang='lat'>1554</span> <span class='ocrx_word' id='word_1_107' title='bbox 1559 1085 1717 1113; x_wconf 89' lang='lat' dir='ltr'>mense</span> 
     </span>
     <span class='ocr_line' id='line_1_15' title="bbox 80 1145 1717 1198; baseline -0.001 -11"><span class='ocrx_word' id='word_1_108' title='bbox 80 1146 343 1198; x_wconf 85' lang='lat' dir='ltr'>Septembri</span> <span class='ocrx_word' id='word_1_109' title='bbox 364 1147 599 1198; x_wconf 83' lang='lat' dir='ltr'>Lutetiae3</span> <span class='ocrx_word' id='word_1_110' title='bbox 631 1153 827 1195; x_wconf 80' lang='lat' dir='ltr'>statura,</span> <span class='ocrx_word' id='word_1_111' title='bbox 849 1147 1014 1197; x_wconf 86' lang='lat' dir='ltr'>forma,</span> <span class='ocrx_word' id='word_1_112' title='bbox 1049 1147 1352 1198; x_wconf 84' lang='lat' dir='ltr'>corporisque</span> <span class='ocrx_word' id='word_1_113' title='bbox 1385 1145 1717 1187; x_wconf 77' lang='lat' dir='ltr'>constitutione</span> 
     </span>
     <span class='ocr_line' id='line_1_16' title="bbox 81 1218 1710 1269; baseline -0.001 -11"><span class='ocrx_word' id='word_1_114' title='bbox 81 1219 293 1269; x_wconf 84' lang='lat' dir='ltr'>proxime</span> <span class='ocrx_word' id='word_1_115' title='bbox 312 1219 521 1258; x_wconf 86' lang='lat' dir='ltr'>referens</span> <span class='ocrx_word' id='word_1_116' title='bbox 543 1218 591 1259; x_wconf 83' lang='lat' dir='ltr'>P.</span> <span class='ocrx_word' id='word_1_117' title='bbox 616 1219 939 1259; x_wconf 85' lang='lat' dir='ltr'>Hieronimum</span> <span class='ocrx_word' id='word_1_118' title='bbox 959 1219 1141 1268; x_wconf 87' lang='lat' dir='ltr'>Natale;</span> <span class='ocrx_word' id='word_1_119' title='bbox 1167 1218 1239 1257; x_wconf 85' lang='lat' dir='ltr'>Vir</span> <span class='ocrx_word' id='word_1_120' title='bbox 1256 1218 1458 1267; x_wconf 88' lang='lat' dir='ltr'>humilis,</span> <span class='ocrx_word' id='word_1_121' title='bbox 1483 1223 1710 1257; x_wconf 86' lang='lat' dir='ltr'>maturus:</span> 
     </span>
     <span class='ocr_line' id='line_1_17' title="bbox 86 1287 1718 1341; baseline -0.001 -12"><span class='ocrx_word' id='word_1_122' title='bbox 86 1296 135 1329; x_wconf 90' lang='lat' dir='ltr'>vt</span> <span class='ocrx_word' id='word_1_123' title='bbox 168 1290 326 1330; x_wconf 83' lang='lat' dir='ltr'>verbis</span> <span class='ocrx_word' id='word_1_124' title='bbox 353 1289 571 1340; x_wconf 88' lang='lat' dir='ltr'>Apostoli</span> <span class='ocrx_word' id='word_1_125' title='bbox 607 1295 714 1330; x_wconf 85' lang='lat' dir='ltr'>Vtar</span> <span class='ocrx_word' id='word_1_126' title='bbox 744 1291 918 1330; x_wconf 73' lang='lat' dir='ltr'>tardus</span> <span class='ocrx_word' id='word_1_127' title='bbox 952 1291 1014 1330; x_wconf 79' lang='lat' dir='ltr'>ad</span> <span class='ocrx_word' id='word_1_128' title='bbox 1048 1289 1336 1341; x_wconf 77' lang='lat' dir='ltr'>loquendum</span> <span class='ocrx_word' id='word_1_129' title='bbox 1370 1292 1414 1328; x_wconf 80' lang='lat' dir='ltr'>et</span> <span class='ocrx_word' id='word_1_130' title='bbox 1447 1288 1621 1328; x_wconf 65' lang='lat' dir='ltr'>tardus</span> <span class='ocrx_word' id='word_1_131' title='bbox 1655 1287 1718 1327; x_wconf 80' lang='lat' dir='ltr'>ad</span> 
     </span>
     <span class='ocr_line' id='line_1_18' title="bbox 81 1359 1716 1413; baseline -0.001 -13"><span class='ocrx_word' id='word_1_132' title='bbox 81 1360 207 1400; x_wconf 73' lang='lat' dir='ltr'>iram</span> <span class='ocrx_word' id='word_1_133' title='bbox 229 1359 256 1411; x_wconf 75' lang='lat'>²,</span> <span class='ocrx_word' id='word_1_134' title='bbox 281 1361 383 1400; x_wconf 86' lang='lat' dir='ltr'>aliis</span> <span class='ocrx_word' id='word_1_135' title='bbox 400 1360 613 1412; x_wconf 88' lang='lat' dir='ltr'>blandus,</span> <span class='ocrx_word' id='word_1_136' title='bbox 638 1368 681 1400; x_wconf 91' lang='lat' dir='ltr'>et</span> <span class='ocrx_word' id='word_1_137' title='bbox 704 1361 827 1401; x_wconf 92' lang='lat' dir='ltr'>mitis</span> <span class='ocrx_word' id='word_1_138' title='bbox 857 1362 1069 1401; x_wconf 82' lang='lat' dir='ltr'>omnibus</span> <span class='ocrx_word' id='word_1_139' title='bbox 1091 1361 1371 1413; x_wconf 90' lang='lat' dir='ltr'>quibuscum</span> <span class='ocrx_word' id='word_1_140' title='bbox 1393 1365 1716 1409; x_wconf 90' lang='lat' dir='ltr'>conuersatur,</span> 
     </span>
     <span class='ocr_line' id='line_1_19' title="bbox 84 1431 1714 1483; baseline -0.001 -12"><span class='ocrx_word' id='word_1_141' title='bbox 84 1432 225 1472; x_wconf 91' lang='lat' dir='ltr'>etiam</span> <span class='ocrx_word' id='word_1_142' title='bbox 247 1431 303 1471; x_wconf 90' lang='lat' dir='ltr'>ab</span> <span class='ocrx_word' id='word_1_143' title='bbox 325 1432 512 1472; x_wconf 90' lang='lat' dir='ltr'>ineunte</span> <span class='ocrx_word' id='word_1_144' title='bbox 543 1439 712 1472; x_wconf 88' lang='lat' dir='ltr'>aetate.</span> <span class='ocrx_word' id='word_1_145' title='bbox 739 1431 1080 1472; x_wconf 90' lang='lat' dir='ltr'>Canonicatum</span> <span class='ocrx_word' id='word_1_146' title='bbox 1102 1431 1299 1483; x_wconf 85' lang='lat' dir='ltr'>reliquid</span> <span class='ocrx_word' id='word_1_147' title='bbox 1320 1438 1370 1471; x_wconf 86' lang='lat' dir='ltr'>Vt</span> <span class='ocrx_word' id='word_1_148' title='bbox 1388 1436 1714 1482; x_wconf 85' lang='lat' dir='ltr'>paupertatem</span> 
     </span>
     <span class='ocr_line' id='line_1_20' title="bbox 81 1501 1717 1554; baseline -0.001 -12"><span class='ocrx_word' id='word_1_149' title='bbox 81 1504 459 1554; x_wconf 88' lang='lat' dir='ltr'>amplecteretur.</span> <span class='ocrx_word' id='word_1_150' title='bbox 483 1502 533 1543; x_wconf 92' lang='lat' dir='ltr'>In</span> <span class='ocrx_word' id='word_1_151' title='bbox 555 1503 874 1554; x_wconf 88' lang='lat' dir='ltr'>concionibus,</span> <span class='ocrx_word' id='word_1_152' title='bbox 899 1504 984 1543; x_wconf 86' lang='lat' dir='ltr'>etsi</span> <span class='ocrx_word' id='word_1_153' title='bbox 1005 1515 1100 1543; x_wconf 90' lang='lat' dir='ltr'>non</span> <span class='ocrx_word' id='word_1_154' title='bbox 1121 1504 1390 1553; x_wconf 87' lang='lat' dir='ltr'>vehemens,</span> <span class='ocrx_word' id='word_1_155' title='bbox 1411 1511 1583 1552; x_wconf 88' lang='lat' dir='ltr'>tamen,</span> <span class='ocrx_word' id='word_1_156' title='bbox 1607 1501 1717 1553; x_wconf 87' lang='lat' dir='ltr'>quia</span> 
     </span>
     <span class='ocr_line' id='line_1_21' title="bbox 82 1573 1720 1626; baseline -0.001 -13"><span class='ocrx_word' id='word_1_157' title='bbox 82 1573 172 1613; x_wconf 92' lang='lat' dir='ltr'>Dei</span> <span class='ocrx_word' id='word_1_158' title='bbox 193 1575 291 1613; x_wconf 87' lang='lat' dir='ltr'>zelo</span> <span class='ocrx_word' id='word_1_159' title='bbox 314 1574 427 1624; x_wconf 83' lang='lat' dir='ltr'>agit,</span> <span class='ocrx_word' id='word_1_160' title='bbox 452 1575 626 1614; x_wconf 81' lang='lat' dir='ltr'>excitat</span> <span class='ocrx_word' id='word_1_161' title='bbox 648 1580 787 1626; x_wconf 91' lang='lat' dir='ltr'>atque</span> <span class='ocrx_word' id='word_1_162' title='bbox 805 1581 1068 1615; x_wconf 90' lang='lat' dir='ltr'>conmouet.</span> <span class='ocrx_word' id='word_1_163' title='bbox 1090 1574 1367 1626; x_wconf 83' lang='lat' dir='ltr'>Priusquam</span> <span class='ocrx_word' id='word_1_164' title='bbox 1385 1580 1540 1613; x_wconf 85' lang='lat' dir='ltr'>autem</span> <span class='ocrx_word' id='word_1_165' title='bbox 1558 1579 1720 1613; x_wconf 90' lang='lat' dir='ltr'>contu-</span> 
     </span>
     <span class='ocr_line' id='line_1_22' title="bbox 82 1643 1719 1697; baseline -0.001 -12"><span class='ocrx_word' id='word_1_166' title='bbox 82 1645 244 1685; x_wconf 90' lang='lat' dir='ltr'>bernio</span> <span class='ocrx_word' id='word_1_167' title='bbox 266 1652 426 1685; x_wconf 85' lang='lat' dir='ltr'>nostro</span> <span class='ocrx_word' id='word_1_168' title='bbox 448 1645 774 1696; x_wconf 85' lang='lat' dir='ltr'>ascisceretur,</span> <span class='ocrx_word' id='word_1_169' title='bbox 799 1646 1083 1696; x_wconf 82' lang='lat' dir='ltr'>aliquamdiu</span> <span class='ocrx_word' id='word_1_170' title='bbox 1112 1651 1156 1685; x_wconf 92' lang='lat' dir='ltr'>et</span> <span class='ocrx_word' id='word_1_171' title='bbox 1180 1644 1501 1697; x_wconf 88' lang='lat' dir='ltr'>philosophiae</span> <span class='ocrx_word' id='word_1_172' title='bbox 1524 1650 1567 1684; x_wconf 88' lang='lat' dir='ltr'>et</span> <span class='ocrx_word' id='word_1_173' title='bbox 1588 1643 1719 1683; x_wconf 86' lang='lat' dir='ltr'>theo·</span> 
     </span>
     <span class='ocr_line' id='line_1_23' title="bbox 83 1715 1719 1767; baseline -0.001 -12"><span class='ocrx_word' id='word_1_174' title='bbox 83 1716 236 1767; x_wconf 83' lang='lat' dir='ltr'>logiae</span> <span class='ocrx_word' id='word_1_175' title='bbox 259 1728 450 1767; x_wconf 87' lang='lat' dir='ltr'>operam</span> <span class='ocrx_word' id='word_1_176' title='bbox 480 1715 687 1767; x_wconf 87' lang='lat' dir='ltr'>dederat;</span> <span class='ocrx_word' id='word_1_177' title='bbox 723 1728 888 1756; x_wconf 87' lang='lat' dir='ltr'>verum</span> <span class='ocrx_word' id='word_1_178' title='bbox 924 1728 1029 1757; x_wconf 92' lang='lat' dir='ltr'>cum</span> <span class='ocrx_word' id='word_1_179' title='bbox 1064 1717 1162 1756; x_wconf 90' lang='lat' dir='ltr'>eius</span> <span class='ocrx_word' id='word_1_180' title='bbox 1191 1716 1345 1756; x_wconf 87' lang='lat' dir='ltr'>studia</span> <span class='ocrx_word' id='word_1_181' title='bbox 1378 1721 1602 1767; x_wconf 88' lang='lat' dir='ltr'>perpetua</span> <span class='ocrx_word' id='word_1_182' title='bbox 1623 1725 1719 1754; x_wconf 91' lang='lat' dir='ltr'>non</span> 
     </span>
     <span class='ocr_line' id='line_1_24' title="bbox 83 1786 1721 1838; baseline -0.001 -12"><span class='ocrx_word' id='word_1_183' title='bbox 83 1786 293 1838; x_wconf 87' lang='lat' dir='ltr'>fuissent,</span> <span class='ocrx_word' id='word_1_184' title='bbox 318 1787 399 1827; x_wconf 91' lang='lat' dir='ltr'>sed</span> <span class='ocrx_word' id='word_1_185' title='bbox 420 1786 689 1838; x_wconf 87' lang='lat' dir='ltr'>frequenter</span> <span class='ocrx_word' id='word_1_186' title='bbox 712 1787 1020 1838; x_wconf 88' lang='lat' dir='ltr'>interpellata,</span> <span class='ocrx_word' id='word_1_187' title='bbox 1048 1788 1107 1827; x_wconf 92' lang='lat' dir='ltr'>ad</span> <span class='ocrx_word' id='word_1_188' title='bbox 1142 1787 1242 1827; x_wconf 90' lang='lat' dir='ltr'>eius</span> <span class='ocrx_word' id='word_1_189' title='bbox 1276 1786 1551 1827; x_wconf 87' lang='lat' dir='ltr'>memoriam</span> <span class='ocrx_word' id='word_1_190' title='bbox 1585 1796 1721 1826; x_wconf 90' lang='lat' dir='ltr'>reno-</span> 
     </span>
     <span class='ocr_line' id='line_1_25' title="bbox 84 1857 1722 1910; baseline -0.002 -12"><span class='ocrx_word' id='word_1_191' title='bbox 84 1858 310 1908; x_wconf 90' lang='lat' dir='ltr'>uandam,</span> <span class='ocrx_word' id='word_1_192' title='bbox 352 1869 443 1910; x_wconf 90' lang='lat' dir='ltr'>quo</span> <span class='ocrx_word' id='word_1_193' title='bbox 478 1858 689 1898; x_wconf 87' lang='lat' dir='ltr'>foelicius</span> <span class='ocrx_word' id='word_1_194' title='bbox 724 1858 783 1898; x_wconf 89' lang='lat' dir='ltr'>ad</span> <span class='ocrx_word' id='word_1_195' title='bbox 817 1859 997 1898; x_wconf 90' lang='lat' dir='ltr'>maiora</span> <span class='ocrx_word' id='word_1_196' title='bbox 1038 1864 1418 1910; x_wconf 90' lang='lat' dir='ltr'>promoueretur,</span> <span class='ocrx_word' id='word_1_197' title='bbox 1456 1857 1613 1897; x_wconf 88' lang='lat' dir='ltr'>visum</span> <span class='ocrx_word' id='word_1_198' title='bbox 1652 1862 1722 1896; x_wconf 89' lang='lat' dir='ltr'>est</span> 
     </span>
     <span class='ocr_line' id='line_1_26' title="bbox 84 1927 1720 1981; baseline -0.001 -12"><span class='ocrx_word' id='word_1_199' title='bbox 84 1929 185 1969; x_wconf 78' lang='lat' dir='ltr'>R.d0</span> <span class='ocrx_word' id='word_1_200' title='bbox 216 1929 345 1969; x_wconf 84' lang='lat' dir='ltr'>Patri</span> <span class='ocrx_word' id='word_1_201' title='bbox 365 1936 540 1980; x_wconf 87' lang='lat' dir='ltr'>nostro,</span> <span class='ocrx_word' id='word_1_202' title='bbox 561 1929 665 1969; x_wconf 68' lang='lat' dir='ltr'><strong>D.s¹0</strong></span> <span class='ocrx_word' id='word_1_203' title='bbox 694 1930 932 1981; x_wconf 83' lang='lat' dir='ltr'>Pascasio,</span> <span class='ocrx_word' id='word_1_204' title='bbox 952 1931 1217 1970; x_wconf 90' lang='lat' dir='ltr'>consultum</span> <span class='ocrx_word' id='word_1_205' title='bbox 1234 1937 1284 1970; x_wconf 89' lang='lat' dir='ltr'>Vt</span> <span class='ocrx_word' id='word_1_206' title='bbox 1301 1928 1476 1980; x_wconf 89' lang='lat' dir='ltr'>aliquid</span> <span class='ocrx_word' id='word_1_207' title='bbox 1494 1927 1720 1979; x_wconf 91' lang='lat' dir='ltr'>temporis</span> 
     </span>
     <span class='ocr_line' id='line_1_27' title="bbox 83 1999 1718 2053; baseline -0.001 -13"><span class='ocrx_word' id='word_1_208' title='bbox 83 2001 130 2041; x_wconf 91' lang='lat' dir='ltr'>in</span> <span class='ocrx_word' id='word_1_209' title='bbox 152 2001 297 2041; x_wconf 89' lang='lat' dir='ltr'>literis</span> <span class='ocrx_word' id='word_1_210' title='bbox 319 2001 673 2042; x_wconf 85' lang='lat' dir='ltr'>humanioribus</span> <span class='ocrx_word' id='word_1_211' title='bbox 695 2001 999 2053; x_wconf 86' lang='lat' dir='ltr'>impenderet,</span> <span class='ocrx_word' id='word_1_212' title='bbox 1024 2000 1147 2052; x_wconf 91' lang='lat' dir='ltr'>quod</span> <span class='ocrx_word' id='word_1_213' title='bbox 1169 2012 1253 2041; x_wconf 90' lang='lat' dir='ltr'>suo</span> <span class='ocrx_word' id='word_1_214' title='bbox 1273 2011 1445 2050; x_wconf 81' lang='lat' dir='ltr'>magno</span> <span class='ocrx_word' id='word_1_215' title='bbox 1467 1999 1576 2039; x_wconf 89' lang='lat' dir='ltr'>fecit</span> <span class='ocrx_word' id='word_1_216' title='bbox 1596 2010 1718 2039; x_wconf 92' lang='lat' dir='ltr'>com-</span> 
     </span>
     <span class='ocr_line' id='line_1_28' title="bbox 86 2070 1719 2124; baseline -0.001 -12"><span class='ocrx_word' id='word_1_217' title='bbox 86 2072 238 2123; x_wconf 89' lang='lat' dir='ltr'>modo;</span> <span class='ocrx_word' id='word_1_218' title='bbox 263 2078 444 2112; x_wconf 88' lang='lat' dir='ltr'>tantum</span> <span class='ocrx_word' id='word_1_219' title='bbox 463 2073 588 2112; x_wconf 88' lang='lat' dir='ltr'>enim</span> <span class='ocrx_word' id='word_1_220' title='bbox 609 2073 856 2124; x_wconf 92' lang='lat' dir='ltr'>promouit,</span> <span class='ocrx_word' id='word_1_221' title='bbox 886 2078 936 2112; x_wconf 86' lang='lat' dir='ltr'>vt</span> <span class='ocrx_word' id='word_1_222' title='bbox 954 2073 993 2112; x_wconf 90' lang='lat' dir='ltr'>si</span> <span class='ocrx_word' id='word_1_223' title='bbox 1022 2084 1116 2112; x_wconf 88' lang='lat' dir='ltr'>non</span> <span class='ocrx_word' id='word_1_224' title='bbox 1152 2083 1259 2112; x_wconf 89' lang='lat' dir='ltr'>cum</span> <span class='ocrx_word' id='word_1_225' title='bbox 1294 2070 1719 2123; x_wconf 88' lang='lat' dir='ltr'>praestantioribus</span> 
     </span>
     <span class='ocr_line' id='line_1_29' title="bbox 86 2141 1721 2194; baseline -0.001 -12"><span class='ocrx_word' id='word_1_226' title='bbox 86 2143 466 2183; x_wconf 87' lang='lat' dir='ltr'>annumerandus</span> <span class='ocrx_word' id='word_1_227' title='bbox 505 2143 586 2194; x_wconf 90' lang='lat' dir='ltr'>sit,</span> <span class='ocrx_word' id='word_1_228' title='bbox 635 2145 801 2184; x_wconf 88' lang='lat' dir='ltr'>saltem</span> <span class='ocrx_word' id='word_1_229' title='bbox 840 2143 960 2183; x_wconf 88' lang='lat' dir='ltr'>inter</span> <span class='ocrx_word' id='word_1_230' title='bbox 999 2142 1177 2183; x_wconf 85' lang='lat' dir='ltr'>medios</span> <span class='ocrx_word' id='word_1_231' title='bbox 1216 2143 1315 2182; x_wconf 90' lang='lat' dir='ltr'>iure</span> <span class='ocrx_word' id='word_1_232' title='bbox 1354 2141 1721 2193; x_wconf 75' lang='lat' dir='ltr'>computabitur;</span> 
     </span>
     <span class='ocr_line' id='line_1_30' title="bbox 87 2212 1596 2266; baseline -0.002 -11"><span class='ocrx_word' id='word_1_233' title='bbox 87 2215 223 2255; x_wconf 91' lang='lat' dir='ltr'>nullis</span> <span class='ocrx_word' id='word_1_234' title='bbox 246 2214 370 2254; x_wconf 90' lang='lat' dir='ltr'>enim</span> <span class='ocrx_word' id='word_1_235' title='bbox 390 2214 541 2265; x_wconf 88' lang='lat' dir='ltr'>parcit</span> <span class='ocrx_word' id='word_1_236' title='bbox 561 2214 800 2255; x_wconf 88' lang='lat' dir='ltr'>laboribus</span> <span class='ocrx_word' id='word_1_237' title='bbox 822 2221 872 2254; x_wconf 90' lang='lat' dir='ltr'>Vt</span> <span class='ocrx_word' id='word_1_238' title='bbox 899 2226 1011 2254; x_wconf 89' lang='lat' dir='ltr'>suae</span> <span class='ocrx_word' id='word_1_239' title='bbox 1039 2214 1322 2266; x_wconf 88' lang='lat' dir='ltr'>respondeat</span> <span class='ocrx_word' id='word_1_240' title='bbox 1344 2212 1596 2253; x_wconf 90' lang='lat' dir='ltr'>vocationi.</span> 
     </span>
    </p>

    <p class='ocr_par' dir='ltr' id='par_1_4' title="bbox 86 2283 1724 2619">
     <span class='ocr_line' id='line_1_31' title="bbox 140 2283 1724 2337; baseline -0.003 -11"><span class='ocrx_word' id='word_1_241' title='bbox 140 2284 448 2336; x_wconf 86' lang='lat' dir='ltr'>Subsequitur</span> <span class='ocrx_word' id='word_1_242' title='bbox 476 2284 703 2336; x_wconf 84' lang='lat' dir='ltr'>Magister</span> <span class='ocrx_word' id='word_1_243' title='bbox 723 2285 927 2337; x_wconf 90' lang='lat' dir='ltr'>Jacobus</span> <span class='ocrx_word' id='word_1_244' title='bbox 958 2285 1196 2335; x_wconf 88' lang='lat' dir='ltr'>Morellus,</span> <span class='ocrx_word' id='word_1_245' title='bbox 1232 2295 1536 2334; x_wconf 89' lang='lat' dir='ltr'>normannus,</span> <span class='ocrx_word' id='word_1_246' title='bbox 1575 2283 1724 2323; x_wconf 88' lang='lat' dir='ltr'>ebroi-</span> 
     </span>
     <span class='ocr_line' id='line_1_32' title="bbox 90 2353 1724 2407; baseline -0.002 -11"><span class='ocrx_word' id='word_1_247' title='bbox 90 2357 263 2406; x_wconf 86' lang='lat' dir='ltr'>censis,</span> <span class='ocrx_word' id='word_1_248' title='bbox 290 2368 463 2396; x_wconf 90' lang='lat' dir='ltr'>annum</span> <span class='ocrx_word' id='word_1_249' title='bbox 495 2367 643 2407; x_wconf 86' lang='lat' dir='ltr'>agens</span> <span class='ocrx_word' id='word_1_250' title='bbox 668 2355 734 2407; x_wconf 84' lang='lat'>35,</span> <span class='ocrx_word' id='word_1_251' title='bbox 767 2356 981 2397; x_wconf 90' lang='lat' dir='ltr'>Lutetiae</span> <span class='ocrx_word' id='word_1_252' title='bbox 1008 2355 1232 2397; x_wconf 86' lang='lat' dir='ltr'>Societati</span> <span class='ocrx_word' id='word_1_253' title='bbox 1266 2355 1469 2395; x_wconf 89' lang='lat' dir='ltr'>nominis</span> <span class='ocrx_word' id='word_1_254' title='bbox 1502 2353 1615 2407; x_wconf 87' lang='lat' dir='ltr'>Jesu</span> <span class='ocrx_word' id='word_1_255' title='bbox 1645 2364 1724 2404; x_wconf 88' lang='lat' dir='ltr'>ag-</span> 
     </span>
     <span class='ocr_line' id='line_1_33' title="bbox 86 2424 1724 2479; baseline -0.001 -13"><span class='ocrx_word' id='word_1_256' title='bbox 86 2434 315 2479; x_wconf 85' lang='lat' dir='ltr'>gregatus</span> <span class='ocrx_word' id='word_1_257' title='bbox 350 2438 473 2467; x_wconf 89' lang='lat' dir='ltr'>anno</span> <span class='ocrx_word' id='word_1_258' title='bbox 506 2426 608 2467; x_wconf 69' lang='lat'>1544</span> <span class='ocrx_word' id='word_1_259' title='bbox 635 2439 793 2468; x_wconf 82' lang='lat' dir='ltr'>mense</span> <span class='ocrx_word' id='word_1_260' title='bbox 814 2427 979 2479; x_wconf 88' lang='lat' dir='ltr'>Aprili,</span> <span class='ocrx_word' id='word_1_261' title='bbox 1011 2427 1083 2468; x_wconf 88' lang='lat' dir='ltr'>vir</span> <span class='ocrx_word' id='word_1_262' title='bbox 1119 2426 1329 2478; x_wconf 88' lang='lat' dir='ltr'>apprime</span> <span class='ocrx_word' id='word_1_263' title='bbox 1365 2425 1617 2474; x_wconf 89' lang='lat' dir='ltr'>modestus,</span> <span class='ocrx_word' id='word_1_264' title='bbox 1642 2424 1724 2464; x_wconf 90' lang='lat' dir='ltr'>hu-</span> 
     </span>
     <span class='ocr_line' id='line_1_34' title="bbox 87 2495 1724 2549; baseline -0.002 -11"><span class='ocrx_word' id='word_1_265' title='bbox 87 2498 223 2547; x_wconf 81' lang='lat' dir='ltr'>milis,</span> <span class='ocrx_word' id='word_1_266' title='bbox 248 2504 535 2548; x_wconf 86' lang='lat' dir='ltr'>mansuetus,</span> <span class='ocrx_word' id='word_1_267' title='bbox 560 2504 610 2538; x_wconf 87' lang='lat' dir='ltr'>vt</span> <span class='ocrx_word' id='word_1_268' title='bbox 632 2498 717 2538; x_wconf 89' lang='lat' dir='ltr'>sibi</span> <span class='ocrx_word' id='word_1_269' title='bbox 738 2498 918 2549; x_wconf 84' lang='lat' dir='ltr'>rigidus</span> <span class='ocrx_word' id='word_1_270' title='bbox 939 2498 1005 2538; x_wconf 87' lang='lat' dir='ltr'>ita</span> <span class='ocrx_word' id='word_1_271' title='bbox 1031 2497 1178 2538; x_wconf 80' lang='lat' dir='ltr'>comis</span> <span class='ocrx_word' id='word_1_272' title='bbox 1197 2497 1426 2546; x_wconf 80' lang='lat' dir='ltr'>omnibuS,</span> <span class='ocrx_word' id='word_1_273' title='bbox 1460 2495 1598 2536; x_wconf 89' lang='lat' dir='ltr'>nullis</span> <span class='ocrx_word' id='word_1_274' title='bbox 1619 2506 1724 2546; x_wconf 87' lang='lat' dir='ltr'>par-</span> 
     </span>
     <span class='ocr_line' id='line_1_35' title="bbox 90 2566 1722 2619; baseline -0.002 -11"><span class='ocrx_word' id='word_1_275' title='bbox 90 2580 200 2609; x_wconf 91' lang='lat' dir='ltr'>cens</span> <span class='ocrx_word' id='word_1_276' title='bbox 229 2569 493 2609; x_wconf 86' lang='lat' dir='ltr'>laboribus:</span> <span class='ocrx_word' id='word_1_277' title='bbox 534 2580 658 2609; x_wconf 91' lang='lat' dir='ltr'>nunc</span> <span class='ocrx_word' id='word_1_278' title='bbox 697 2569 882 2609; x_wconf 91' lang='lat' dir='ltr'>demum</span> <span class='ocrx_word' id='word_1_279' title='bbox 920 2580 1086 2609; x_wconf 87' lang='lat' dir='ltr'>sacrae</span> <span class='ocrx_word' id='word_1_280' title='bbox 1122 2568 1386 2619; x_wconf 82' lang='lat' dir='ltr'>theologiae</span> <span class='ocrx_word' id='word_1_281' title='bbox 1427 2566 1722 2617; x_wconf 88' lang='lat' dir='ltr'>candidatus,</span> 
     </span>
    </p>
   </div>
   <div class='ocr_carea' id='block_1_3' title="bbox 88 2700 1727 2976">
    <p class='ocr_par' dir='ltr' id='par_1_5' title="bbox 88 2700 1727 2929">
     <span class='ocr_line' id='line_1_36' title="bbox 144 2700 1727 2739; baseline -0.003 -7"><span class='ocrx_word' id='word_1_282' title='bbox 144 2705 154 2725; x_wconf 89' lang='lat'>¹</span> <span class='ocrx_word' id='word_1_283' title='bbox 193 2705 303 2732; x_wconf 85' lang='lat' dir='ltr'>Natus</span> <span class='ocrx_word' id='word_1_284' title='bbox 318 2705 350 2732; x_wconf 90' lang='lat' dir='ltr'>in</span> <span class='ocrx_word' id='word_1_285' title='bbox 365 2704 487 2739; x_wconf 88' lang='lat' dir='ltr'>oppido</span> <span class='ocrx_word' id='word_1_286' title='bbox 503 2703 685 2737; x_wconf 83' lang='lat' dir='ltr'>Ingrande</span> <span class='ocrx_word' id='word_1_287' title='bbox 697 2704 753 2730; x_wconf 85' lang='lat' dir='ltr'>vel</span> <span class='ocrx_word' id='word_1_288' title='bbox 768 2702 1092 2737; x_wconf 78' lang='lat' dir='ltr'>Ingrandes.-Non</span> <span class='ocrx_word' id='word_1_289' title='bbox 1108 2711 1210 2730; x_wconf 90' lang='lat' dir='ltr'>unum</span> <span class='ocrx_word' id='word_1_290' title='bbox 1226 2707 1277 2730; x_wconf 87' lang='lat' dir='ltr'>est</span> <span class='ocrx_word' id='word_1_291' title='bbox 1293 2703 1325 2729; x_wconf 89' lang='lat' dir='ltr'>in</span> <span class='ocrx_word' id='word_1_292' title='bbox 1341 2702 1456 2730; x_wconf 85' lang='lat' dir='ltr'>Gallia</span> <span class='ocrx_word' id='word_1_293' title='bbox 1467 2701 1567 2737; x_wconf 80' lang='lat' dir='ltr'>hujus</span> <span class='ocrx_word' id='word_1_294' title='bbox 1581 2700 1727 2728; x_wconf 85' lang='lat' dir='ltr'>nominis</span> 
     </span>
     <span class='ocr_line' id='line_1_37' title="bbox 88 2748 1725 2788; baseline -0.004 -7"><span class='ocrx_word' id='word_1_295' title='bbox 88 2753 259 2788; x_wconf 82' lang='lat' dir='ltr'>oppidum;</span> <span class='ocrx_word' id='word_1_296' title='bbox 275 2752 332 2779; x_wconf 85' lang='lat' dir='ltr'>sed</span> <span class='ocrx_word' id='word_1_297' title='bbox 349 2756 508 2786; x_wconf 88' lang='lat' dir='ltr'>putamus</span> <span class='ocrx_word' id='word_1_298' title='bbox 524 2751 578 2778; x_wconf 90' lang='lat' dir='ltr'>hic</span> <span class='ocrx_word' id='word_1_299' title='bbox 603 2758 794 2778; x_wconf 84' lang='lat' dir='ltr'>sermonem</span> <span class='ocrx_word' id='word_1_300' title='bbox 811 2750 882 2778; x_wconf 75' lang='lat' dir='ltr'>fieri</span> <span class='ocrx_word' id='word_1_301' title='bbox 903 2751 942 2777; x_wconf 88' lang='lat' dir='ltr'>de</span> <span class='ocrx_word' id='word_1_302' title='bbox 958 2758 1008 2784; x_wconf 84' lang='lat' dir='ltr'>eo,</span> <span class='ocrx_word' id='word_1_303' title='bbox 1024 2751 1111 2785; x_wconf 87' lang='lat' dir='ltr'>quod</span> <span class='ocrx_word' id='word_1_304' title='bbox 1133 2751 1182 2778; x_wconf 91' lang='lat' dir='ltr'>ita</span> <span class='ocrx_word' id='word_1_305' title='bbox 1201 2751 1365 2778; x_wconf 83' lang='lat' dir='ltr'>describit</span> <span class='ocrx_word' id='word_1_306' title='bbox 1381 2750 1566 2777; x_wconf 80' lang='lat' dir='ltr'><strong>ADOLPHUS</strong></span> <span class='ocrx_word' id='word_1_307' title='bbox 1581 2748 1725 2782; x_wconf 79' lang='lat' dir='ltr'>JOANNE:</span> 
     </span>
     <span class='ocr_line' id='line_1_38' title="bbox 90 2795 1726 2831; baseline -0.002 -4"><span class='ocrx_word' id='word_1_308' title='bbox 90 2800 294 2831; x_wconf 73' lang='lat' dir='ltr'>INGRANDES.</span> <span class='ocrx_word' id='word_1_309' title='bbox 320 2798 623 2831; x_wconf 78' lang='lat' dir='ltr'>Maine-et-Loz&#39;re,</span> <span class='ocrx_word' id='word_1_310' title='bbox 639 2806 656 2826; x_wconf 90' lang='lat' dir='ltr'>c</span> <span class='ocrx_word' id='word_1_311' title='bbox 677 2798 717 2825; x_wconf 84' lang='lat' dir='ltr'>de</span> <span class='ocrx_word' id='word_1_312' title='bbox 735 2798 803 2825; x_wconf 88' lang='grc'>1328</span> <span class='ocrx_word' id='word_1_313' title='bbox 817 2798 863 2831; x_wconf 79' lang='lat' dir='ltr'>h..</span> <span class='ocrx_word' id='word_1_314' title='bbox 887 2805 945 2825; x_wconf 86' lang='lat' dir='ltr'>sur</span> <span class='ocrx_word' id='word_1_315' title='bbox 960 2805 1003 2825; x_wconf 90' lang='lat' dir='ltr'>un</span> <span class='ocrx_word' id='word_1_316' title='bbox 1024 2803 1146 2826; x_wconf 86' lang='lat' dir='ltr'>coteau</span> <span class='ocrx_word' id='word_1_317' title='bbox 1161 2799 1202 2825; x_wconf 85' lang='lat' dir='ltr'>de</span> <span class='ocrx_word' id='word_1_318' title='bbox 1224 2799 1258 2825; x_wconf 82' lang='lat' dir='ltr'>la</span> <span class='ocrx_word' id='word_1_319' title='bbox 1272 2797 1386 2831; x_wconf 81' lang='lat' dir='ltr'>Loire,</span> <span class='ocrx_word' id='word_1_320' title='bbox 1409 2799 1429 2824; x_wconf 74' lang='grc' dir='ltr'>ὲ.</span> <span class='ocrx_word' id='word_1_321' title='bbox 1445 2797 1480 2824; x_wconf 83' lang='grc'>27</span> <span class='ocrx_word' id='word_1_322' title='bbox 1500 2804 1555 2830; x_wconf 82' lang='lat' dir='ltr'>m.,</span> <span class='ocrx_word' id='word_1_323' title='bbox 1570 2799 1662 2824; x_wconf 90' lang='lat' dir='ltr'>cant.</span> <span class='ocrx_word' id='word_1_324' title='bbox 1686 2795 1726 2823; x_wconf 89' lang='lat' dir='ltr'>de</span> 
     </span>
     <span class='ocr_line' id='line_1_39' title="bbox 92 2843 1727 2881; baseline -0.003 -7"><span class='ocrx_word' id='word_1_325' title='bbox 92 2846 554 2881; x_wconf 78' lang='lat' dir='ltr'>saint-Georges-sur-Loire</span> <span class='ocrx_word' id='word_1_326' title='bbox 569 2846 615 2880; x_wconf 64' lang='lat'>(15</span> <span class='ocrx_word' id='word_1_327' title='bbox 628 2846 712 2879; x_wconf 60' lang='lat' dir='ltr'>kik),</span> <span class='ocrx_word' id='word_1_328' title='bbox 727 2845 865 2873; x_wconf 85' lang='lat' dir='ltr'>arrond.</span> <span class='ocrx_word' id='word_1_329' title='bbox 880 2845 1049 2879; x_wconf 82' lang='lat' dir='ltr'>d&#39;Angers</span> <span class='ocrx_word' id='word_1_330' title='bbox 1072 2845 1117 2878; x_wconf 72' lang='lat'>&lt;33</span> <span class='ocrx_word' id='word_1_331' title='bbox 1131 2845 1238 2877; x_wconf 59' lang='lat' dir='ltr'>kik)...</span> <span class='ocrx_word' id='word_1_332' title='bbox 1251 2844 1498 2872; x_wconf 70' lang='lat' dir='ltr'>Dc&#39;ctionnaire</span> <span class='ocrx_word' id='word_1_333' title='bbox 1519 2843 1727 2878; x_wconf 62' lang='lat' dir='ltr'>geographi·-</span> 
     </span>
     <span class='ocr_line' id='line_1_40' title="bbox 92 2894 435 2929; baseline 0 -8"><span class='ocrx_word' id='word_1_334' title='bbox 92 2902 159 2929; x_wconf 76' lang='lat' dir='ltr'>que</span> <span class='ocrx_word' id='word_1_335' title='bbox 174 2895 215 2921; x_wconf 80' lang='lat' dir='ltr'>de</span> <span class='ocrx_word' id='word_1_336' title='bbox 235 2895 267 2919; x_wconf 78' lang='lat' dir='ltr'>ln</span> <span class='ocrx_word' id='word_1_337' title='bbox 284 2894 435 2921; x_wconf 76' lang='lat' dir='ltr'>France.</span> 
     </span>
    </p>

    <p class='ocr_par' dir='ltr' id='par_1_6' title="bbox 149 2942 415 2976">
     <span class='ocr_line' id='line_1_41' title="bbox 149 2942 415 2976; baseline 0.004 -7"><span class='ocrx_word' id='word_1_338' title='bbox 149 2944 161 2962; x_wconf 66' lang='lat'>*-&#39;</span> <span class='ocrx_word' id='word_1_339' title='bbox 198 2942 304 2976; x_wconf 56' lang='lat' dir='ltr'>Jacob</span> <span class='ocrx_word' id='word_1_340' title='bbox 335 2943 356 2976; x_wconf 77' lang='lat' dir='ltr'>l,</span> <span class='ocrx_word' id='word_1_341' title='bbox 389 2946 415 2970; x_wconf 76' lang='grc'>9.</span> 
     </span>
    </p>
   </div>
  </div>
 </body>
</html>
