2028 3328
154 140 225 177 326
669 140 895 178 LITTERAE
922 148 1280 183 QUADRIMESTRES

154 236 268 275 vtile
289 235 392 276 dell'
417 236 570 276 anime
592 243 765 278 nostre:
791 249 817 277 a
840 248 921 277 sue
943 235 1144 276 orationi
1166 234 1211 274 di
1232 239 1351 274 tutto
1372 233 1404 272 il
1425 243 1565 272 cuore
1586 229 1694 271 tutti
1725 229 1789 269 al-

155 313 229 346 tra
249 308 379 347 volta
403 307 445 347 ci
466 308 894 348 raccomandiamo.

238 376 327 417 Del
348 377 557 429 Collegio
577 384 738 418 nostro
760 379 1063 427 Laurettanoj
1089 389 1115 416 a
1136 375 1202 427 gli
1221 374 1246 414 3
1268 374 1310 413 d'
1336 373 1498 425 Aprile
1524 372 1640 412 1555.

237 447 327 499 Qui
349 449 496 489 siamo
519 449 685 500 cinque
707 448 963 489 sacerdotti
984 453 1028 487 et
1050 446 1248 487 duodeci
1266 444 1440 485 fratelli
1459 443 1599 495 layci.

482 519 542 560 Di
563 520 622 560 V.
648 520 701 559 R.
726 519 773 559 P.
800 519 1004 569 indegno
1027 518 1074 557 in
1095 517 1284 558 Christo
1305 515 1496 566 figHoIo,

1063 659 1289 700 OLIUERIO
1325 657 1576 698 MANAREO.

239 874 591 927 Superscmptso
613 874 662 913 in
682 876 825 913 sexta
840 872 1048 924 pagina:
1069 871 1129 912 Al
1150 872 1291 912 molto
1314 869 1414 910 R.d0
1428 870 1474 909 in
1496 868 1685 909 Christo
1707 867 1793 908 Pa-

156 947 239 987 dre
261 947 292 986 il
312 946 359 987 P.
385 946 470 986 M.0
490 945 671 997 ignatio
694 945 749 985 de
771 944 951 996 Loyola
978 943 1223 995 Preposito
1255 941 1485 983 Generale
1514 939 1634 980 della
1655 938 1791 980 Com-

155 1018 333 1069 pagnia
355 1017 411 1057 de
431 1017 556 1070 Jesu,
581 1017 627 1056 in
647 1016 810 1056 Roma.

238 1088 348 1128 Alia
370 1100 529 1128 manu.
562 1087 677 1127 1555.
701 1087 888 1128 Loreto.
914 1086 1064 1138 Quad.
1089 1085 1134 1126 di
1155 1085 1342 1135 Loreto,
1366 1083 1391 1123 3
1413 1082 1459 1123 di
1480 1082 1656 1134 Aprile.

239 1160 417 1199 Eadem
433 1160 484 1199 in
494 1158 686 1211 pagina
703 1162 887 1199 octava.
906 1158 978 1198 EX
994 1156 1203 1207 Collegio
1220 1153 1472 1196 Lauretan’
1489 1153 1513 1193 6
1531 1153 1637 1205 (sic)
1652 1152 1792 1205 Apri-

158 1231 214 1271 lis
241 1231 356 1271 1555.

240 1302 304 1343 Et
325 1302 437 1342 alm.
462 1302 635 1343 Loreto
656 1302 722 1342 55.

820 1725 1156 1781 CCCLXIV

225 1955 273 1992 P.
296 1955 497 2002 Rapha'ei
516 1954 650 1992 Riera

272 2020 395 2058 Patri
413 2019 583 2067 ignatio
605 2020 657 2058 de
674 2020 858 2068 Loyola.

319 2085 528 2133 Laureto,
551 2086 573 2123 6
593 2085 760 2133 Aprilis
781 2086 874 2124 1555
893 2086 918 2124 ¹.

812 2223 944 2276 jhus.
969 2223 1133 2264 Maria.

235 2368 399 2409 Gratia
418 2373 463 2408 et
483 2378 577 2419 pax
601 2366 790 2407 Domini
811 2367 962 2407 nostri
982 2366 1093 2419 Jesu
1116 2366 1306 2417 Christi,
1330 2372 1418 2406 etc.

235 2439 467 2479 Exactum
488 2439 584 2479 iam
606 2444 808 2490 quatuor
829 2438 1060 2478 mensium
1082 2438 1301 2490 spatium,
1324 2449 1383 2477 ex
1404 2449 1496 2489 quo
1519 2437 1566 2477 in
1587 2436 1710 2477 hanc
1734 2435 1796 2476 al-

156 2522 282 2551 mam
311 2510 500 2550 domum
529 2509 809 2561 appulimus,
845 2508 946 2549 Rssle
970 2509 1016 2549 in
1046 2508 1238 2549 Christo
1268 2508 1422 2559 Pater,
1454 2519 1541 2548 nos
1570 2512 1727 2547 monet
1747 2511 1797 2546 ut

154 2581 311 2621 debito
334 2581 583 2632 fungentes
611 2580 906 2621 obedientiae
933 2591 1140 2631 munere,
1171 2580 1227 2620 de
1254 2585 1352 2620 toto
1383 2589 1608 2619 successu
1641 2588 1797 2618 rerum

155 2658 429 2692 nostrarum
450 2651 589 2691 R.da¹¹²
604 2651 654 2691 Ρ.
677 2651 729 2691 Τ.
755 2651 1009 2692 certiorem
1025 2651 1269 2691 faciamus.
1289 2649 1446 2690 Primo
1464 2649 1609 2700 igitur
1626 2648 1682 2688 de
1704 2647 1796 2688 foe-

156 2722 234 2763 lici
255 2733 479 2762 successu
500 2722 695 2770 itineris,
718 2722 780 2762 2.0
803 2722 859 2762 de
881 2728 1008 2762 statu
1029 2721 1395 2773 praeteritarum
1412 2726 1457 2760 et
1475 2717 1799 2771 praesentium

213 2855 222 2875 ¹
262 2855 521 2891 Autographae.
539 2856 685 2891 quinque
697 2859 897 2884 constantes
910 2856 1010 2890 foliis,
1021 2863 1076 2883 nn.
1090 2855 1387 2883 101—105.-Eadem
1399 2855 1471 2882 fere
1486 2854 1541 2881 hic
1554 2856 1743 2881 narrantur
1756 2859 1797 2880 ae

158 2903 193 2930 in
207 2903 492 2938 praecedentibus
507 2903 542 2931 P.
557 2903 700 2931 Oliverii
716 2903 881 2934 Manarei.
896 2904 914 2930 3
931 2903 1063 2938 Aprilis
1084 2903 1185 2930 datis.
1207 2902 1279 2930 Eas
1300 2906 1416 2929 tamen
1436 2902 1491 2929 hic
1513 2908 1653 2928 numero
1668 2904 1702 2928 et
1722 2900 1798 2928 loco

155 2950 341 2978 distinctas
355 2951 520 2985 ponimus,
536 2951 616 2985 quia
631 2951 674 2978 ab
690 2950 757 2978 alio
773 2951 990 2985 subscriptae
1006 2954 1085 2978 sunt
1099 2956 1133 2978 et
1148 2951 1180 2978 in
1194 2949 1314 2984 paucis
1329 2950 1372 2977 ab
1387 2948 1455 2977 illis
1471 2948 1650 2977 differunt.
