2028 3328
758 159 841 196 AN.
873 157 963 195 1555
980 197 982 201 ,
1616 156 1688 194 <283

52 262 119 301 ire
147 272 238 300 non
267 271 472 311 possum.
509 258 602 298 Res
635 268 748 309 ergo
776 257 842 298 ita
875 268 924 296 se
957 256 1110 296 habet.
1141 255 1432 295 Adolescens
1464 255 1537 294 hic
1573 255 1686 295 diui-

52 344 113 372 no
137 331 201 382 (ut
224 331 415 371 credere
437 330 630 381 dignum
653 332 737 377 est)
756 327 921 379 spiritu
944 332 1112 375 tactus,
1132 332 1176 365 et
1194 332 1380 377 patrum
1397 325 1687 377 fratrumque

54 409 325 442 nostrorum
360 401 457 441 uita
489 407 626 452 atque
657 399 871 450 exemplo
908 398 1143 447 incitatus,
1182 397 1227 436 in
1264 396 1470 436 animum
1506 396 1687 436 induxit

53 484 188 513 suum
212 471 495 513 Societatem
515 477 727 510 nostram
755 469 953 520 ingredi,
977 468 1109 508 cuius
1137 468 1202 507 rei
1236 466 1357 507 thus
1380 466 1428 506 P.
1459 467 1686 518 Baptista,

55 555 137 595 per
158 544 373 583 iuuenem
390 543 543 594 ipsum
565 542 737 582 certior
758 541 909 581 factus
931 539 1170 591 respondit
1190 545 1239 578 ut
1257 538 1446 578 omnino
1463 537 1690 578 diffideret

52 627 103 655 se
126 614 313 665 assequi
329 625 467 665 posse
485 613 608 665 quod
625 613 830 664 optabat,
851 611 939 651 nisi
957 611 1086 662 prius
1103 610 1267 650 matris
1290 621 1418 659 suae,
1443 615 1486 648 et
1509 620 1687 659 eorum,

54 685 132 737 qui
154 685 298 736 ipsius
320 696 483 724 curam
504 684 694 734 habent,
718 684 1008 723 uoluntatem
1036 689 1288 721 uenaretur
1320 680 1425 730 (hoc
1455 680 1579 719 enim
1607 680 1689 719 im-

52 762 237 796 matura
260 755 358 795 eius
381 762 512 795 aetas
533 754 828 806 postulabat).
848 753 943 793 Nec
962 753 1156 792 multum
1174 751 1397 803 temporis
1416 750 1687 799 interfluxit,

54 827 167 879 quin
186 827 260 866 1116
282 825 435 866 Patris
457 826 605 866 nostri
623 824 752 876 jussa
775 829 1084 875 exequeretur
1115 822 1345 873 matrique
1374 834 1473 862 rem
1505 833 1691 861 omnem

55 897 281 938 indicauit
304 897 454 948 (pater
476 909 678 948 namque
701 895 912 946 obierat);
937 906 1056 946 quae
1074 901 1255 934 tantum
1278 893 1409 933 abest
1427 900 1476 933 ut
1494 894 1647 933 aliena
1664 904 1691 932 a

54 969 135 1009 filii
156 969 388 1009 sententia
411 967 565 1018 fuerit,
585 974 634 1007 ut
656 967 797 1008 etiam
814 966 976 1006 eodem
995 977 1178 1018 quoque
1196 965 1421 1015 flagraret
1439 964 1687 1013 desiderio,

54 1040 187 1080 cuius
208 1040 275 1079 rei
296 1050 477 1091 preceS,
503 1050 621 1090 quas
642 1039 701 1078 ad
723 1038 1089 1089 omnipotentem
1106 1036 1259 1076 Deum
1276 1035 1452 1085 effudit,
1472 1035 1607 1075 nobis
1624 1046 1694 1074 ar—

53 1118 276 1163 gumento
298 1122 401 1151 esse
422 1116 633 1162 possunt.
656 1109 790 1159 Nam,
810 1114 859 1148 ut
881 1108 1154 1148 adolescens
1175 1107 1308 1147 nobis
1331 1113 1494 1158 postea
1512 1106 1688 1155 retulit,

54 1183 156 1234 ipsa
187 1182 384 1230 genibus
401 1182 649 1232 prouoluta
671 1181 958 1220 immortales
985 1179 1085 1219 Deo
1106 1178 1287 1229 gratias
1308 1178 1417 1228 egit,
1443 1176 1567 1229 quod
1589 1188 1694 1216 eam

54 1260 258 1295 mentem
286 1253 585 1304 animumque
612 1251 859 1291 donauerit
886 1250 993 1291 filio.
1024 1249 1181 1290 Noluit
1209 1255 1367 1289 tamen
1398 1249 1528 1300 prius
1563 1253 1691 1299 pote-

54 1331 224 1366 statem
241 1324 302 1364 1111
319 1323 475 1363 facere
492 1334 632 1374 quam
647 1322 828 1362 iuuenis
845 1332 985 1361 auum
1000 1322 1262 1361 consuleret
1280 1320 1580 1371 animumque
1593 1324 1690 1358 ten-

57 1401 194 1445 taret,
214 1396 292 1446 qui
309 1394 538 1446 principio
550 1405 644 1433 non
661 1394 828 1443 renuit,
842 1392 986 1432 voluit
999 1398 1156 1431 tamen
1175 1391 1296 1431 scire
1315 1397 1497 1431 essetne
1510 1390 1693 1430 iuuenis

55 1473 218 1508 nostro
242 1466 433 1506 hortatu
455 1466 501 1505 in
528 1476 631 1504 earn
658 1464 938 1504 sententiam
967 1463 1209 1514 ingressus
1235 1473 1397 1513 necne3
1428 1472 1625 1513 cumque
1647 1461 1694 1501 id

56 1538 246 1578 minime
264 1547 425 1577 uerum
445 1548 546 1576 esse
564 1535 883 1586 comperisset,
902 1534 1075 1586 placuit
1094 1534 1276 1585 nepotis
1295 1533 1500 1573 animum
1515 1532 1693 1583 experi-

58 1611 112 1660 ri,
136 1608 462 1661 pollicitusque
483 1612 553 1646 est
574 1617 813 1657 nunquam
834 1617 883 1645 se
912 1604 1219 1645 deducturum
1240 1604 1296 1644 de
1320 1602 1437 1656 [sua]
1461 1603 1694 1643 sententia

56 1681 290 1730 iuuenem,
314 1679 352 1719 si
370 1678 508 1718 modo
531 1678 628 1729 ipse
650 1678 696 1717 in
717 1690 771 1717 ea
793 1677 1098 1728 permanebit.
1123 1676 1253 1716 Haec
1276 1676 1432 1715 omnia
1455 1681 1562 1715 acta
1581 1680 1690 1714 sunt

55 1751 237 1792 iuuenis
259 1755 426 1801 patruo
449 1749 611 1799 inscio,
635 1748 718 1788 sub
737 1748 869 1788 cuius
889 1749 1032 1787 tutela
1055 1747 1128 1787 ille
1150 1752 1234 1797 est;
1260 1746 1337 1798 qui
1359 1757 1465 1786 cum
1486 1745 1693 1797 primum

56 1834 157 1863 rem
174 1821 414 1873 cognouit,
438 1820 674 1872 prohibuit
695 1831 752 1859 ne
774 1819 833 1859 ad
854 1825 1041 1859 nostras
1063 1818 1250 1858 scholas
1272 1817 1471 1869 amplius
1493 1816 1690 1863 ueniret,

54 1905 252 1945 sperans
286 1904 335 1932 se
369 1892 458 1932 hoc
496 1890 632 1931 modo
660 1890 796 1931 facile
832 1901 1110 1930 auersurum
1142 1901 1168 1928 a
1206 1888 1342 1928 nobis
1378 1887 1691 1928 adolescentis

58 1965 282 2015 animum,
306 1963 387 2003 sed
407 1963 552 2002 multo
575 1962 708 2002 aliter
730 1973 780 2001 se
801 1973 876 2001 res
893 1961 1069 2001 habuit.
1094 1959 1214 2000 Nam
1231 1960 1318 2000 etsi
1334 1959 1409 1999 1116
1429 1959 1487 1999 3(1
1508 1958 1695 1999 scholas

56 2047 150 2076 non
172 2035 345 2085 ueniat,
375 2040 533 2074 tamen
562 2032 813 2084 aliquando
843 2032 961 2072 fallit
992 2037 1212 2083 patruum
1241 2037 1285 2071 et
1312 2030 1371 2070 ad
1398 2041 1485 2070 nos
1515 2041 1564 2069 56
1587 2041 1693 2069 con-

55 2107 160 2156 fert,
183 2112 398 2146 nostrum
420 2105 677 2155 implorans
700 2103 940 2144 auxilium.
966 2102 1105 2143 Pater
1126 2109 1283 2142 tamen
1309 2100 1516 2154 Joannes
1537 2101 1693 2152 Bapti-

58 2184 132 2218 sta
155 2177 455 2217 immaturam
477 2175 575 2215 eius
597 2181 799 2215 aetatem
821 2180 1060 2225 causatur,
1090 2186 1148 2214 ne
1169 2174 1209 2214 si
1230 2174 1347 2214 forte
1368 2173 1521 2224 ipsum
1552 2171 1694 2211 admi-

56 2248 194 2289 sisset
215 2247 361 2288 inuito
384 2252 552 2298 patruo
576 2245 671 2297 (qui
691 2257 747 2286 ex
768 2245 1050 2297 primoribus
1077 2245 1205 2285 urbis
1233 2245 1334 2295 est),
1358 2244 1485 2284 fama
1507 2254 1590 2294 per
1621 2254 1693 2282 ur-

56 2320 162 2360 bem
184 2324 398 2358 manaret
419 2329 589 2369 pueros
619 2316 937 2357 familiaritate
958 2323 1119 2356 nostra
1142 2316 1263 2356 allici
1297 2327 1352 2355 ac
1384 2314 1550 2366 decipi;
1574 2325 1695 2365 quac

59 2402 134 2431 res
155 2402 248 2430 non
266 2400 465 2441 paruum
482 2388 657 2428 nostris
676 2388 850 2428 scholis
868 2387 1061 2428 afferret
1079 2388 1424 2428 detrimentum.
1441 2385 1498 2425 R.
1522 2385 1571 2425 Ρ.
1590 2384 1692 2425 Τ113

58 2462 188 2502 illum
209 2460 310 2501 Deo
333 2460 431 2500 suis
454 2459 743 2499 orationibus
773 2458 1084 2509 commendet,
1114 2469 1288 2509 magna
1319 2456 1441 2497 enim
1464 2468 1537 2496 me
1569 2461 1696 2496 tenet

57 2543 166 2584 spes
189 2531 441 2583 aliquando
464 2530 653 2570 tandem
674 2529 951 2579 religionem
971 2535 1181 2569 nostram
1203 2529 1542 2579 ingressurum.

138 2603 222 2644 Est
244 2603 384 2642 etiam
409 2603 540 2651 alter,
574 2601 653 2652 qui
673 2601 838 2640 eodem
866 2611 1049 2651 quoque
1071 2606 1255 2640 tenetur
1284 2599 1533 2649 desiderio,
1562 2597 1695 2637 cuius

60 2675 128 2715 rei
153 2674 309 2726 gratia
336 2680 519 2725 patrem
546 2673 591 2712 in
623 2672 871 2722 collegium
898 2678 1112 2711 nostrum
1140 2671 1350 2720 adduxit,
1387 2670 1466 2722 qui
1487 2669 1696 2709 animum

59 2745 139 2785 filii
161 2744 358 2784 summis
379 2743 594 2784 laudibus
615 2743 674 2783 ad
696 2744 876 2783 coelum
898 2743 1077 2793 extulit,
1101 2742 1410 2793 promisitque
1431 2753 1524 2781 non
1545 2740 1699 2780 solum

57 2816 187 2856 illum
206 2827 300 2856 non
316 2815 661 2867 impediturum,
681 2814 720 2854 51
737 2814 782 2854 111
799 2813 963 2854 eadem
980 2814 1212 2854 sententia
1229 2812 1580 2865 permansisset,
1601 2811 1695 2851 imo

62 2887 192 2927 illum
216 2892 483 2926 currentem
504 2885 823 2925 incitaturum.

143 2958 242 2998 Hoc
266 2958 373 3009 quia
403 2957 614 2997 nonnihil
644 2957 828 3008 gratiae
860 2957 1031 2996 habere
1054 2957 1314 3007 uidebatur,
1347 2968 1592 2997 recensere
1619 2967 1698 2995 uo—
