2028 3328
218 111 288 147 276
730 109 959 148 LITTERAE
985 121 1342 155 QUADRIMESTRES

224 207 401 247 audiuit
434 205 461 257 ¹>
493 207 752 259 perfectum
785 208 1108 259 dotatumque‚
1146 213 1285 258 prout
1317 206 1406 246 hoc
1444 213 1652 257 tempore
1688 207 1857 257 potuit‚,

221 290 326 318 cum
357 279 450 318 iam
479 284 621 330 esset,
651 279 808 319 multis
837 278 891 319 R.
921 278 970 320 P.
1009 278 1310 329 Praepositus
1337 277 1677 317 sollicitabatur
1705 277 1862 318 literis.

219 356 263 390 et
291 349 524 401 precibus,
553 356 603 390 ut
629 350 707 402 qui
734 349 947 390 mittendi
975 355 1130 398 erant,
1165 360 1306 399 quam
1339 348 1561 388 citissime
1588 347 1849 399 proficisce-

219 426 396 460 rentur.
420 420 555 472 Quod
577 432 683 461 cum
704 432 817 472 prae
848 420 1005 472 inopia
1035 419 1359 470 operariorum
1385 424 1628 470 praestare
1657 419 1732 458 ille
1759 431 1854 460 non

218 497 391 543 posset,
416 492 580 532 obtulit
600 492 759 532 diuina
776 490 1071 543 prouidentia
1093 490 1394 530 occasionem
1423 497 1473 530 ut
1495 489 1674 529 ciuitati
1696 495 1853 530 tamen

217 563 550 604 honestissime
579 563 841 603 satisfieret.
875 562 1016 601 Hisce
1048 561 1169 601 enim
1200 561 1332 601 festis
1360 561 1585 601 natalitiis
1607 560 1778 600 missus
1807 560 1855 601 in

217 646 322 674 eam
344 634 507 674 urbem
529 645 648 674 unus
670 645 728 673 ex
749 632 802 672 R.
826 632 877 673 P.
902 632 1040 672 huius
1063 631 1261 682 Collegii
1281 632 1341 672 ad
1363 631 1558 672 Assueri
1578 637 1607 682 2,
1632 632 1710 683 qui
1732 632 1851 672 alter

216 710 285 745 est
306 704 529 756 Proregis
555 704 690 752 filius,
720 704 912 755 eiusque
935 702 981 742 in
1016 714 1070 742 ea
1099 702 1215 742 vrbe
1242 702 1470 752 uicarius,
1508 702 1853 742 confessionem

217 776 512 826 audiendam,
538 775 679 815 etiam
699 774 1069 825 magistratibus,
1099 786 1125 814 a
1147 773 1314 825 quibus
1336 773 1671 814 humanissime
1693 779 1762 813 est
1780 785 1851 813 ac-

216 837 394 898 ceptus,
420 846 660 898 professus
681 851 750 885 est
772 857 825 885 eo
848 856 898 885 se
919 844 1120 895 uenisse,
1147 849 1196 884 ut
1217 843 1467 885 Societatis
1484 855 1627 884 causa
1644 843 1759 884 nihil
1780 835 1851 884 eo-

215 929 334 968 rum,
359 929 479 969 quae
502 917 733 969 promissa
754 915 955 964 fuerant,
980 915 1250 956 defuturum
1268 915 1579 966 polliceretur:
1604 916 1766 955 deesse
1787 921 1853 955 ta-

216 1001 322 1029 men
339 988 491 1029 adhuc
509 986 740 1040 quaedam
757 987 803 1027 in
814 987 1040 1037 Collegio‚
1057 997 1177 1038 quae
1193 986 1439 1037 preparari
1460 991 1568 1026 ante
1584 992 1853 1026 nostrorum

214 1060 320 1100 illuc
345 1060 596 1100 aduentum
618 1064 871 1110 oporteret.
896 1057 1051 1109 Quare
1075 1057 1507 1097 commodissimum
1527 1058 1735 1108 utrisque
1752 1057 1854 1097 fore

216 1130 367 1171 uisum
395 1137 479 1181 est,
510 1137 561 1170 ut
590 1129 793 1180 (tametsi
826 1129 920 1169 iam
954 1129 1060 1168 inde
1091 1140 1118 1168 a
1147 1127 1411 1179 Septembri
1440 1127 1618 1168 reditus
1644 1127 1691 1168 in
1718 1139 1856 1168 usum

216 1202 411 1252 Collegii
447 1201 746 1252 colligantur)
774 1206 963 1252 patrum
990 1206 1148 1239 tamen
1185 1198 1416 1239 aduentus
1447 1199 1494 1238 in
1533 1204 1752 1250 quartum
1779 1199 1853 1239 ab·

217 1273 325 1314 hinc
348 1284 557 1314 mensem
578 1272 859 1312 differretur.
884 1271 1033 1322 Quam
1056 1271 1100 1310 in
1135 1270 1416 1310 sententiam
1437 1270 1742 1310 libentissime
1764 1270 1855 1321 ipsi

220 1355 404 1396 quoque
426 1343 784 1384 descenderunt.

294 1415 424 1455 Haec
447 1420 569 1466 sunt,
593 1413 648 1454 R.
672 1413 739 1459 P..
765 1425 885 1466 quae
906 1413 1019 1453 mihi
1042 1424 1145 1452 sese
1174 1412 1382 1452 obtulere
1405 1412 1667 1452 scribenda.
1692 1410 1850 1452 Pater-

217 1486 377 1526 nitatis
398 1492 507 1526 tuae
523 1485 711 1526 interim
732 1485 819 1525 erit
842 1484 966 1536 apud
988 1483 1141 1524 Deum
1158 1494 1346 1534 rogare,
1369 1489 1418 1523 ut
1441 1482 1472 1522 ii
1493 1483 1638 1522 simus
1654 1483 1853 1534 posthac

216 1557 434 1610 operarii,
459 1563 508 1598 ut
535 1568 630 1597 non
661 1556 800 1597 modo
828 1561 965 1608 parta
991 1555 1158 1595 messis
1185 1566 1281 1594 non
1309 1554 1567 1604 amittatur,
1601 1553 1684 1594 sed
1711 1554 1853 1594 etiam

217 1634 522 1669 conseruetur
544 1634 589 1668 et
611 1633 838 1678 augescat
858 1626 905 1666 in
925 1626 1146 1666 Domino.

295 1699 346 1740 In
369 1699 558 1740 Genaro
579 1698 914 1738 1555.—Mense
934 1697 1149 1750 Januarii
1174 1696 1290 1737 1555.

1027 1839 1319 1880 FRANciscus
1346 1838 1636 1879 STEPHANUS.

225 2101 227 2104 ,
296 2057 359 2096 In
390 2060 564 2107 quarta
593 2054 783 2107 pagina
806 2054 919 2094 haec
951 2057 1139 2093 temtum
1166 2052 1426 2103 leguntur:
1447 2052 1473 2097 †
1499 2050 1662 2090 Mess.a
1681 2050 1852 2102 Janua·

216 2128 286 2168 rio
311 2128 426 2169 1555.

271 2311 279 2330 ¹
320 2311 408 2338 Vide
424 2318 540 2345 supra,
554 2317 633 2345 pag.
649 2310 693 2336 45.

268 2358 283 2378 2
319 2358 504 2393 Hispanice
521 2357 642 2384 Suero.
