2028 3328
274 184 344 220 080
790 181 1017 218 LITTERAE
1038 188 1396 224 QUADRmsssrREs

357 279 710 331 Superscrzptz'o
733 278 781 317 in
803 282 977 329 quarta
988 276 1203 329 pagina:
1224 277 1251 323 †
1271 274 1373 314 R.d0
1398 274 1445 313 in
1462 272 1649 313 Christo
1667 272 1796 312 Patri
1813 271 1906 312 Ma·

275 351 424 402 gistro
446 350 632 391 domino
654 357 815 390 nostro
838 352 863 398 ¹,
891 348 1073 399 Ignatio
1096 347 1151 387 de
1174 346 1372 397 Loyola,
1397 343 1673 395 Praeposito
1694 342 1907 394 generali

277 421 527 464 Societatis
546 421 673 474 Jesu,
696 420 890 461 Romae.

355 493 467 533 Alia
488 503 650 533 manu:
675 492 789 531 1555.
815 492 1027 532 Genoua.
1057 488 1449 540 Quadrimestres.
1477 484 1524 525 10
1545 485 1777 525 Octobris.

493 987 773 1015 Praecedentium
789 986 956 1020 Alphonsi
973 985 1175 1013 Hernandez
1190 985 1386 1012 litterarum
1404 983 1522 1011 italica
1538 982 1652 1010 versio
1667 982 1689 1009 Ξ.

1022 1131 1153 1236 ]ὴᾙ5.

356 1347 457 1388 R.d0
484 1347 530 1387 in
553 1346 738 1388 Christo
754 1345 919 1386 Padre.

359 1419 457 1459 Pax
478 1417 551 1458 X.1
580 1424 667 1458 etc.

359 1490 522 1529 Percio
545 1489 631 1529 che
652 1489 743 1528 3113
766 1488 820 1528 R.
844 1487 905 1528 V.
929 1499 1022 1527 non
1044 1487 1241 1539 piaceno
1262 1485 1434 1536 longhe
1456 1485 1635 1535 parole,
1660 1483 1846 1535 quando
1867 1483 1913 1522 la

279 1573 390 1601 cosa
424 1572 472 1601 se
500 1572 592 1612 puo
625 1560 723 1600 dire
753 1560 799 1599 in
830 1558 994 1610 poche,
1027 1568 1359 1610 procureremo
1388 1556 1688 1596 breuemente
1710 1553 1914 1594 narrarli

283 1632 434 1684 quello
456 1631 540 1671 che
562 1631 609 1671 in
630 1631 780 1682 questi
802 1636 989 1682 quattro
1010 1629 1127 1670 mesi
1147 1628 1326 1680 passati
1347 1629 1383 1668 s’
1404 1631 1428 1668 e
1445 1629 1524 1679 qui
1540 1626 1672 1677 fatto,
1693 1631 1737 1666 et
1753 1626 1796 1665 13
1813 1625 1912 1665 bre-

279 1704 376 1743 111ῒὲ1
397 1703 469 1743 (161
491 1708 647 1754 tempo
679 1707 844 1754 questo
874 1701 1129 1741 medesimo
1159 1699 1385 1750 richiede,
1416 1697 1656 1739 conciosia
1685 1708 1796 1737 cosa
1828 1695 1915 1736 che

281 1786 432 1826 apena
453 1774 517 1814 mi
537 1773 649 1813 resti
671 1780 825 1824 tempo
848 1784 931 1824 per
961 1772 1168 1812 scriuere
1189 1776 1354 1823 questa
1384 1781 1467 1822 per
1497 1770 1539 1809 16
1561 1768 1694 1809 molti
1715 1778 1914 1818 occupa-

280 1846 416 1897 tioni;
439 1846 784 1886 nientedimeno
806 1844 1070 1885 essendomi
1091 1848 1314 1895 proposta
1335 1841 1363 1882 1’
1384 1841 1664 1890 obedientia,
1681 1839 1819 1880 elessi
1835 1838 1913 1891 pisi

277 1923 401 1957 tosto
423 1917 622 1969 pigliare
645 1922 808 1969 questo
831 1915 1040 1956 incarico
1063 1915 1149 1955 che
1171 1920 1301 1954 tanto
1323 1926 1349 1953 0
1371 1918 1546 1965 quanto
1569 1911 1675 1952 dall’
1701 1909 1915 1951 obedien-

281 1988 347 2029 tia
367 1988 575 2029 suiarmi.

361 2059 696 2100 Cominciando
719 2059 936 2109 adunque
958 2057 1078 2098 dalle
1100 2055 1400 2106 confessioni,
1424 2056 1464 2095 le
1487 2054 1614 2104 Quali
1635 2053 1848 2104 sogliono
1870 2057 1918 2091 et

285 2131 352 2182 gli
371 2130 581 2171 huomini
603 2130 661 2170 da
682 2130 799 2170 bene
821 2135 865 2169 et
887 2129 918 2169 11
940 2128 1091 2180 spiriti
1111 2127 1272 2168 celesti
1287 2127 1386 2167 fare
1405 2126 1680 2176 rallegrare,
1700 2125 1748 2164 in
1764 2122 1919 2174 questi

281 2201 459 2241 rumori
481 2201 601 2241 della
622 2211 794 2252 guerra
817 2207 860 2240 et
881 2199 1065 2240 tumulti
1087 2198 1133 2238 di
1153 2197 1356 2248 barbari,
1388 2196 1581 2248 parechi
1607 2206 1691 2246 per
1717 2194 1916 2246 cagione

282 2272 402 2312 dello
423 2283 561 2312 sacro
583 2272 787 2322 giubileo
809 2283 858 2311 se
880 2282 995 2311 sono
1024 2268 1277 2310 confessati
1307 2273 1352 2308 et
1383 2267 1500 2307 tanti
1530 2278 1587 2306 ne
1619 2276 1826 2306 uennero
1856 2265 1917 2305 (13

282 2343 363 2383 1101
383 2343 469 2383 6116
492 2354 642 2394 apena
665 2348 900 2394 poteuano
922 2341 953 2381 li
973 2339 1066 2381 R.di
1087 2339 1237 2380 nostri
1251 2337 1406 2388 Padri,
1425 2339 1498 2377 ne'
1519 2337 1675 2388 giorni
1693 2336 1842 2376 anche
1859 2335 1916 2375 dc

281 2415 446 2454 lauoro
468 2413 670 2465 partirse
693 2413 815 2453 dalla
837 2413 1009 2453 chiesa.
1033 2411 1199 2452 Percio
1222 2410 1309 2451 che
1330 2410 1405 2449 nel
1425 2419 1539 2449 uero
1561 2407 1716 2460 quelli,
1740 2406 1771 2446 li
1788 2405 1917 2457 quali

284 2496 379 2524 non
400 2484 439 2524 si
460 2485 683 2524 soleuano
705 2484 976 2524 confessare
997 2482 1077 2534 pisi
1107 2481 1149 2522 d’
1180 2492 1272 2521 una
1308 2480 1436 2520 uolta
1469 2480 1498 2519 l'
1536 2489 1674 2529 anno,
1712 2477 1841 2517 tirati
1870 2476 1920 2516 di

286 2555 435 2595 nostri
456 2554 612 2606 Padri,
635 2555 714 2607 pisi
737 2566 898 2606 spesso
919 2554 958 2593 si
979 2552 1276 2601 confessano,
1300 2551 1332 2591 il
1352 2550 1453 2601 che,
1483 2549 1616 2590 accio
1644 2548 1724 2600 pisi
1753 2558 1915 2600 spesso

285 2626 324 2665 si
344 2637 485 2677 possa
507 2626 679 2677 meglio
700 2625 801 2666 fare
822 2631 867 2665 et
888 2625 1187 2675 frequentare
1208 2624 1251 2662 13
1273 2621 1616 2671 communione,
1642 2619 1747 2660 tutti
1774 2619 1788 2659 i
1814 2630 1919 2670 pec-

287 2697 395 2747 cati,
420 2697 546 2748 quali
569 2696 627 2737 da
650 2698 750 2737 loro
772 2696 1076 2736 fanciullezza
1098 2693 1392 2743 commisero,
1425 2693 1519 2732 han
1541 2690 1824 2739 confessato,
1854 2689 1921 2728 tal

289 2767 374 2806 che
396 2779 484 2807 con
509 2767 704 2818 ragione
727 2768 765 2807 si
783 2778 874 2818 puo
893 2767 936 2806 13
955 2764 1248 2806 confessione
1266 2763 1365 2803 dire
1381 2774 1489 2803 6563
1508 2762 1625 2802 (16116
1642 2761 1794 2801 buone
1814 2771 1920 2811 ope-

341 2901 348 2920 ¹
393 2901 499 2928 Voces
514 2902 576 2929 has
591 2903 732 2929 domino
748 2903 866 2929 nostro
882 2900 1089 2928 cancellavit
1104 2899 1246 2933 antiqua
1260 2905 1391 2926 manus.

338 2947 352 2966 ἓ
389 2948 665 2983 Autographum,
680 2953 717 2976 ut
731 2949 877 2981 videtur,
893 2947 1086 2981 exemplum
1100 2946 1133 2973 in
1147 2945 1225 2973 solio
1241 2944 1378 2979 duplici,
1394 2952 1449 2972 nn.
1466 2944 1515 2971 189
1535 2947 1568 2971 et
1586 2943 1646 2977 190,
1662 2949 1782 2970 manus
1803 2945 1919 2969 autem

286 2996 383 3022 nobis
395 2996 524 3030 ignota.
