2028 3328
822 98 904 135 AN.
936 98 1028 135 1555
1671 100 1738 138 511

182 193 462 234 Huiusmodi
483 195 639 246 plures
660 195 901 245 utriusque
919 198 1060 234 sexus
1077 205 1136 233 ex
1153 193 1354 234 diversis
1372 195 1740 247 inveteratisque

101 265 324 315 peccatis,
354 265 578 306 beneficio
606 265 933 315 confessionis,
976 265 1035 305 ad
1070 265 1217 305 vitam
1253 265 1487 306 saniorem
1527 269 1739 308 revocati

101 342 224 383 sunt,
261 337 512 388 praecipue
540 337 630 377 hac
663 336 1047 389 quadragesima,
1087 347 1207 386 cum,
1244 335 1455 388 Jubilaeo
1493 350 1518 377 a
1550 337 1739 379 Summo

104 405 330 447 Pontifice
365 419 607 459 concesso,
641 408 700 448 ad
730 407 857 447 vitae
890 407 1033 447 totius
1062 414 1245 447 reatum
1275 408 1578 458 aperiendum
1610 410 1742 449 multi

103 479 354 528 provocati
374 479 519 518 fuere.
544 479 674 530 Quae
702 477 712 497 ¹
734 478 920 530 quidem
941 478 1213 529 singulatim
1236 479 1541 530 perscribere,
1567 487 1616 520 ut
1639 492 1739 531 pro-

101 549 247 589 lixum
269 550 422 597 nimis,
448 550 511 590 ita
533 562 618 591 nec
640 549 960 590 necessarium
980 549 1199 589 arbitrati
1221 560 1397 590 sumus.

181 619 266 660 His
288 627 486 672 quatuor
509 622 746 662 mensibus
768 621 956 661 diuersa
991 620 1276 672 incircuitu,
1323 622 1649 662 concionando
1686 634 1740 662 ac

103 692 408 742 consulendo,
439 693 543 733 loca
577 693 890 743 visitavimus,
931 692 1097 744 quibus
1119 690 1132 710 ²
1171 691 1286 732 odor
1309 693 1458 733 bonus
1491 691 1743 739 Societatis

102 762 241 813 longe
258 764 443 815 lateque
465 764 718 815 spargitur.
742 763 912 803 Literis
947 763 979 803 ii
1002 769 1046 802 et
1067 763 1261 803 nunciis
1298 775 1325 803 a
1361 764 1495 804 nobis
1528 764 1742 816 frequen-

100 833 194 873 ‘tius
215 833 400 874 visitari
421 842 701 887 nostrasque
719 835 881 875 audire
903 834 1156 874 conciones
1176 836 1432 885 postulant.
1456 834 1620 875 Nullus
1643 836 1741 887 qui-

101 904 208 944 dem
224 904 361 945 huius
382 906 563 957 patriae
585 907 715 946 locus
733 912 803 946 est
823 917 850 946 a
872 906 1006 946 nobis
1024 907 1350 957 perlustratuS,
1371 906 1450 946 ubi
1466 918 1561 946 non
1582 907 1742 957 singu-

102 975 264 1015 lariter
285 976 507 1028 diligatur
527 984 871 1029 venereturque
892 976 1120 1018 Societas.
1142 976 1526 1017 Contradictores
1544 978 1740 1018 alicuius

102 1047 402 1088 authoritatis
423 1059 601 1099 paucos
622 1049 862 1097 habemus,
882 1048 1090 1088 fautores
1119 1048 1307 1099 quidem
1339 1049 1512 1099 plures,
1545 1050 1584 1089 si
1615 1049 1737 1101 prin>

104 1117 258 1169 cipum
278 1118 441 1159 favore
463 1119 539 1160 hic
567 1118 918 1171 promtclgata⁵
940 1126 1063 1160 esset
1084 1118 1311 1160 Societas.
1343 1118 1436 1160 Sub
1465 1120 1555 1160 hac
1583 1127 1740 1160 autem

105 1188 374 1229 infirmitate
419 1197 463 1229 et
509 1189 797 1231 dubitatione
837 1191 1089 1231 multorum
1134 1191 1433 1242 praeclarum
1477 1189 1491 1208 ⁴
1530 1191 1742 1231 uirorum

105 1260 303 1311 animus,
343 1261 549 1313 alioquin
582 1261 630 1301 in
670 1273 756 1302 nos
790 1273 1067 1313 propensus,
1111 1262 1374 1302 occultatus
1412 1268 1583 1313 manet,
1620 1264 1742 1303 sicut

103 1331 228 1371 haud
245 1343 352 1371 raro
371 1332 471 1383 ipso
488 1332 628 1383 facto,
648 1333 725 1373 ubi
743 1338 1056 1384 opportunum
1073 1340 1157 1384 est,
1179 1333 1510 1384 comperimus,
1531 1333 1641 1374 dum
1663 1346 1742 1386 pu-

103 1401 222 1442 blice
245 1402 452 1453 profiteri
472 1410 710 1453 Verentur,
741 1404 1014 1455 ignorantes
1036 1404 1147 1456 quid
1180 1404 1371 1444 tandem
1400 1405 1551 1445 nostri
1579 1404 1635 1446 de
1657 1404 1739 1446 So-

104 1473 272 1513 cietate
299 1480 506 1514 statuent
526 1475 776 1526 principes
800 1474 984 1515 Interea
1005 1475 1053 1515 in
1078 1476 1229 1516 nostri
1264 1477 1471 1516 muneris
1498 1475 1738 1517 functione

102 1543 275 1592 omnia,
299 1556 417 1596 quae
438 1546 597 1596 libent,
621 1546 717 1586 fere
739 1546 938 1586 dixerim
959 1552 1004 1586 et
1026 1546 1182 1597 licere;
1207 1546 1274 1586 sic
1297 1547 1420 1598 apud
1442 1547 1614 1598 probos
1635 1559 1740 1600 pas—

103 1615 193 1654 sim
226 1614 490 1666 laudantur,
522 1617 843 1668 approbantur
876 1623 922 1657 et
956 1617 1133 1669 absque
1168 1617 1543 1659 contradictione
1576 1625 1740 1660 nostra

104 1686 425 1737 suscipiuntur
447 1699 604 1738 opera.

183 1756 415 1808 Dignetur
437 1757 667 1799 Dominus
694 1759 868 1799 nostris
889 1759 1136 1799 conatibus
1163 1758 1388 1800 adhibere
1415 1767 1740 1813 augmentum,

102 1839 187 1878 pro
209 1839 300 1880 quo
321 1828 379 1869 V.
405 1828 454 1868 P.
478 1830 714 1882 totiusque
737 1828 989 1870 Societatis
1011 1830 1237 1870 auxilium
1264 1841 1308 1870 et
1328 1842 1494 1882 preces
1520 1831 1738 1884 implora-

103 1909 220 1948 muS,
246 1899 412 1951 quibus
435 1911 521 1940 nos
541 1901 677 1941 unice
699 1912 884 1952 semper
906 1900 1261 1941 commendatos
1283 1902 1511 1953 cupimus.

186 1969 402 2022 Lovanii,
427 1972 451 2011 6
471 1972 598 2025 Junii
630 1972 748 2013 1555.

588 2043 647 2084 V.
685 2043 735 2084 P.

774 2114 950 2156 Servus
968 2115 1204 2167 indignus,

1087 2246 1343 2288 ARNOLDUS
1374 2247 1578 2288 HEZEUS,

184 2424 537 2475 Superscrz'ptio
554 2424 604 2464 in
619 2425 826 2464 secunda
836 2430 903 2476 pa
906 2425 1044 2476 gina:
1060 2432 1089 2477 †
1104 2424 1205 2465 R.d0
1225 2426 1271 2466 in
1287 2425 1368 2466 X.⁰
1383 2425 1512 2466 Patri
1529 2426 1586 2466 D.
1606 2426 1741 2478 Igna-

99 2495 165 2534 tio
187 2506 214 2534 a
236 2494 430 2546 Loyola,
454 2494 676 2535 Generali
695 2495 969 2547 Praeposito
991 2495 1240 2537 Societatis
1260 2497 1386 2549 Jesu.
1411 2496 1603 2537 Romae.

182 2565 292 2605 Alia
314 2577 476 2605 manet:
497 2565 645 2617 Quad.
669 2566 923 2607 Lovaniae.
948 2567 1063 2607 1555.
1087 2567 1112 2607 6
1132 2567 1274 2620 Junii.
1300 2566 1642 2620 Emen[datae].

160 2726 168 2745 ¹
209 2725 276 2752 Sed
287 2725 503 2752 huiusmodi.
520 2725 700 2753 Polancus.

158 2774 172 2792 ²
210 2773 398 2807 inquibus.
417 2772 465 2800 ld.

158 2820 172 2839 5
209 2820 346 2847 adiuta.
367 2820 411 2848 id.

159 2868 170 2886 ⁵
209 2867 263 2895 Sic
278 2869 543 2903 autographum:
560 2869 592 2896 in
607 2869 807 2904 apographo
825 2877 917 2903 vero,
942 2869 1136 2896 multorum
1158 2868 1391 2903 praeclarum
1413 2868 1576 2897 studium
1606 2875 1639 2899 et
1664 2874 1742 2900 am'-

105 2923 221 2944 mus...
