2028 3328
218 121 290 157 200
732 121 960 159 LITTERAE
979 133 1337 166 QUADRIMESTRES

219 217 443 257 exercitia
465 218 540 258 hic
561 224 604 258 et
626 230 674 258 se
701 217 923 259 Societati
959 219 1209 259 dedicauit.
1234 219 1433 270 Quidam
1468 220 1741 260 adolescens
1775 221 1849 261 de-

219 300 321 328 cem
337 296 382 329 et
404 295 510 329 octo
531 301 777 340 annorum,
797 291 1035 339 cantaber,
1051 290 1451 340 sartor,egregius
1472 291 1656 331 animae
1679 293 1849 343 purita-

217 366 263 399 te
298 366 342 400 et
372 361 684 412 simplicitate,
716 362 965 412 recipietur
998 373 1120 400 mox.
1153 361 1363 411 Quatuor
1391 361 1469 401 alii
1492 363 1653 402 volunt
1675 365 1848 404 exerci-

218 432 283 471 tia
303 431 476 482 facere,
501 444 699 484 quorum
720 444 840 472 vnus
862 438 931 472 est
965 432 1112 471 frater
1148 431 1301 472 Patris
1329 431 1530 473 Sanctae
1553 433 1732 484 Crucis,
1757 435 1853 485 ille,

218 503 297 554 qui
317 504 426 544 huic
448 504 656 555 Collegio
679 504 872 543 donavit
894 504 1089 542 alteram
1108 503 1242 543 huius
1260 504 1425 544 domus
1442 511 1640 556 partem,
1658 505 1736 556 qui
1753 506 1849 557 qui·

218 575 324 615 dem
345 575 569 616 sacerdos
590 582 659 615 est
681 581 725 614 et
745 574 961 626 puritatis
984 586 1199 624 magnae.
1224 573 1383 615 Solent
1404 576 1518 615 mihi
1539 577 1625 616 soli
1646 577 1722 617 hic
1743 589 1848 617 con-

216 646 416 686 fessario
457 646 668 686 confiteri
702 645 1055 697 quinquaginta,
1095 657 1293 697 quorum
1327 658 1500 698 magna
1535 659 1646 699 pars
1681 654 1849 688 octauo

217 729 402 769 quoque
423 718 496 758 die
523 722 821 757 sacramenta
856 716 1099 767 recipiunt.
1125 716 1436 757 Confiteretur
1464 718 1576 758 mihi
1605 724 1849 770 praeterea

217 788 477 840 Collegium
500 788 814 840 quadraginta
836 787 1240 836 scholasticorum,
1267 788 1304 828 si
1339 801 1419 828 eos
1453 789 1566 829 mihi
1586 790 1746 830 liceret
1767 801 1849 841 per

216 867 399 911 tempus
431 866 475 899 et
511 859 842 910 occupationes
869 859 985 898 alias
1013 859 1190 909 audire3
1215 871 1332 910 quos
1362 866 1518 900 autem
1551 873 1743 912 possum
1769 874 1849 902 eos

217 932 372 981 audio,
398 937 653 971 conaturus
684 936 897 969 caeteros
931 930 1071 969 etiam
1108 929 1284 970 audire.
1314 930 1469 971 Audio
1498 932 1694 973 adhaec
1717 934 1850 974 colle-

217 1014 303 1054 gas
324 1003 517 1043 alterius
539 1001 737 1052 Collegii
770 1001 882 1041 item
916 1000 1238 1049 scholasticos,
1263 1002 1339 1052 qui
1377 1003 1519 1043 etiam
1553 1003 1851 1055 frequentant

217 1074 468 1125 collegium
496 1085 585 1125 quo
616 1072 877 1124 spiritualia
898 1078 1117 1121 tractent3
1147 1085 1206 1112 ex
1227 1084 1317 1124 qua
1352 1074 1538 1125 quidem
1565 1087 1614 1114 re
1645 1087 1740 1115 non
1761 1087 1850 1116 me-

218 1146 424 1186 diocrem
446 1144 694 1184 Vtilitatem
715 1143 884 1183 serunt.
904 1143 1133 1184 Existimo
1152 1144 1357 1184 aduentu
1373 1144 1527 1185 Patris
1544 1146 1692 1186 nostri
1708 1146 1851 1187 Fran-

218 1217 331 1258 cisci
362 1215 372 1235 ¹
413 1217 557 1256 multo
590 1215 849 1255 feruentius
885 1214 1275 1255 commonendam
1318 1227 1420 1256 esse
1455 1216 1577 1256 hanc
1612 1217 1853 1257 ciuitatem

218 1300 358 1341 quam
379 1287 625 1339 Hispalim,
649 1297 791 1338 quam
811 1286 952 1326 etiam
974 1285 1259 1326 Corduuam.

296 1359 545 1400 Orationes
568 1363 723 1398 autem
745 1362 884 1408 atque
906 1357 1139 1397 sacrificia
1155 1363 1262 1397 tuae
1279 1357 1582 1398 Paternitatis
1597 1364 1641 1398 et
1658 1358 1851 1400 Patrum

216 1432 355 1472 simul
375 1436 514 1482 atque
550 1429 749 1470 fratrum
784 1428 922 1469 isthic
959 1429 1366 1479 commorantium,
1405 1429 1570 1481 quibus
1604 1441 1691 1470 nos
1726 1431 1854 1482 ipsos

216 1503 385 1543 obnixe
403 1501 802 1549 commendamus,
817 1499 917 1540 fore
933 1505 1153 1551 putamus
1170 1500 1284 1540 satis
1301 1511 1524 1551 magnam
1539 1506 1720 1552 partem
1737 1502 1850 1553 eius,

216 1574 339 1626 quod
359 1572 418 1613 ad
446 1572 633 1613 laudem
663 1577 707 1611 et
740 1571 942 1622 gloriam
962 1570 1051 1611 Dei
1087 1571 1250 1622 optimi
1277 1571 1469 1611 maximi
1491 1583 1751 1623 speramUS‚
1774 1574 1853 1624 qui

213 1645 347 1685 nobis
368 1655 502 1684 suam
524 1642 870 1683 sanctissimam
890 1642 1094 1693 gratiam
1113 1642 1278 1693 largiri
1298 1642 1530 1693 dignetur,
1554 1654 1645 1694 qua
1666 1655 1857 1696 semper

214 1727 347 1756 suam
383 1715 673 1755 voluntatem
706 1713 1046 1765 perspiciamus
1083 1712 1387 1765 eamdemque
1425 1713 1482 1754 ad
1503 1725 1710 1764 vnguem
1747 1727 1853 1755 exe—

216 1798 430 1840 quamur.

294 1858 550 1907 Granatae,
573 1855 719 1896 Nonis
740 1855 989 1895 Februarii
1009 1866 1133 1894 anno
1156 1854 1331 1895 Christi
1352 1855 1449 1896 nati
1474 1856 1588 1897 1555.

292 1929 420 1969 Tuae
441 1926 743 1968 Paternitatis
764 1925 1117 1976 indignissimus
1137 1925 1273 1976 filius,

1286 2072 1315 2117 †
1336 2068 1586 2110 NAVARRO.
1609 2073 1638 2117 †
1676 2106 1679 2112 ,

292 2285 645 2340 Superscrz'ptc'o
665 2284 715 2324 in
737 2287 910 2335 quarta
925 2284 1138 2335 pagina.-
1158 2246 1272 2325 Isis.
1300 2283 1576 2325 Reuerendo
1598 2285 1848 2326 admodum

212 2361 260 2401 in
281 2360 422 2401 Chro.
445 2358 494 2398 P.
519 2368 621 2397 nro.
645 2355 874 2406 magistro
895 2354 1077 2405 Ignatio
1098 2355 1307 2407 Loyolae
1327 2354 1603 2407 Praeposito
1626 2356 1847 2397 Generali

209 2429 457 2472 Societatis
477 2428 603 2481 Jesu.

688 2497 882 2538 Romae.

288 2571 400 2612 Alia
420 2581 583 2610 manu:
608 2568 722 2608 1555.
743 2568 972 2608 Granata.
993 2567 1375 2619 Quadrimestres
1393 2568 1419 2607 5
1434 2568 1696 2609 Februarii,
1721 2567 1776 2620 Q.
1795 2567 1848 2610 S.

193 2678 209 2698 2
288 2643 451 2682 Manet
474 2639 734 2690 vestigium
755 2649 887 2679 cerae
905 2639 1078 2678 rubrae
1098 2642 1142 2678 et
1161 2638 1334 2689 sigilli.

261 2802 271 2823 ¹
311 2799 427 2829 I'atris
443 2798 620 2827 Francisci
642 2798 683 2825 de
698 2797 814 2832 Borja.
