<?xml version="1.0" encoding="UTF-8"?>
<!DOCTYPE html PUBLIC "-//W3C//DTD XHTML 1.0 Transitional//EN"
    "http://www.w3.org/TR/xhtml1/DTD/xhtml1-transitional.dtd">
<html xmlns="http://www.w3.org/1999/xhtml" xml:lang="en" lang="en">
 <head>
  <title>
</title>
<meta http-equiv="Content-Type" content="text/html;charset=utf-8" />
  <meta name='ocr-system' content='tesseract 3.04.00' />
  <meta name='ocr-capabilities' content='ocr_page ocr_carea ocr_par ocr_line ocrx_word'/>
</head>
<body>
  <div class='ocr_page' id='page_1' title='image "./litteraequadrime1503lain_0173.png"; bbox 0 0 2028 3328; ppageno 0'>
   <div class='ocr_carea' id='block_1_1' title="bbox 931 79 1851 117">
    <p class='ocr_par' dir='ltr' id='par_1_1' title="bbox 931 79 1851 117">
     <span class='ocr_line' id='line_1_1' title="bbox 931 79 1851 117; baseline -0.002 -1"><span class='ocrx_word' id='word_1_1' title='bbox 931 80 1011 117; x_wconf 84' lang='lat' dir='ltr'>AN..</span> <span class='ocrx_word' id='word_1_2' title='bbox 1045 79 1135 115; x_wconf 61' lang='grc'>1554</span> <span class='ocrx_word' id='word_1_3' title='bbox 1787 80 1851 114; x_wconf 67' lang='lat' dir='ltr'>lo7</span> 
     </span>
    </p>
   </div>
   <div class='ocr_carea' id='block_1_2' title="bbox 210 176 1855 2723">
    <p class='ocr_par' dir='ltr' id='par_1_2' title="bbox 214 176 1851 1071">
     <span class='ocr_line' id='line_1_2' title="bbox 296 176 1851 228; baseline -0.003 -9"><span class='ocrx_word' id='word_1_4' title='bbox 296 179 368 219; x_wconf 82' lang='lat' dir='ltr'>Ex</span> <span class='ocrx_word' id='word_1_5' title='bbox 401 178 721 228; x_wconf 76' lang='lat' dir='ltr'>concionibus,</span> <span class='ocrx_word' id='word_1_6' title='bbox 761 188 881 228; x_wconf 90' lang='lat' dir='ltr'>quae</span> <span class='ocrx_word' id='word_1_7' title='bbox 918 176 1041 227; x_wconf 91' lang='lat' dir='ltr'>apud</span> <span class='ocrx_word' id='word_1_8' title='bbox 1076 187 1162 215; x_wconf 90' lang='lat' dir='ltr'>nos</span> <span class='ocrx_word' id='word_1_9' title='bbox 1199 176 1450 223; x_wconf 89' lang='lat' dir='ltr'>habentur,</span> <span class='ocrx_word' id='word_1_10' title='bbox 1490 186 1690 225; x_wconf 82' lang='lat' dir='ltr'>magnus</span> <span class='ocrx_word' id='word_1_11' title='bbox 1726 176 1851 214; x_wconf 77' lang='lat' dir='ltr'>uenit</span> 
     </span>
     <span class='ocr_line' id='line_1_3' title="bbox 218 245 1850 301; baseline -0.005 -10"><span class='ocrx_word' id='word_1_12' title='bbox 218 256 477 300; x_wconf 88' lang='lat' dir='ltr'>prouentus</span> <span class='ocrx_word' id='word_1_13' title='bbox 512 249 724 301; x_wconf 87' lang='lat' dir='ltr'>pietatis,</span> <span class='ocrx_word' id='word_1_14' title='bbox 761 255 811 288; x_wconf 91' lang='lat' dir='ltr'>vt</span> <span class='ocrx_word' id='word_1_15' title='bbox 850 259 943 287; x_wconf 90' lang='lat' dir='ltr'>non</span> <span class='ocrx_word' id='word_1_16' title='bbox 983 248 1133 287; x_wconf 90' lang='lat' dir='ltr'>solum</span> <span class='ocrx_word' id='word_1_17' title='bbox 1170 247 1269 296; x_wconf 87' lang='lat' dir='ltr'>ille,</span> <span class='ocrx_word' id='word_1_18' title='bbox 1308 246 1387 297; x_wconf 91' lang='lat' dir='ltr'>qui</span> <span class='ocrx_word' id='word_1_19' title='bbox 1427 246 1472 285; x_wconf 88' lang='lat' dir='ltr'>in</span> <span class='ocrx_word' id='word_1_20' title='bbox 1513 245 1670 285; x_wconf 78' lang='lat' dir='ltr'>cliuino</span> <span class='ocrx_word' id='word_1_21' title='bbox 1706 247 1850 285; x_wconf 73' lang='lat' dir='ltr'>verbo</span> 
     </span>
     <span class='ocr_line' id='line_1_4' title="bbox 219 316 1850 367; baseline -0.002 -8"><span class='ocrx_word' id='word_1_22' title='bbox 219 320 541 361; x_wconf 85' lang='lat' dir='ltr'>annuntiando</span> <span class='ocrx_word' id='word_1_23' title='bbox 563 321 746 361; x_wconf 89' lang='lat' dir='ltr'>nauiter</span> <span class='ocrx_word' id='word_1_24' title='bbox 768 320 950 359; x_wconf 79' lang='lat' dir='ltr'>laborat</span> <span class='ocrx_word' id='word_1_25' title='bbox 983 318 1015 365; x_wconf 89' lang='lat'>¹,</span> <span class='ocrx_word' id='word_1_26' title='bbox 1041 318 1332 367; x_wconf 76' lang='lat' dir='ltr'>consoletur,</span> <span class='ocrx_word' id='word_1_27' title='bbox 1356 317 1438 356; x_wconf 91' lang='lat' dir='ltr'>sed</span> <span class='ocrx_word' id='word_1_28' title='bbox 1467 316 1622 366; x_wconf 85' lang='lat' dir='ltr'>etiam,</span> <span class='ocrx_word' id='word_1_29' title='bbox 1648 317 1726 367; x_wconf 91' lang='lat' dir='ltr'>qui</span> <span class='ocrx_word' id='word_1_30' title='bbox 1754 323 1850 356; x_wconf 87' lang='lat' dir='ltr'>tan-</span> 
     </span>
     <span class='ocr_line' id='line_1_5' title="bbox 216 387 1851 440; baseline -0.002 -10"><span class='ocrx_word' id='word_1_31' title='bbox 216 398 312 431; x_wconf 88' lang='lat' dir='ltr'>tam</span> <span class='ocrx_word' id='word_1_32' title='bbox 342 392 605 431; x_wconf 86' lang='lat' dir='ltr'>Vbertatem</span> <span class='ocrx_word' id='word_1_33' title='bbox 634 391 813 431; x_wconf 88' lang='lat' dir='ltr'>fructus</span> <span class='ocrx_word' id='word_1_34' title='bbox 841 389 1157 440; x_wconf 87' lang='lat' dir='ltr'>conspiciunt,</span> <span class='ocrx_word' id='word_1_35' title='bbox 1189 390 1435 428; x_wconf 87' lang='lat' dir='ltr'>laetentur.</span> <span class='ocrx_word' id='word_1_36' title='bbox 1469 387 1525 427; x_wconf 89' lang='lat' dir='ltr'>Et</span> <span class='ocrx_word' id='word_1_37' title='bbox 1554 387 1630 438; x_wconf 89' lang='lat' dir='ltr'>qui</span> <span class='ocrx_word' id='word_1_38' title='bbox 1663 387 1851 437; x_wconf 84' lang='lat' dir='ltr'>capiunt</span> 
     </span>
     <span class='ocr_line' id='line_1_6' title="bbox 215 458 1850 512; baseline -0.004 -10"><span class='ocrx_word' id='word_1_39' title='bbox 215 468 397 502; x_wconf 83' lang='lat' dir='ltr'>tantam</span> <span class='ocrx_word' id='word_1_40' title='bbox 436 463 710 512; x_wconf 87' lang='lat' dir='ltr'>Vtilitatem,</span> <span class='ocrx_word' id='word_1_41' title='bbox 747 461 848 501; x_wconf 91' lang='lat' dir='ltr'>Deo</span> <span class='ocrx_word' id='word_1_42' title='bbox 894 460 1076 511; x_wconf 84' lang='lat' dir='ltr'>gratias</span> <span class='ocrx_word' id='word_1_43' title='bbox 1124 466 1268 509; x_wconf 84' lang='lat' dir='ltr'>agant</span> <span class='ocrx_word' id='word_1_44' title='bbox 1308 471 1393 510; x_wconf 88' lang='lat' dir='ltr'>pro</span> <span class='ocrx_word' id='word_1_45' title='bbox 1429 458 1688 508; x_wconf 78' lang='lat' dir='ltr'>beneficiis,</span> <span class='ocrx_word' id='word_1_46' title='bbox 1731 469 1850 509; x_wconf 71' lang='lat' dir='ltr'>quac</span> 
     </span>
     <span class='ocr_line' id='line_1_7' title="bbox 214 529 1848 584; baseline -0.003 -11"><span class='ocrx_word' id='word_1_47' title='bbox 214 534 373 573; x_wconf 87' lang='lat' dir='ltr'>diuina</span> <span class='ocrx_word' id='word_1_48' title='bbox 395 534 549 584; x_wconf 76' lang='lat' dir='ltr'>gratia</span> <span class='ocrx_word' id='word_1_49' title='bbox 573 540 615 574; x_wconf 92' lang='lat' dir='ltr'>et</span> <span class='ocrx_word' id='word_1_50' title='bbox 638 533 986 574; x_wconf 90' lang='lat' dir='ltr'>concionatoris</span> <span class='ocrx_word' id='word_1_51' title='bbox 1008 543 1149 583; x_wconf 87' lang='lat' dir='ltr'>opera</span> <span class='ocrx_word' id='word_1_52' title='bbox 1167 531 1443 582; x_wconf 88' lang='lat' dir='ltr'>percipiunt.</span> <span class='ocrx_word' id='word_1_53' title='bbox 1468 529 1617 569; x_wconf 85' lang='lat' dir='ltr'>Maior</span> <span class='ocrx_word' id='word_1_54' title='bbox 1638 529 1686 569; x_wconf 85' lang='lat' dir='ltr'>fit</span> <span class='ocrx_word' id='word_1_55' title='bbox 1704 530 1848 581; x_wconf 89' lang='lat' dir='ltr'>quoti-</span> 
     </span>
     <span class='ocr_line' id='line_1_8' title="bbox 215 601 1850 655; baseline -0.002 -12"><span class='ocrx_word' id='word_1_56' title='bbox 215 605 288 644; x_wconf 87' lang='lat' dir='ltr'>die</span> <span class='ocrx_word' id='word_1_57' title='bbox 310 605 578 645; x_wconf 88' lang='lat' dir='ltr'>auditorum</span> <span class='ocrx_word' id='word_1_58' title='bbox 601 604 825 655; x_wconf 77' lang='lat' dir='ltr'>accessio,</span> <span class='ocrx_word' id='word_1_59' title='bbox 850 603 1058 654; x_wconf 77' lang='lat' dir='ltr'>adeoque</span> <span class='ocrx_word' id='word_1_60' title='bbox 1081 603 1282 642; x_wconf 85' lang='lat' dir='ltr'>adaucta</span> <span class='ocrx_word' id='word_1_61' title='bbox 1313 608 1398 651; x_wconf 85' lang='lat' dir='ltr'>est,</span> <span class='ocrx_word' id='word_1_62' title='bbox 1431 607 1478 640; x_wconf 84' lang='lat' dir='ltr'>vt</span> <span class='ocrx_word' id='word_1_63' title='bbox 1500 601 1748 651; x_wconf 86' lang='lat' dir='ltr'>interdum,</span> <span class='ocrx_word' id='word_1_64' title='bbox 1773 601 1850 651; x_wconf 88' lang='lat' dir='ltr'>qui</span> 
     </span>
     <span class='ocr_line' id='line_1_9' title="bbox 214 672 1850 726; baseline -0.002 -12"><span class='ocrx_word' id='word_1_65' title='bbox 214 676 353 726; x_wconf 87' lang='lat' dir='ltr'>primi</span> <span class='ocrx_word' id='word_1_66' title='bbox 376 676 583 726; x_wconf 87' lang='lat' dir='ltr'>ueniunt,</span> <span class='ocrx_word' id='word_1_67' title='bbox 608 683 737 716; x_wconf 85' lang='lat' dir='ltr'>arcte</span> <span class='ocrx_word' id='word_1_68' title='bbox 758 674 1012 715; x_wconf 81' lang='lat' dir='ltr'>admodum</span> <span class='ocrx_word' id='word_1_69' title='bbox 1040 674 1248 724; x_wconf 79' lang='lat' dir='ltr'>sedeant,</span> <span class='ocrx_word' id='word_1_70' title='bbox 1274 673 1423 713; x_wconf 85' lang='lat' dir='ltr'>Vltimi</span> <span class='ocrx_word' id='word_1_71' title='bbox 1444 673 1523 711; x_wconf 79' lang='lat' dir='ltr'>vix</span> <span class='ocrx_word' id='word_1_72' title='bbox 1553 674 1703 712; x_wconf 82' lang='lat' dir='ltr'>locum</span> <span class='ocrx_word' id='word_1_73' title='bbox 1726 672 1850 711; x_wconf 90' lang='lat' dir='ltr'>inue-</span> 
     </span>
     <span class='ocr_line' id='line_1_10' title="bbox 214 743 1850 798; baseline -0.002 -13"><span class='ocrx_word' id='word_1_74' title='bbox 214 746 359 794; x_wconf 89' lang='lat' dir='ltr'>niant,</span> <span class='ocrx_word' id='word_1_75' title='bbox 384 747 462 786; x_wconf 85' lang='lat' dir='ltr'>vbi</span> <span class='ocrx_word' id='word_1_76' title='bbox 484 747 646 787; x_wconf 84' lang='lat' dir='ltr'>sedere</span> <span class='ocrx_word' id='word_1_77' title='bbox 667 747 861 798; x_wconf 84' lang='lat' dir='ltr'>possint.</span> <span class='ocrx_word' id='word_1_78' title='bbox 892 746 1071 786; x_wconf 87' lang='lat' dir='ltr'>Malunt</span> <span class='ocrx_word' id='word_1_79' title='bbox 1100 745 1222 785; x_wconf 91' lang='lat' dir='ltr'>enim</span> <span class='ocrx_word' id='word_1_80' title='bbox 1254 744 1441 795; x_wconf 80' lang='lat' dir='ltr'>aliquod</span> <span class='ocrx_word' id='word_1_81' title='bbox 1468 743 1647 795; x_wconf 79' lang='lat' dir='ltr'>perpeti</span> <span class='ocrx_word' id='word_1_82' title='bbox 1677 743 1850 783; x_wconf 91' lang='lat' dir='ltr'>incom-</span> 
     </span>
     <span class='ocr_line' id='line_1_11' title="bbox 215 815 1850 869; baseline -0.002 -13"><span class='ocrx_word' id='word_1_83' title='bbox 215 817 427 865; x_wconf 88' lang='lat' dir='ltr'>modum,</span> <span class='ocrx_word' id='word_1_84' title='bbox 469 829 609 869; x_wconf 86' lang='lat' dir='ltr'>quam</span> <span class='ocrx_word' id='word_1_85' title='bbox 648 818 917 858; x_wconf 90' lang='lat' dir='ltr'>dulcissimo</span> <span class='ocrx_word' id='word_1_86' title='bbox 961 817 1126 856; x_wconf 87' lang='lat' dir='ltr'>salutis</span> <span class='ocrx_word' id='word_1_87' title='bbox 1167 816 1337 867; x_wconf 85' lang='lat' dir='ltr'>pabulo</span> <span class='ocrx_word' id='word_1_88' title='bbox 1377 815 1573 866; x_wconf 88' lang='lat' dir='ltr'>priuari,</span> <span class='ocrx_word' id='word_1_89' title='bbox 1617 825 1850 866; x_wconf 86' lang='lat' dir='ltr'>quamque</span> 
     </span>
     <span class='ocr_line' id='line_1_12' title="bbox 215 888 1849 940; baseline -0.001 -13"><span class='ocrx_word' id='word_1_90' title='bbox 215 888 304 927; x_wconf 87' lang='lat' dir='ltr'>illis</span> <span class='ocrx_word' id='word_1_91' title='bbox 332 888 635 940; x_wconf 82' lang='lat' dir='ltr'>delectentur,</span> <span class='ocrx_word' id='word_1_92' title='bbox 673 896 718 929; x_wconf 93' lang='lat' dir='ltr'>et</span> <span class='ocrx_word' id='word_1_93' title='bbox 746 889 997 929; x_wconf 88' lang='lat' dir='ltr'>commissa</span> <span class='ocrx_word' id='word_1_94' title='bbox 1024 894 1218 939; x_wconf 86' lang='lat' dir='ltr'>peccata</span> <span class='ocrx_word' id='word_1_95' title='bbox 1242 888 1546 935; x_wconf 88' lang='lat' dir='ltr'>detestentur,</span> <span class='ocrx_word' id='word_1_96' title='bbox 1570 891 1849 936; x_wconf 79' lang='lat' dir='ltr'>argumento</span> 
     </span>
     <span class='ocr_line' id='line_1_13' title="bbox 214 958 1850 1012; baseline -0.002 -14"><span class='ocrx_word' id='word_1_97' title='bbox 214 965 322 999; x_wconf 85' lang='lat' dir='ltr'>sunt</span> <span class='ocrx_word' id='word_1_98' title='bbox 357 960 684 1009; x_wconf 81' lang='lat' dir='ltr'>percussiones</span> <span class='ocrx_word' id='word_1_99' title='bbox 710 966 968 1012; x_wconf 81' lang='lat' dir='ltr'>pectorum,</span> <span class='ocrx_word' id='word_1_100' title='bbox 998 959 1132 999; x_wconf 86' lang='lat' dir='ltr'>fletus</span> <span class='ocrx_word' id='word_1_101' title='bbox 1154 965 1197 998; x_wconf 90' lang='lat' dir='ltr'>et</span> <span class='ocrx_word' id='word_1_102' title='bbox 1227 959 1299 998; x_wconf 88' lang='lat' dir='ltr'>vis</span> <span class='ocrx_word' id='word_1_103' title='bbox 1320 958 1670 1007; x_wconf 84' lang='lat' dir='ltr'>lachrimarum,</span> <span class='ocrx_word' id='word_1_104' title='bbox 1710 967 1850 1007; x_wconf 85' lang='lat' dir='ltr'>quam</span> 
     </span>
     <span class='ocr_line' id='line_1_14' title="bbox 216 1030 472 1071; baseline 0.004 -1"><span class='ocrx_word' id='word_1_105' title='bbox 216 1030 472 1071; x_wconf 86' lang='lat' dir='ltr'>effundunt.</span> 
     </span>
    </p>

    <p class='ocr_par' dir='ltr' id='par_1_3' title="bbox 210 1100 1855 2723">
     <span class='ocr_line' id='line_1_15' title="bbox 295 1100 1849 1153; baseline -0.001 -12"><span class='ocrx_word' id='word_1_106' title='bbox 295 1101 475 1141; x_wconf 90' lang='lat' dir='ltr'>Verum</span> <span class='ocrx_word' id='word_1_107' title='bbox 495 1114 552 1142; x_wconf 92' lang='lat' dir='ltr'>ne</span> <span class='ocrx_word' id='word_1_108' title='bbox 573 1103 644 1142; x_wconf 89' lang='lat' dir='ltr'>his</span> <span class='ocrx_word' id='word_1_109' title='bbox 665 1102 1010 1143; x_wconf 88' lang='lat' dir='ltr'>iucundissimis</span> <span class='ocrx_word' id='word_1_110' title='bbox 1032 1102 1178 1153; x_wconf 84' lang='lat' dir='ltr'>epulis</span> <span class='ocrx_word' id='word_1_111' title='bbox 1209 1102 1296 1140; x_wconf 85' lang='lat' dir='ltr'>soli</span> <span class='ocrx_word' id='word_1_112' title='bbox 1325 1101 1602 1150; x_wconf 80' lang='lat' dir='ltr'>fruerentur,</span> <span class='ocrx_word' id='word_1_113' title='bbox 1627 1100 1703 1151; x_wconf 90' lang='lat' dir='ltr'>qui</span> <span class='ocrx_word' id='word_1_114' title='bbox 1725 1101 1849 1139; x_wconf 91' lang='lat' dir='ltr'>ultro</span> 
     </span>
     <span class='ocr_line' id='line_1_16' title="bbox 215 1171 1850 1224; baseline -0.001 -12"><span class='ocrx_word' id='word_1_115' title='bbox 215 1172 276 1212; x_wconf 88' lang='lat' dir='ltr'>ad</span> <span class='ocrx_word' id='word_1_116' title='bbox 297 1184 384 1212; x_wconf 91' lang='lat' dir='ltr'>nos</span> <span class='ocrx_word' id='word_1_117' title='bbox 405 1174 611 1221; x_wconf 87' lang='lat' dir='ltr'>veniunt,</span> <span class='ocrx_word' id='word_1_118' title='bbox 635 1180 922 1224; x_wconf 87' lang='lat' dir='ltr'>quaeruntur</span> <span class='ocrx_word' id='word_1_119' title='bbox 944 1174 1071 1213; x_wconf 86' lang='lat' dir='ltr'>coeci</span> <span class='ocrx_word' id='word_1_120' title='bbox 1093 1180 1136 1213; x_wconf 87' lang='lat' dir='ltr'>et</span> <span class='ocrx_word' id='word_1_121' title='bbox 1159 1173 1312 1212; x_wconf 88' lang='lat' dir='ltr'>claudi</span> <span class='ocrx_word' id='word_1_122' title='bbox 1335 1179 1378 1212; x_wconf 90' lang='lat' dir='ltr'>et</span> <span class='ocrx_word' id='word_1_123' title='bbox 1400 1172 1551 1211; x_wconf 87' lang='lat' dir='ltr'>omnis</span> <span class='ocrx_word' id='word_1_124' title='bbox 1568 1171 1850 1211; x_wconf 87' lang='lat' dir='ltr'>conditionis</span> 
     </span>
     <span class='ocr_line' id='line_1_17' title="bbox 214 1243 1848 1296; baseline -0.001 -13"><span class='ocrx_word' id='word_1_125' title='bbox 214 1244 426 1284; x_wconf 91' lang='lat' dir='ltr'>homines</span> <span class='ocrx_word' id='word_1_126' title='bbox 460 1257 542 1296; x_wconf 91' lang='lat' dir='ltr'>per</span> <span class='ocrx_word' id='word_1_127' title='bbox 573 1246 719 1294; x_wconf 86' lang='lat' dir='ltr'>vicos,</span> <span class='ocrx_word' id='word_1_128' title='bbox 757 1246 1054 1296; x_wconf 83' lang='lat' dir='ltr'>angiportas,</span> <span class='ocrx_word' id='word_1_129' title='bbox 1092 1257 1175 1296; x_wconf 88' lang='lat' dir='ltr'>per</span> <span class='ocrx_word' id='word_1_130' title='bbox 1215 1256 1376 1284; x_wconf 84' lang='lat' dir='ltr'>omnes</span> <span class='ocrx_word' id='word_1_131' title='bbox 1415 1243 1613 1295; x_wconf 85' lang='lat' dir='ltr'>denique</span> <span class='ocrx_word' id='word_1_132' title='bbox 1652 1244 1848 1294; x_wconf 75' lang='lat' dir='ltr'>plateaS,</span> 
     </span>
     <span class='ocr_line' id='line_1_18' title="bbox 216 1315 1850 1367; baseline -0.001 -12"><span class='ocrx_word' id='word_1_133' title='bbox 216 1316 327 1366; x_wconf 91' lang='lat' dir='ltr'>quin</span> <span class='ocrx_word' id='word_1_134' title='bbox 348 1315 407 1355; x_wconf 91' lang='lat' dir='ltr'>ad</span> <span class='ocrx_word' id='word_1_135' title='bbox 429 1317 616 1367; x_wconf 87' lang='lat' dir='ltr'>nuptias</span> <span class='ocrx_word' id='word_1_136' title='bbox 639 1318 713 1356; x_wconf 85' lang='lat' dir='ltr'>vel</span> <span class='ocrx_word' id='word_1_137' title='bbox 739 1316 877 1356; x_wconf 86' lang='lat' dir='ltr'>etiam</span> <span class='ocrx_word' id='word_1_138' title='bbox 907 1317 1059 1356; x_wconf 88' lang='lat' dir='ltr'>coacti</span> <span class='ocrx_word' id='word_1_139' title='bbox 1088 1316 1294 1356; x_wconf 89' lang='lat' dir='ltr'>ueniant:</span> <span class='ocrx_word' id='word_1_140' title='bbox 1325 1316 1497 1355; x_wconf 80' lang='lat' dir='ltr'>fratres</span> <span class='ocrx_word' id='word_1_141' title='bbox 1525 1316 1747 1366; x_wconf 88' lang='lat' dir='ltr'>iuniores,</span> <span class='ocrx_word' id='word_1_142' title='bbox 1771 1315 1850 1365; x_wconf 90' lang='lat' dir='ltr'>qui</span> 
     </span>
     <span class='ocr_line' id='line_1_19' title="bbox 214 1386 1848 1438; baseline 0 -13"><span class='ocrx_word' id='word_1_143' title='bbox 214 1386 366 1426; x_wconf 87' lang='lat' dir='ltr'>adhuc</span> <span class='ocrx_word' id='word_1_144' title='bbox 388 1387 554 1427; x_wconf 86' lang='lat' dir='ltr'>litteris</span> <span class='ocrx_word' id='word_1_145' title='bbox 574 1388 776 1438; x_wconf 85' lang='lat' dir='ltr'>student,</span> <span class='ocrx_word' id='word_1_146' title='bbox 800 1388 962 1428; x_wconf 89' lang='lat' dir='ltr'>diebus</span> <span class='ocrx_word' id='word_1_147' title='bbox 982 1388 1112 1427; x_wconf 86' lang='lat' dir='ltr'>festis</span> <span class='ocrx_word' id='word_1_148' title='bbox 1137 1388 1182 1427; x_wconf 92' lang='lat' dir='ltr'>in</span> <span class='ocrx_word' id='word_1_149' title='bbox 1213 1387 1443 1438; x_wconf 88' lang='lat' dir='ltr'>emporio,</span> <span class='ocrx_word' id='word_1_150' title='bbox 1476 1387 1550 1426; x_wconf 85' lang='lat' dir='ltr'>vel</span> <span class='ocrx_word' id='word_1_151' title='bbox 1573 1386 1636 1437; x_wconf 82' lang='lat' dir='ltr'>(ut</span> <span class='ocrx_word' id='word_1_152' title='bbox 1659 1386 1848 1434; x_wconf 82' lang='lat' dir='ltr'>vocant)</span> 
     </span>
     <span class='ocr_line' id='line_1_20' title="bbox 212 1457 1850 1510; baseline 0.001 -14"><span class='ocrx_word' id='word_1_153' title='bbox 212 1457 401 1505; x_wconf 74' lang='lat' dir='ltr'>baucis,</span> <span class='ocrx_word' id='word_1_154' title='bbox 435 1458 513 1498; x_wconf 92' lang='lat' dir='ltr'>ubi</span> <span class='ocrx_word' id='word_1_155' title='bbox 548 1465 647 1498; x_wconf 92' lang='lat' dir='ltr'>tum</span> <span class='ocrx_word' id='word_1_156' title='bbox 685 1459 889 1499; x_wconf 86' lang='lat' dir='ltr'>maxima</span> <span class='ocrx_word' id='word_1_157' title='bbox 930 1459 1171 1500; x_wconf 89' lang='lat' dir='ltr'>hominum</span> <span class='ocrx_word' id='word_1_158' title='bbox 1209 1459 1470 1510; x_wconf 81' lang='lat' dir='ltr'>frequentia</span> <span class='ocrx_word' id='word_1_159' title='bbox 1506 1465 1595 1508; x_wconf 89' lang='lat' dir='ltr'>est,</span> <span class='ocrx_word' id='word_1_160' title='bbox 1639 1457 1850 1498; x_wconf 86' lang='lat' dir='ltr'>vicissim</span> 
     </span>
     <span class='ocr_line' id='line_1_21' title="bbox 210 1528 1850 1582; baseline -0.001 -13"><span class='ocrx_word' id='word_1_161' title='bbox 210 1529 568 1570; x_wconf 78' lang='lat' dir='ltr'>concionantur.</span> <span class='ocrx_word' id='word_1_162' title='bbox 595 1530 729 1580; x_wconf 83' lang='lat' dir='ltr'>Quod</span> <span class='ocrx_word' id='word_1_163' title='bbox 749 1530 925 1570; x_wconf 90' lang='lat' dir='ltr'>factum</span> <span class='ocrx_word' id='word_1_164' title='bbox 946 1542 1086 1582; x_wconf 90' lang='lat' dir='ltr'>quam</span> <span class='ocrx_word' id='word_1_165' title='bbox 1108 1531 1280 1582; x_wconf 91' lang='lat' dir='ltr'>populo</span> <span class='ocrx_word' id='word_1_166' title='bbox 1302 1532 1487 1582; x_wconf 86' lang='lat' dir='ltr'>placeat</span> <span class='ocrx_word' id='word_1_167' title='bbox 1508 1530 1584 1570; x_wconf 90' lang='lat' dir='ltr'>vel</span> <span class='ocrx_word' id='word_1_168' title='bbox 1611 1528 1718 1569; x_wconf 91' lang='lat' dir='ltr'>inde</span> <span class='ocrx_word' id='word_1_169' title='bbox 1739 1528 1850 1568; x_wconf 88' lang='lat' dir='ltr'>faci-</span> 
     </span>
     <span class='ocr_line' id='line_1_22' title="bbox 211 1600 1852 1653; baseline -0.001 -13"><span class='ocrx_word' id='word_1_170' title='bbox 211 1601 253 1640; x_wconf 88' lang='lat' dir='ltr'>le</span> <span class='ocrx_word' id='word_1_171' title='bbox 275 1600 566 1652; x_wconf 79' lang='lat' dir='ltr'>intelligitur,</span> <span class='ocrx_word' id='word_1_172' title='bbox 604 1601 742 1653; x_wconf 89' lang='lat' dir='ltr'>quod,</span> <span class='ocrx_word' id='word_1_173' title='bbox 780 1608 1032 1653; x_wconf 83' lang='lat' dir='ltr'>antequam</span> <span class='ocrx_word' id='word_1_174' title='bbox 1055 1602 1420 1642; x_wconf 89' lang='lat' dir='ltr'>concionaturus</span> <span class='ocrx_word' id='word_1_175' title='bbox 1447 1601 1583 1653; x_wconf 88' lang='lat' dir='ltr'>adsit,</span> <span class='ocrx_word' id='word_1_176' title='bbox 1608 1601 1852 1641; x_wconf 87' lang='lat' dir='ltr'>auditores</span> 
     </span>
     <span class='ocr_line' id='line_1_23' title="bbox 214 1672 1850 1724; baseline 0.001 -14"><span class='ocrx_word' id='word_1_177' title='bbox 214 1672 368 1711; x_wconf 90' lang='lat' dir='ltr'>locum</span> <span class='ocrx_word' id='word_1_178' title='bbox 388 1678 631 1723; x_wconf 90' lang='lat' dir='ltr'>occupent,</span> <span class='ocrx_word' id='word_1_179' title='bbox 655 1685 745 1724; x_wconf 92' lang='lat' dir='ltr'>quo</span> <span class='ocrx_word' id='word_1_180' title='bbox 767 1672 951 1713; x_wconf 86' lang='lat' dir='ltr'>facilius</span> <span class='ocrx_word' id='word_1_181' title='bbox 971 1673 1168 1713; x_wconf 88' lang='lat' dir='ltr'>verbum</span> <span class='ocrx_word' id='word_1_182' title='bbox 1195 1673 1297 1723; x_wconf 89' lang='lat' dir='ltr'>Dei,</span> <span class='ocrx_word' id='word_1_183' title='bbox 1322 1673 1445 1724; x_wconf 93' lang='lat' dir='ltr'>quod</span> <span class='ocrx_word' id='word_1_184' title='bbox 1476 1684 1583 1713; x_wconf 89' lang='lat' dir='ltr'>cum</span> <span class='ocrx_word' id='word_1_185' title='bbox 1603 1672 1850 1712; x_wconf 88' lang='lat' dir='ltr'>incredibi-</span> 
     </span>
     <span class='ocr_line' id='line_1_24' title="bbox 214 1743 1850 1796; baseline 0.001 -14"><span class='ocrx_word' id='word_1_186' title='bbox 214 1743 245 1782; x_wconf 93' lang='lat' dir='ltr'>li</span> <span class='ocrx_word' id='word_1_187' title='bbox 268 1755 430 1783; x_wconf 91' lang='lat' dir='ltr'>amore</span> <span class='ocrx_word' id='word_1_188' title='bbox 452 1743 658 1792; x_wconf 88' lang='lat' dir='ltr'>docetur,</span> <span class='ocrx_word' id='word_1_189' title='bbox 693 1744 967 1796; x_wconf 85' lang='lat' dir='ltr'>percipiant.</span> <span class='ocrx_word' id='word_1_190' title='bbox 998 1744 1159 1796; x_wconf 92' lang='lat' dir='ltr'>Neque</span> <span class='ocrx_word' id='word_1_191' title='bbox 1189 1745 1342 1785; x_wconf 90' lang='lat' dir='ltr'>minus</span> <span class='ocrx_word' id='word_1_192' title='bbox 1370 1756 1547 1795; x_wconf 88' lang='lat' dir='ltr'>omnes,</span> <span class='ocrx_word' id='word_1_193' title='bbox 1580 1745 1659 1796; x_wconf 89' lang='lat' dir='ltr'>qui</span> <span class='ocrx_word' id='word_1_194' title='bbox 1686 1744 1746 1784; x_wconf 87' lang='lat' dir='ltr'>ad</span> <span class='ocrx_word' id='word_1_195' title='bbox 1774 1756 1850 1784; x_wconf 89' lang='lat' dir='ltr'>au-</span> 
     </span>
     <span class='ocr_line' id='line_1_25' title="bbox 216 1814 1851 1867; baseline 0.001 -14"><span class='ocrx_word' id='word_1_196' title='bbox 216 1814 436 1854; x_wconf 82' lang='lat' dir='ltr'>diendum</span> <span class='ocrx_word' id='word_1_197' title='bbox 467 1815 717 1865; x_wconf 87' lang='lat' dir='ltr'>accedunt,</span> <span class='ocrx_word' id='word_1_198' title='bbox 747 1816 805 1856; x_wconf 86' lang='lat' dir='ltr'>ad</span> <span class='ocrx_word' id='word_1_199' title='bbox 836 1816 1055 1856; x_wconf 89' lang='lat' dir='ltr'>virtutem</span> <span class='ocrx_word' id='word_1_200' title='bbox 1089 1816 1453 1865; x_wconf 89' lang='lat' dir='ltr'>inflammantur,</span> <span class='ocrx_word' id='word_1_201' title='bbox 1491 1828 1633 1867; x_wconf 90' lang='lat' dir='ltr'>quam</span> <span class='ocrx_word' id='word_1_202' title='bbox 1667 1827 1851 1856; x_wconf 88' lang='lat' dir='ltr'>summa</span> 
     </span>
     <span class='ocr_line' id='line_1_26' title="bbox 215 1885 1853 1939; baseline 0.001 -14"><span class='ocrx_word' id='word_1_203' title='bbox 215 1885 526 1926; x_wconf 87' lang='lat' dir='ltr'>admiratione</span> <span class='ocrx_word' id='word_1_204' title='bbox 561 1887 823 1937; x_wconf 88' lang='lat' dir='ltr'>capiuntur,</span> <span class='ocrx_word' id='word_1_205' title='bbox 848 1899 954 1927; x_wconf 89' lang='lat' dir='ltr'>cum</span> <span class='ocrx_word' id='word_1_206' title='bbox 988 1888 1147 1928; x_wconf 87' lang='lat' dir='ltr'>vident</span> <span class='ocrx_word' id='word_1_207' title='bbox 1185 1888 1605 1938; x_wconf 83' lang='lat' dir='ltr'>flagrantissimum</span> <span class='ocrx_word' id='word_1_208' title='bbox 1636 1887 1853 1939; x_wconf 89' lang='lat' dir='ltr'>spiritum</span> 
     </span>
     <span class='ocr_line' id='line_1_27' title="bbox 214 1957 1851 2010; baseline 0.001 -14"><span class='ocrx_word' id='word_1_209' title='bbox 214 1957 688 2008; x_wconf 88' lang='lat' dir='ltr'>ardentissimamque</span> <span class='ocrx_word' id='word_1_210' title='bbox 723 1958 1003 1998; x_wconf 88' lang='lat' dir='ltr'>charitatem</span> <span class='ocrx_word' id='word_1_211' title='bbox 1038 1958 1126 1998; x_wconf 91' lang='lat' dir='ltr'>Dei</span> <span class='ocrx_word' id='word_1_212' title='bbox 1147 1966 1192 1999; x_wconf 88' lang='lat' dir='ltr'>et</span> <span class='ocrx_word' id='word_1_213' title='bbox 1224 1959 1426 2010; x_wconf 84' lang='lat' dir='ltr'>proximi</span> <span class='ocrx_word' id='word_1_214' title='bbox 1455 1959 1501 1998; x_wconf 89' lang='lat' dir='ltr'>in</span> <span class='ocrx_word' id='word_1_215' title='bbox 1528 1959 1752 1998; x_wconf 85' lang='lat' dir='ltr'>fratribus</span> <span class='ocrx_word' id='word_1_216' title='bbox 1773 1971 1851 1998; x_wconf 87' lang='lat' dir='ltr'>no-</span> 
     </span>
     <span class='ocr_line' id='line_1_28' title="bbox 213 2027 1854 2078; baseline 0.001 -11"><span class='ocrx_word' id='word_1_217' title='bbox 213 2028 339 2067; x_wconf 88' lang='lat' dir='ltr'>stris.</span> <span class='ocrx_word' id='word_1_218' title='bbox 363 2027 466 2068; x_wconf 89' lang='lat' dir='ltr'>Non</span> <span class='ocrx_word' id='word_1_219' title='bbox 488 2029 638 2068; x_wconf 89' lang='lat' dir='ltr'>solum</span> <span class='ocrx_word' id='word_1_220' title='bbox 657 2029 771 2068; x_wconf 81' lang='lat' dir='ltr'>haec</span> <span class='ocrx_word' id='word_1_221' title='bbox 795 2041 820 2068; x_wconf 89' lang='lat' dir='ltr'>a</span> <span class='ocrx_word' id='word_1_222' title='bbox 843 2029 1022 2069; x_wconf 91' lang='lat' dir='ltr'>ciuibus</span> <span class='ocrx_word' id='word_1_223' title='bbox 1043 2041 1222 2070; x_wconf 91' lang='lat' dir='ltr'>summe</span> <span class='ocrx_word' id='word_1_224' title='bbox 1238 2031 1504 2078; x_wconf 88' lang='lat' dir='ltr'>laudantur,</span> <span class='ocrx_word' id='word_1_225' title='bbox 1522 2042 1686 2070; x_wconf 88' lang='lat' dir='ltr'>Verum</span> <span class='ocrx_word' id='word_1_226' title='bbox 1709 2030 1854 2070; x_wconf 91' lang='lat' dir='ltr'>etiam</span> 
     </span>
     <span class='ocr_line' id='line_1_29' title="bbox 215 2099 1850 2150; baseline 0.001 -11"><span class='ocrx_word' id='word_1_227' title='bbox 215 2100 495 2150; x_wconf 88' lang='lat' dir='ltr'>optimatum</span> <span class='ocrx_word' id='word_1_228' title='bbox 516 2100 686 2139; x_wconf 88' lang='lat' dir='ltr'>iudicio</span> <span class='ocrx_word' id='word_1_229' title='bbox 704 2105 747 2139; x_wconf 91' lang='lat' dir='ltr'>et</span> <span class='ocrx_word' id='word_1_230' title='bbox 770 2099 889 2140; x_wconf 84' lang='lat' dir='ltr'>Rmi.</span> <span class='ocrx_word' id='word_1_231' title='bbox 922 2100 1188 2141; x_wconf 84' lang='lat' dir='ltr'>Cardinalis</span> <span class='ocrx_word' id='word_1_232' title='bbox 1214 2100 1226 2117; x_wconf 78' lang='lat'><strong>²</strong></span> <span class='ocrx_word' id='word_1_233' title='bbox 1246 2101 1732 2142; x_wconf 84' lang='lat' dir='ltr'>honorificentissimis</span> <span class='ocrx_word' id='word_1_234' title='bbox 1750 2113 1850 2141; x_wconf 86' lang='lat' dir='ltr'>Ver-</span> 
     </span>
     <span class='ocr_line' id='line_1_30' title="bbox 214 2171 1851 2224; baseline 0.001 -14"><span class='ocrx_word' id='word_1_235' title='bbox 214 2171 286 2210; x_wconf 88' lang='lat' dir='ltr'>bis</span> <span class='ocrx_word' id='word_1_236' title='bbox 307 2171 644 2222; x_wconf 87' lang='lat' dir='ltr'>approbantur.</span> <span class='ocrx_word' id='word_1_237' title='bbox 668 2171 803 2211; x_wconf 87' lang='lat' dir='ltr'>Hanc</span> <span class='ocrx_word' id='word_1_238' title='bbox 824 2177 951 2212; x_wconf 89' lang='lat' dir='ltr'>certe</span> <span class='ocrx_word' id='word_1_239' title='bbox 982 2173 1295 2223; x_wconf 82' lang='lat' dir='ltr'>occasionem,</span> <span class='ocrx_word' id='word_1_240' title='bbox 1320 2185 1440 2224; x_wconf 87' lang='lat' dir='ltr'>quae</span> <span class='ocrx_word' id='word_1_241' title='bbox 1463 2173 1602 2213; x_wconf 88' lang='lat' dir='ltr'>datur</span> <span class='ocrx_word' id='word_1_242' title='bbox 1624 2173 1708 2213; x_wconf 91' lang='lat' dir='ltr'>toti</span> <span class='ocrx_word' id='word_1_243' title='bbox 1740 2172 1851 2212; x_wconf 91' lang='lat' dir='ltr'>huic</span> 
     </span>
     <span class='ocr_line' id='line_1_31' title="bbox 215 2242 1849 2295; baseline 0.002 -14"><span class='ocrx_word' id='word_1_244' title='bbox 215 2242 409 2292; x_wconf 91' lang='lat' dir='ltr'>ciuitati,</span> <span class='ocrx_word' id='word_1_245' title='bbox 442 2242 737 2292; x_wconf 87' lang='lat' dir='ltr'>emendandi,</span> <span class='ocrx_word' id='word_1_246' title='bbox 767 2244 898 2283; x_wconf 91' lang='lat' dir='ltr'>multi</span> <span class='ocrx_word' id='word_1_247' title='bbox 919 2243 1148 2295; x_wconf 88' lang='lat' dir='ltr'>arripiunt</span> <span class='ocrx_word' id='word_1_248' title='bbox 1171 2243 1322 2294; x_wconf 88' lang='lat' dir='ltr'>auide,</span> <span class='ocrx_word' id='word_1_249' title='bbox 1355 2251 1400 2284; x_wconf 90' lang='lat' dir='ltr'>et</span> <span class='ocrx_word' id='word_1_250' title='bbox 1422 2244 1479 2284; x_wconf 89' lang='lat' dir='ltr'>ad</span> <span class='ocrx_word' id='word_1_251' title='bbox 1502 2244 1849 2284; x_wconf 84' lang='lat' dir='ltr'>confessionem</span> 
     </span>
     <span class='ocr_line' id='line_1_32' title="bbox 215 2313 1855 2367; baseline 0.001 -14"><span class='ocrx_word' id='word_1_252' title='bbox 215 2325 409 2353; x_wconf 90' lang='lat' dir='ltr'>suorum</span> <span class='ocrx_word' id='word_1_253' title='bbox 443 2320 746 2365; x_wconf 87' lang='lat' dir='ltr'>peccatorum</span> <span class='ocrx_word' id='word_1_254' title='bbox 774 2326 880 2354; x_wconf 92' lang='lat' dir='ltr'>cum</span> <span class='ocrx_word' id='word_1_255' title='bbox 907 2315 1084 2365; x_wconf 82' lang='lat' dir='ltr'>gemitu</span> <span class='ocrx_word' id='word_1_256' title='bbox 1112 2327 1167 2355; x_wconf 88' lang='lat' dir='ltr'>ac</span> <span class='ocrx_word' id='word_1_257' title='bbox 1196 2318 1381 2366; x_wconf 87' lang='lat' dir='ltr'>ploratu</span> <span class='ocrx_word' id='word_1_258' title='bbox 1404 2316 1612 2356; x_wconf 90' lang='lat' dir='ltr'>veniunt.</span> <span class='ocrx_word' id='word_1_259' title='bbox 1644 2313 1855 2367; x_wconf 85' lang='lat' dir='ltr'>Quorum</span> 
     </span>
     <span class='ocr_line' id='line_1_33' title="bbox 214 2385 1854 2439; baseline 0.001 -15"><span class='ocrx_word' id='word_1_260' title='bbox 214 2385 425 2424; x_wconf 86' lang='lat' dir='ltr'>nonnulli</span> <span class='ocrx_word' id='word_1_261' title='bbox 458 2385 750 2424; x_wconf 89' lang='lat' dir='ltr'>multitudine</span> <span class='ocrx_word' id='word_1_262' title='bbox 785 2387 1014 2426; x_wconf 88' lang='lat' dir='ltr'>scelerum</span> <span class='ocrx_word' id='word_1_263' title='bbox 1048 2392 1092 2426; x_wconf 91' lang='lat' dir='ltr'>et</span> <span class='ocrx_word' id='word_1_264' title='bbox 1128 2387 1431 2427; x_wconf 81' lang='lat' dir='ltr'>diuturnitate</span> <span class='ocrx_word' id='word_1_265' title='bbox 1459 2387 1685 2439; x_wconf 86' lang='lat' dir='ltr'>temporis</span> <span class='ocrx_word' id='word_1_266' title='bbox 1716 2387 1854 2426; x_wconf 83' lang='lat' dir='ltr'>valde</span> 
     </span>
     <span class='ocr_line' id='line_1_34' title="bbox 218 2456 1854 2510; baseline 0.002 -15"><span class='ocrx_word' id='word_1_267' title='bbox 218 2456 424 2507; x_wconf 87' lang='lat' dir='ltr'>peccatis</span> <span class='ocrx_word' id='word_1_268' title='bbox 452 2456 650 2496; x_wconf 90' lang='lat' dir='ltr'>inuoluti</span> <span class='ocrx_word' id='word_1_269' title='bbox 684 2461 832 2496; x_wconf 87' lang='lat' dir='ltr'>erant.</span> <span class='ocrx_word' id='word_1_270' title='bbox 864 2456 958 2496; x_wconf 85' lang='lat' dir='ltr'>Alii</span> <span class='ocrx_word' id='word_1_271' title='bbox 979 2469 1128 2497; x_wconf 87' lang='lat' dir='ltr'>annos</span> <span class='ocrx_word' id='word_1_272' title='bbox 1157 2457 1333 2508; x_wconf 92' lang='lat' dir='ltr'>decem,</span> <span class='ocrx_word' id='word_1_273' title='bbox 1357 2459 1566 2498; x_wconf 84' lang='lat' dir='ltr'>nonnulli</span> <span class='ocrx_word' id='word_1_274' title='bbox 1587 2458 1771 2510; x_wconf 85' lang='lat' dir='ltr'>viginti,</span> <span class='ocrx_word' id='word_1_275' title='bbox 1797 2459 1854 2498; x_wconf 89' lang='lat' dir='ltr'>de</span> 
     </span>
     <span class='ocr_line' id='line_1_35' title="bbox 217 2526 1851 2580; baseline 0.002 -14"><span class='ocrx_word' id='word_1_276' title='bbox 217 2538 302 2567; x_wconf 92' lang='lat' dir='ltr'>sua</span> <span class='ocrx_word' id='word_1_277' title='bbox 324 2527 564 2578; x_wconf 86' lang='lat' dir='ltr'>impietate</span> <span class='ocrx_word' id='word_1_278' title='bbox 586 2526 789 2567; x_wconf 83' lang='lat' dir='ltr'>confessi</span> <span class='ocrx_word' id='word_1_279' title='bbox 809 2539 902 2567; x_wconf 92' lang='lat' dir='ltr'>non</span> <span class='ocrx_word' id='word_1_280' title='bbox 923 2534 1071 2568; x_wconf 89' lang='lat' dir='ltr'>erant.</span> <span class='ocrx_word' id='word_1_281' title='bbox 1096 2528 1160 2568; x_wconf 90' lang='lat' dir='ltr'>At</span> <span class='ocrx_word' id='word_1_282' title='bbox 1181 2535 1232 2568; x_wconf 91' lang='lat' dir='ltr'>vt</span> <span class='ocrx_word' id='word_1_283' title='bbox 1247 2529 1448 2580; x_wconf 88' lang='lat' dir='ltr'>primum</span> <span class='ocrx_word' id='word_1_284' title='bbox 1477 2530 1679 2570; x_wconf 87' lang='lat' dir='ltr'>confessi</span> <span class='ocrx_word' id='word_1_285' title='bbox 1700 2538 1851 2578; x_wconf 83' lang='lat' dir='ltr'>erant,</span> 
     </span>
     <span class='ocr_line' id='line_1_36' title="bbox 219 2598 1853 2653; baseline 0.002 -16"><span class='ocrx_word' id='word_1_286' title='bbox 219 2598 572 2638; x_wconf 87' lang='lat' dir='ltr'>euidentissima</span> <span class='ocrx_word' id='word_1_287' title='bbox 600 2609 713 2637; x_wconf 91' lang='lat' dir='ltr'>suae</span> <span class='ocrx_word' id='word_1_288' title='bbox 740 2598 1055 2649; x_wconf 89' lang='lat' dir='ltr'>poenitentiae</span> <span class='ocrx_word' id='word_1_289' title='bbox 1086 2600 1220 2650; x_wconf 83' lang='lat' dir='ltr'>signa</span> <span class='ocrx_word' id='word_1_290' title='bbox 1251 2600 1435 2641; x_wconf 87' lang='lat' dir='ltr'>dedere.</span> <span class='ocrx_word' id='word_1_291' title='bbox 1460 2601 1580 2641; x_wconf 86' lang='lat' dir='ltr'>Nam</span> <span class='ocrx_word' id='word_1_292' title='bbox 1601 2602 1679 2653; x_wconf 88' lang='lat' dir='ltr'>qui</span> <span class='ocrx_word' id='word_1_293' title='bbox 1700 2601 1853 2641; x_wconf 79' lang='lat' dir='ltr'>aliena</span> 
     </span>
     <span class='ocr_line' id='line_1_37' title="bbox 217 2669 1851 2723; baseline 0.002 -15"><span class='ocrx_word' id='word_1_294' title='bbox 217 2669 389 2709; x_wconf 90' lang='lat' dir='ltr'>multos</span> <span class='ocrx_word' id='word_1_295' title='bbox 409 2680 560 2708; x_wconf 89' lang='lat' dir='ltr'>annos</span> <span class='ocrx_word' id='word_1_296' title='bbox 586 2669 902 2720; x_wconf 90' lang='lat' dir='ltr'>possidebant,</span> <span class='ocrx_word' id='word_1_297' title='bbox 928 2670 1042 2709; x_wconf 84' lang='lat' dir='ltr'>nihil</span> <span class='ocrx_word' id='word_1_298' title='bbox 1064 2671 1192 2722; x_wconf 90' lang='lat' dir='ltr'>prius</span> <span class='ocrx_word' id='word_1_299' title='bbox 1212 2670 1417 2712; x_wconf 85' lang='lat' dir='ltr'>habuere</span> <span class='ocrx_word' id='word_1_300' title='bbox 1438 2683 1580 2723; x_wconf 88' lang='lat' dir='ltr'>quam</span> <span class='ocrx_word' id='word_1_301' title='bbox 1601 2679 1652 2713; x_wconf 88' lang='lat' dir='ltr'>vt</span> <span class='ocrx_word' id='word_1_302' title='bbox 1675 2672 1851 2712; x_wconf 68' lang='lat' dir='ltr'>Vnicui</span> 
     </span>
    </p>
   </div>
   <div class='ocr_carea' id='block_1_3' title="bbox 271 2852 1714 2938">
    <p class='ocr_par' dir='ltr' id='par_1_4' title="bbox 271 2852 1714 2938">
     <span class='ocr_line' id='line_1_38' title="bbox 271 2852 692 2880; baseline -0.005 0"><span class='ocrx_word' id='word_1_303' title='bbox 271 2853 282 2872; x_wconf 88' lang='lat'>¹</span> <span class='ocrx_word' id='word_1_304' title='bbox 323 2853 360 2880; x_wconf 89' lang='lat' dir='ltr'>P.</span> <span class='ocrx_word' id='word_1_305' title='bbox 377 2852 523 2880; x_wconf 71' lang='lat' dir='ltr'>Michael</span> <span class='ocrx_word' id='word_1_306' title='bbox 540 2852 692 2879; x_wconf 83' lang='lat' dir='ltr'>Botelho.</span> 
     </span>
     <span class='ocr_line' id='line_1_39' title="bbox 271 2899 1714 2938; baseline 0.004 -11"><span class='ocrx_word' id='word_1_307' title='bbox 271 2901 285 2919; x_wconf 81' lang='lat'><em>²</em></span> <span class='ocrx_word' id='word_1_308' title='bbox 323 2901 446 2928; x_wconf 83' lang='lat' dir='ltr'>Petrus</span> <span class='ocrx_word' id='word_1_309' title='bbox 461 2899 646 2934; x_wconf 76' lang='lat' dir='ltr'>Tagliavia</span> <span class='ocrx_word' id='word_1_310' title='bbox 661 2900 701 2927; x_wconf 86' lang='lat' dir='ltr'>de</span> <span class='ocrx_word' id='word_1_311' title='bbox 715 2900 1144 2935; x_wconf 79' lang='lat' dir='ltr'>A1·agon.Pan01·mitanus</span> <span class='ocrx_word' id='word_1_312' title='bbox 1160 2903 1447 2938; x_wconf 81' lang='lat' dir='ltr'>Archiepiscopus</span> <span class='ocrx_word' id='word_1_313' title='bbox 1459 2908 1492 2932; x_wconf 87' lang='lat' dir='ltr'>et</span> <span class='ocrx_word' id='word_1_314' title='bbox 1509 2905 1714 2932; x_wconf 71' lang='lat' dir='ltr'>Cardinalis.</span> 
     </span>
    </p>
   </div>
  </div>
 </body>
</html>
