2028 3328
284 223 354 259 700
754 221 981 260 LITTERAE
1000 233 1358 266 QUADRIMESTRr-:s

839 674 878 726 C
889 672 1261 727 DXXXVIII

307 902 528 940 Robertus
550 902 835 948 Clayssonius

357 968 473 1004 Patri
493 967 662 1014 Ignatio
684 966 734 1003 de
757 967 939 1013 Loyola.

401 1032 616 1077 Billiomo,
640 1031 682 1068 15
703 1031 968 1069 Novembris
990 1032 1082 1069 1555
1101 1031 1126 1069 ¹.

312 1240 411 1281 Pax
434 1240 622 1280 Domini
645 1240 732 1281 Dei
753 1240 902 1281 nostri
921 1240 1032 1293 Jesu
1049 1239 1225 1281 Christi
1243 1239 1452 1292 perfecta
1468 1250 1554 1279 nos
1572 1237 1712 1278 donet
1732 1238 1866 1277 liber-

231 1318 341 1353 tate.
365 1312 532 1352 Amen.

311 1383 620 1424 Gratissimus
644 1383 834 1424 Domini
854 1383 1136 1436 Hieronymi
1157 1383 1312 1423 Bassii
1333 1389 1474 1434 atque
1497 1382 1615 1422 adeo
1650 1379 1865 1431 Magistri

230 1453 355 1494 Petri
375 1454 564 1494 Canalis
584 1456 597 1475 ²
620 1454 849 1495 aduentus
871 1466 944 1495 me
965 1466 1148 1495 summa
1175 1454 1354 1494 laetitia
1385 1453 1635 1500 recreauit,
1666 1462 1864 1503 quorum

229 1531 425 1576 vterque
461 1526 689 1576 singulari
728 1526 957 1566 modestia
991 1537 1077 1566 nec
1114 1525 1304 1576 vulgari
1335 1524 1595 1565 eruditione
1633 1534 1864 1563 summam

231 1595 414 1647 frugem
436 1596 481 1636 in
504 1597 591 1637 hac
614 1597 939 1637 Aruernorum
966 1597 1160 1648 regione
1189 1595 1503 1647 colligendam
1533 1594 1646 1634 mihi
1678 1594 1864 1645 pollice-

228 1673 318 1707 tur.
342 1667 485 1719 Atqui
508 1668 554 1708 in
576 1668 666 1708 hac
695 1668 953 1708 Biliomaea
988 1668 1263 1718 Academia,
1299 1666 1537 1706 Vberrimo
1573 1665 1862 1705 incremento

227 1737 570 1788 florentissima,
594 1739 692 1790 ipse
716 1739 868 1779 adhuc
890 1740 1030 1789 solus,
1056 1738 1389 1789 Agricolarum
1405 1742 1594 1777 nostrae
1613 1736 1862 1777 Societatis

225 1809 433 1849 subsidio
455 1809 717 1858 destitutus,
743 1809 926 1861 pondus
947 1809 1037 1850 diei
1060 1815 1104 1850 et
1131 1815 1291 1849 aestus
1317 1808 1526 1860 perferre
1557 1818 1718 1857 cogor.
1741 1805 1862 1847 Nam

226 1878 360 1920 Rmus
394 1879 519 1920 D.1¹¹³³
548 1879 763 1921 Antistes
799 1880 1218 1931 Claromontanus,
1257 1879 1387 1920 hisce
1422 1878 1683 1919 rationibus
1720 1877 1860 1917 addu-

227 1957 344 2002 ctus,
368 1957 467 1991 tum
500 1952 624 2003 quod
657 1951 979 2003 professorum
1013 1951 1088 1991 hic
1124 1962 1260 2002 copla
1296 1949 1356 1990 ad
1389 1949 1533 1990 ferias
1568 1960 1717 2001 vsque
1748 1948 1861 1988 Divi

219 2022 415 2075 Joannis
437 2023 675 2074 Baptistae
696 2023 806 2063 anni
827 2023 1028 2074 proximi
1058 2022 1240 2062 abunde
1269 2028 1503 2073 suppetat,
1533 2021 1700 2072 quibus
1732 2018 1792 2059 ad
1814 2018 1860 2059 id

220 2105 369 2145 vsque
390 2094 614 2145 temporis
636 2093 833 2134 docendi
856 2106 1024 2134 munus
1051 2105 1318 2146 propagare
1345 2093 1544 2133 liberum
1572 2097 1642 2131 est
1671 2103 1730 2131 ex
1751 2102 1856 2131 con—

221 2164 453 2215 uentione,
473 2170 571 2205 tum
592 2165 715 2216 quod
737 2165 902 2205 domus
924 2171 1062 2216 atque
1097 2165 1306 2216 supellex
1327 2163 1596 2204 necessaria
1631 2161 1858 2213 paulatim

221 2235 387 2275 leuiori
416 2236 652 2287 impendio
688 2236 1007 2288 comparanda
1042 2236 1116 2287 sit,
1153 2235 1297 2276 D.1¹¹1m
1323 2235 1665 2286 Hieronymum
1701 2232 1858 2273 Clara-

222 2306 543 2346 montensibus
565 2308 839 2358 assignauit,
864 2314 915 2347 vt
942 2307 1235 2347 xenodochio
1270 2306 1443 2346 labenti
1465 2305 1542 2356 pia
1566 2304 1858 2344 institutione

221 2377 462 2429 suppetias
481 2377 616 2428 ferat,
642 2389 696 2418 ac
718 2378 1001 2430 Magistrum
1021 2378 1210 2418 Petrum
1230 2378 1494 2428 Euscopiae
1515 2375 1528 2394 ⁵
1557 2375 1680 2427 apud
1711 2387 1760 2415 se
1783 2374 1857 2415 de—

220 2448 351 2499 tinet,
392 2454 443 2488 vt
481 2449 771 2490 commodius
816 2449 1137 2501 maturiusque
1166 2448 1484 2489 valetudinem
1524 2452 1768 2498 recuperet
1808 2446 1854 2485 in

219 2523 327 2559 a'e‘re
348 2525 446 2559 tum
467 2520 767 2561 serenissimo
786 2528 884 2561 tum
906 2520 1254 2571 amoenissimo,
1282 2530 1420 2571 quem
1441 2525 1600 2558 tamen
1621 2516 1857 2557 interdum

218 2601 291 2629 me
313 2590 543 2630 inuisendi
564 2591 718 2642 gratia
741 2591 989 2632 Biliomum
1009 2603 1059 2631 se
1080 2591 1332 2631 missurum
1354 2589 1547 2641 recepit.

299 2659 516 2701 Proximo
540 2661 770 2702 Paschate
793 2662 1053 2714 Collegium
1075 2661 1299 2703 Societati
1322 2660 1598 2712 erigendum
1627 2658 1740 2699 mihi
1761 2659 1855 2710 pol-

218 2731 397 2783 licetur,
417 2731 646 2785 jussitque
666 2740 716 2773 vt
738 2733 797 2773 ad
818 2733 1153 2774 Paternitatem
1181 2741 1309 2773 tuam
1339 2733 1499 2772 literas
1520 2730 1853 2780 transmittam,

220 2802 386 2851 quibus
407 2803 644 2844 senarium
663 2803 986 2855 professorum
1006 2815 1268 2855 numerum,
1299 2810 1349 2843 vt
1375 2802 1631 2851 minimum,
1664 2801 1855 2841 scholae

275 2937 282 2954 ¹
326 2937 578 2972 Autogranhae
594 2939 626 2967 in
641 2940 722 2967 folio
737 2940 874 2975 duplici,
891 2948 945 2967 nn.
961 2940 1011 2968 231
1027 2944 1061 2968 et
1075 2940 1141 2968 232.

273 2985 286 3003 ‘—'
323 2983 366 3011 Hi
382 2985 444 3012 duo
462 2985 569 3013 Roma
588 2988 630 3014 ab
645 2987 780 3021 Ignatio
797 2987 978 3016 Billomum
995 2988 1037 3016 ad
1054 2987 1242 3022 Collegium
1258 2986 1484 3015 inchoandum
1500 2986 1593 3013 missi
1609 2988 1700 3012 sunt.

275 3029 290 3048 ⁵
326 3030 413 3058 Vide
430 3039 545 3068 supra,
559 3041 641 3068 pag.
662 3034 725 3068 635,
740 3039 855 3062 annot.
870 3035 896 3062 3.
