2028 3328
827 169 910 202 AN.
942 165 1032 203 1555>
1671 166 1741 204 569

105 265 190 312 tia,
215 272 258 304 et
282 264 510 303 Praefecti
535 264 852 304 sacrificorum
878 262 1075 312 Regium
1098 263 1226 311 (is-sc),
1249 271 1290 301 <ft
1314 262 1527 301 Rectoris
1553 263 1741 302 Uniuer-

108 335 278 384 sitatis,
308 343 351 374 et
380 335 557 375 Prioris
588 335 828 374 Ecclesiae
858 333 1057 384 primae,
1082 340 1125 371 ct
1157 332 1479 372 sacrificorum
1508 333 1739 373 Basilicae

108 405 299 456 Regiae,
333 413 376 445 et
408 406 613 457 equitum
642 410 933 453 auratorum,
967 410 1011 443 et
1040 404 1328 453 collegarum
1356 404 1563 443 omnium
1592 404 1737 444 Colle-

108 477 307 526 g‘iorum.
342 476 518 526 Quibus
541 476 726 527 quidem
747 474 1068 518 inuisionibus,
1092 486 1151 513 an
1173 474 1259 525 ipsi
1281 474 1507 514 maiorem
1530 475 1738 514 consola-

106 547 281 587 tionem
300 548 610 599 perceperint,
636 559 694 587 an
717 546 854 586 Pater
876 545 1041 585 maiori
1062 544 1200 585 fuerit
1231 545 1504 585 confusione
1527 545 1736 593 affectus

107 629 195 669 ego
224 630 336 658 sane
358 630 550 669 prorsus
571 619 751 670 ignoro.
777 617 1023 658 Caeterum
1042 622 1111 656 est
1128 616 1250 667 quod
1273 628 1359 656 nos
1380 628 1473 656 non
1495 617 1738 656 mediocri-

106 696 178 729 ter
212 690 495 739 consoletur,
531 689 792 740 gratiarum
821 699 987 739 nempe
1017 687 1117 727 Deo
1148 688 1287 737 actiO,
1312 699 1429 739 quas
1457 688 1605 727 cidem
1634 699 1738 739 age-

106 762 234 810 bant,
259 761 381 812 quod
403 761 492 800 huc
516 760 797 801 Societatem
829 759 1100 799 adduxisset
1122 758 1167 798 in
1191 758 1437 798 utilitatem
1459 770 1553 798 non
1577 759 1738 810 vulga-

107 844 219 881 rem,
246 844 384 883 quam
408 844 466 872 ex
487 845 540 872 ea
564 832 805 883 percipere
826 836 1005 882 putant.

186 903 257 943 Ex
288 904 360 943 his
393 904 549 954 itaque
578 910 621 943 et
643 903 689 943 id
716 913 866 953 genus
889 902 1006 950 aliis,
1032 914 1150 952 quae
1173 902 1247 941 hic
1275 901 1413 941 Pater
1441 901 1572 951 vidit,
1596 913 1738 942 ausus

101 980 176 1014 est
199 975 430 1014 affirmare
453 985 501 1014 se
523 985 754 1025 nusquam
776 972 950 1013 vidisse
972 974 1182 1012 locorum
1203 972 1486 1024 quempiam,
1506 984 1622 1023 quos
1639 973 1738 1024 ipse

104 1047 344 1095 lustrarat,
383 1046 460 1085 ubi
494 1057 587 1085 vno
623 1045 828 1085 omniurn
860 1056 939 1084 ore
970 1051 1066 1084 tam
1101 1044 1218 1084 bene
1248 1043 1304 1083 de
1338 1043 1571 1084 Societate
1602 1051 1646 1084 et
1682 1044 1738 1084 de

107 1117 343 1157 exercitiis
375 1117 595 1157 sentitum
627 1117 700 1166 sit,
725 1128 864 1167 quam
892 1116 938 1156 in
968 1116 1056 1156 hac
1091 1116 1298 1165 ciuitate,
1330 1121 1491 1167 thote
1528 1116 1606 1167 qui
1636 1127 1739 1156 eru-

105 1189 294 1237 ditione,
326 1188 567 1239 dignitate,
608 1188 864 1237 nobilitate,
898 1187 1001 1227 aliis
1035 1193 1294 1238 praestant,
1327 1193 1510 1227 tantum
1544 1187 1675 1227 abest
1711 1200 1737 1227 a

104 1259 339 1301 Societate
362 1259 654 1309 dissentiant,
685 1265 734 1298 vt
762 1270 921 1298 secum
951 1269 1093 1309 agere
1123 1269 1218 1298 non
1248 1264 1504 1298 vereantur
1533 1270 1737 1310 quonam

103 1331 193 1382 ipsi
215 1336 352 1382 pacto
375 1331 538 1370 eadem
570 1341 791 1370 exercere
821 1331 1025 1370 valeant.
1051 1329 1311 1370 Memoratu
1334 1329 1521 1381 quidem
1544 1329 1737 1380 dignum

103 1408 188 1452 est,
213 1402 336 1453 quod
359 1414 384 1441 a
407 1401 610 1452 quodam
637 1401 753 1451 uiro,
779 1401 924 1441 literis
953 1407 998 1441 et
1028 1400 1256 1440 virtutum
1286 1401 1575 1441 ornamentis
1606 1413 1736 1452 prae-

103 1474 256 1524 cipuo,
281 1472 563 1524 accepimus.
598 1471 714 1512 Cum
736 1472 858 1512 enim
887 1471 935 1511 P.
966 1471 1275 1512 Prouincialis
1310 1478 1472 1522 ageret
1503 1484 1608 1513 cum
1639 1473 1733 1523 illo,

104 1556 350 1596 sermoque
373 1545 429 1584 de
451 1544 690 1584 exercitiis
713 1544 968 1593 incidisset,
993 1543 1115 1582 hanc
1137 1543 1183 1583 in
1205 1543 1408 1583 medium
1426 1545 1735 1595 comparatio-

103 1627 210 1656 nem
237 1616 404 1664 attulit,
436 1615 599 1654 dicens
631 1614 768 1665 quod,
799 1614 1192 1666 quemadmodum
1223 1613 1440 1665 Apostoli
1468 1615 1513 1655 in
1543 1615 1619 1655 illa
1647 1617 1736 1667 pri-

106 1698 271 1727 maeua
293 1687 492 1726 ecclesia
516 1686 796 1725 documenta
819 1685 1051 1736 quaedam
1072 1685 1321 1735 habebant,
1339 1686 1504 1737 quibus
1522 1686 1737 1727 homines

104 1757 163 1797 ad
183 1758 273 1798 Dei
293 1758 467 1797 cultum
493 1757 749 1805 allicerent,
780 1757 843 1796 ita
877 1757 1089 1796 eumdem
1122 1756 1372 1797 tradidisse
1397 1758 1623 1798 exercitia
1657 1757 1735 1798 So-

105 1829 276 1879 cietati,
301 1829 467 1880 quibus
489 1828 700 1868 homines
723 1828 1007 1868 inducantur
1030 1827 1088 1867 ad
1111 1828 1365 1868 saluandos
1386 1829 1580 1880 seipsos.

182 1899 258 1940 Ad
287 1900 487 1951 primam
516 1900 806 1949 concionem,
842 1910 979 1950 quarn
1017 1898 1066 1938 Ρ.
1105 1899 1308 1939 Basilius
1343 1900 1526 1950 publice
1556 1900 1732 1950 habuit,

102 1983 276 2022 magna
298 1971 554 2022 peritorum
583 1971 824 2010 hominum
853 1976 897 2010 et
919 1971 1210 2021 collegarum
1240 1977 1379 2022 atque
1410 1971 1734 2012 sacrificorum

104 2042 303 2093 Regium
324 2042 433 2093 (sic)
456 2042 590 2094 copia
622 2042 909 2082 aduentauit.
940 2042 1152 2083 Interfuit
1181 2043 1321 2083 etiarn
1342 2042 1469 2083 D.1¹¹¹S
1493 2042 1733 2095 Archiepi-

103 2125 290 2165 scopus,
315 2114 391 2164 qui
413 2119 662 2153 contentus
684 2125 738 2153 ea
760 2125 905 2165 usque
927 2114 1042 2154 adeo
1065 2114 1272 2162 recessit,
1294 2120 1345 2153 vt
1362 2114 1607 2165 proximae
1630 2126 1735 2154 con-

102 2185 240 2235 cioni,
261 2196 400 2236 quam
420 2185 543 2236 apud
559 2184 710 2225 Diuae
729 2184 895 2225 Annae
917 2185 1092 2232 habuit,
1113 2185 1328 2235 adfuerit,
1354 2184 1617 2225 admiratus
1639 2187 1733 2237 qui-

102 2256 208 2296 dem
228 2262 407 2296 tantam
429 2255 673 2296 hominum
694 2255 1050 2305 multitudinem,
1075 2256 1153 2307 qui
1174 2255 1362 2296 Patrem
1389 2256 1619 2296 audirent.
1647 2255 1733 2296 Re-

102 2327 276 2379 liquum
307 2333 463 2367 autem
495 2328 667 2378 Vulgus
703 2327 954 2367 conciones
988 2328 1184 2367 multum
1215 2327 1493 2378 frequentat.
1524 2327 1588 2368 At
1624 2328 1734 2379 quid

101 2398 199 2439 dixi
233 2398 424 2449 vulgus?
461 2398 601 2438 immo
635 2409 797 2438 omnes
826 2398 921 2438 fere
950 2399 1128 2450 equites
1158 2398 1309 2438 aurati
1340 2404 1618 2450 sequuntur3
1658 2410 1733 2438 au-

102 2469 232 2509 diunt
253 2469 393 2509 etiam
417 2469 613 2510 libenter
635 2469 885 2509 conciones
913 2469 1080 2517 Patris,
1103 2469 1239 2509 valde
1270 2470 1557 2520 multumque
1585 2469 1734 2509 incre-

100 2540 257 2592 pantis
296 2541 342 2580 in
381 2539 530 2580 Deum
572 2540 798 2591 optimum
837 2540 1092 2580 maximum
1130 2547 1327 2591 peccata
1367 2540 1647 2591 commissa,
1689 2547 1734 2580 et

99 2611 376 2652 immodicos
404 2613 604 2652 uestium
632 2612 798 2661 cultus,
832 2612 998 2662 quibus
1028 2611 1117 2661 ipsi
1144 2611 1296 2651 ornati
1322 2611 1539 2651 incedere
1565 2612 1731 2661 solent;

99 2694 265 2722 verum
286 2683 375 2734 ipsi
396 2682 533 2723 minis
555 2694 610 2722 ac
632 2682 854 2722 Vitiorum
872 2682 1179 2722 detestatione
1196 2682 1360 2733 territi,
1379 2688 1430 2722 vt
1449 2684 1602 2722 oleum
1622 2682 1733 2723 Vino

96 2752 313 2793 infundat
349 2759 531 2805 petunt,
562 2759 613 2793 vt
642 2753 1014 2793 misericordiam
1044 2753 1248 2793 iustitiae
1285 2753 1543 2794 admisceat
1579 2760 1729 2794 orant.

100 2824 163 2864 At
183 2835 296 2864 uero
318 2823 470 2875 Pater,
495 2824 663 2876 spiritu
684 2823 772 2864 Dei
792 2824 946 2874 potius
969 2824 1136 2864 ductus
1163 2836 1304 2875 quarn
1329 2836 1490 2865 eorum
1513 2824 1733 2875 efflagita·

100 2895 321 2947 tionibus,
346 2906 436 2947 quo
459 2895 612 2947 magis
633 2894 1004 2936 misericordiam
1026 2895 1298 2947 efflagitant,
1323 2908 1376 2936 eo
1398 2896 1550 2948 magis
1572 2908 1734 2937 eorum

100 2967 299 3007 vulnera
329 2973 592 3018 penetrare,
623 2967 878 3019 eademque
914 2966 1181 3018 patefacere
1216 2973 1434 3009 conatur.
1469 2967 1734 3009 Conciones
