2028 3328
234 155 279 191 12
754 158 982 196 LITTERAE
1001 168 1360 201 QUADRIMESTRES

229 251 344 292 tiam
366 256 411 293 et
434 253 619 294 animae
640 255 854 305 salutem,
879 266 935 295 ac
954 254 1081 295 uitiis
1111 255 1311 296 refertus
1339 257 1597 308 spatiosam
1618 264 1662 297 et
1683 257 1870 300 facilem

228 322 355 363 uiam
369 325 625 376 uoluptatis
646 325 798 366 fuerat
819 326 1077 377 ingressus,
1103 337 1130 366 a
1150 327 1282 367 cuius
1302 327 1493 367 tandem
1515 338 1656 368 cursu
1678 340 1871 370 reuoca-

228 399 317 444 tus,
338 395 521 447 impulit
542 397 749 437 animum
771 398 830 437 ad
851 398 1072 437 uirtutem
1095 404 1139 438 et
1167 409 1325 437 rerum
1352 398 1617 438 diuinarum
1646 400 1865 442 studium.

226 464 345 505 Nam
370 473 572 517 quatuor
593 474 674 508 aut
695 468 895 520 quinque
919 468 1018 508 dies
1044 469 1269 520 impendit
1298 469 1519 508 uitiorum
1548 469 1866 522 extirpationi,

227 538 444 588 exposita
466 539 609 579 totius
631 539 755 580 uitae
777 540 974 580 historia
997 551 1077 591 per
1101 539 1443 580 confessionem
1466 542 1750 590 generalem.

306 607 410 648 Hac
431 610 615 650 ratione
639 610 757 650 adeo
782 616 948 662 captus
976 610 1062 651 fuit
1095 610 1283 651 uirtutis
1312 621 1487 659 amore,
1511 617 1561 650 ut
1583 613 1772 653 omnino
1795 614 1869 654 de-

227 679 430 719 creuerit
462 680 689 721 familiam
721 681 768 721 in
798 681 888 722 Dei
920 682 1089 722 timore
1118 688 1163 722 et
1185 682 1331 722 ueteri
1358 682 1599 722 Ecclesiae
1621 683 1868 735 disciplina

228 749 469 791 continere
490 762 762 803 regereque.

304 819 495 871 Omitto,
532 834 590 862 ne
617 824 785 874 longus
820 823 930 873 sim,
961 824 1185 874 plurimos
1215 830 1407 863 onustos
1442 823 1869 877 suffarcinatosque

222 892 518 940 grauissimis
539 894 760 944 peccatis,
781 894 858 946 qui
880 895 1049 944 partim
1067 894 1336 943 inimicitiis,
1361 895 1533 945 partim
1555 895 1774 936 uindictis
1798 897 1862 936 in-

222 961 449 1014 iuriisque
489 964 732 1005 obcaecati
763 976 819 1005 ac
850 965 1096 1015 debilitati,
1133 966 1389 1016 nequibant
1429 971 1626 1006 conatus
1662 966 1868 1008 nefarios

225 1032 375 1074 hostis
392 1046 418 1074 a
436 1045 539 1075 sese
555 1037 799 1087 repellere.
819 1036 891 1076 Ac
908 1036 1187 1088 simulatque
1205 1037 1355 1076 omnis
1376 1038 1560 1088 peccati
1577 1038 1763 1078 sentina
1782 1051 1866 1090 per

227 1104 572 1146 confessionem
594 1118 652 1146 ex
673 1106 765 1147 imo
786 1114 976 1158 pectore
996 1107 1083 1147 fuit
1105 1108 1348 1158 exhausta,
1373 1107 1525 1149 subito
1552 1108 1599 1148 in
1619 1109 1746 1149 uiam
1776 1109 1866 1150 Do-

229 1175 343 1215 mini
370 1177 622 1218 redierunt.

305 1246 553 1299 Reliquum
588 1256 679 1299 est,
718 1249 873 1300 Pater,
903 1255 952 1290 ut
984 1250 1190 1290 breuiter
1227 1249 1434 1301 accipias
1474 1251 1862 1294 consuetudinem

226 1324 441 1359 nostram
469 1325 514 1359 et
541 1320 879 1361 institutionem
905 1321 1159 1361 iuuentutis
1187 1327 1399 1371 nostrae,
1430 1321 1555 1373 quod
1582 1328 1632 1362 tu
1659 1323 1863 1364 maxime

226 1389 349 1429 scire
366 1390 539 1431 studes.
560 1390 725 1431 Patres
741 1402 791 1431 se
809 1391 1011 1432 officiose
1028 1398 1275 1442 gesserunt
1296 1392 1435 1441 domi,
1460 1398 1558 1432 tum
1575 1394 1862 1436 consulendo

216 1459 418 1501 fratrum
439 1462 593 1512 saluti,
613 1468 711 1502 tum
731 1462 969 1503 incitando
991 1464 1206 1514 exemplo
1223 1462 1282 1502 ad
1298 1463 1518 1503 uirtutem
1539 1471 1582 1503 et
1606 1465 1854 1506 actionem.

218 1530 440 1572 Fratrum
461 1533 779 1585 unusquisque
802 1534 1055 1584 contendit,
1079 1534 1218 1574 rebus
1239 1534 1398 1574 mundi
1419 1536 1662 1586 neglectis,
1688 1535 1858 1577 offerre

222 1613 272 1642 se
296 1601 483 1643 Christo
504 1604 709 1645 hostiam
732 1605 903 1653 uiuam,
929 1611 1142 1645 sanctam
1163 1612 1206 1645 et
1224 1605 1324 1645 Deo
1342 1606 1604 1657 placentem
1616 1612 1661 1646 et
1681 1607 1856 1648 imitari

226 1673 372 1714 filium
391 1674 607 1725 hominis,
632 1676 710 1726 qui
730 1688 823 1716 non
852 1688 985 1716 suam
1013 1677 1095 1716 sed
1121 1676 1273 1717 Patris
1301 1683 1528 1718 executus
1549 1684 1619 1718 est
1641 1679 1858 1719 uolunta-

224 1751 333 1785 tem.
364 1745 481 1786 Cum
512 1747 604 1786 sint
640 1758 834 1787 numero
865 1748 1025 1799 pauci,
1064 1754 1170 1788 sunt
1198 1748 1429 1788 charitate
1460 1755 1504 1789 et
1540 1760 1680 1800 opere
1710 1751 1858 1802 multi3

217 1821 407 1867 tempus
427 1828 562 1857 omne
584 1818 764 1867 studiis,
789 1817 949 1858 officiis
979 1819 1248 1859 domesticis
1273 1826 1317 1859 et
1338 1820 1629 1860 orationibus
1651 1821 1858 1872 partiun-

221 1892 313 1937 tur3
337 1887 524 1928 minima
550 1889 702 1939 portio
724 1889 942 1929 tribuitur
963 1901 1141 1939 somno,
1167 1890 1316 1930 minor
1341 1891 1459 1941 cibo,
1483 1891 1609 1930 nulla
1629 1891 1735 1931 otio.
1756 1890 1856 1932 Stu-

225 1958 408 1998 diorum
440 1965 483 1998 et
510 1959 815 2000 institutionis
845 1960 1168 2000 lassitudinem
1198 1968 1383 2001 recreat
1411 1962 1702 2013 deprecatio;
1735 1963 1857 2004 hanc

225 2040 337 2069 mox
358 2036 438 2069 aut
462 2031 823 2081 aegrotantium,
853 2038 931 2071 aut
952 2032 1019 2071 rei
1040 2032 1295 2072 culinariae
1317 2040 1360 2072 et
1384 2033 1582 2073 aliarum
1605 2034 1856 2074 necessita-

229 2106 326 2140 tum
350 2102 545 2152 suscipit
567 2113 695 2151 cura,
719 2108 769 2142 ut
789 2103 940 2142 lassos
963 2103 1021 2143 ad
1042 2110 1239 2143 stratum
1270 2104 1444 2153 uenire,
1470 2105 1856 2157 ambulantesque

223 2172 497 2223 dormitare,
521 2178 565 2212 et
586 2173 785 2213 necdum
807 2175 993 2225 expleto
1015 2185 1177 2214 somno
1200 2186 1393 2225 surgere
1415 2175 1593 2215 uideas.

294 2243 516 2283 iuuentus
545 2244 758 2284 instituta
785 2244 870 2284 fuit
896 2245 1158 2295 diligenter,
1185 2252 1229 2285 et
1260 2246 1515 2287 informata
1545 2258 1630 2298 pro
1659 2246 1852 2296 uiribus,

216 2319 261 2353 et
289 2314 348 2354 ad
377 2314 595 2365 pietatem
626 2321 670 2355 et
696 2315 1049 2356 humanitatem.
1078 2315 1211 2356 Multi
1240 2329 1352 2357 sane
1382 2318 1429 2358 in
1457 2318 1604 2358 literis
1634 2324 1678 2358 et
1710 2318 1847 2358 hone-

217 2390 339 2424 state
359 2397 557 2436 magnos
579 2385 751 2426 habent
771 2398 1065 2438 progressus3
1090 2394 1195 2427 sunt
1213 2389 1334 2428 enim
1355 2388 1402 2428 hi
1421 2388 1623 2440 praediti
1645 2389 1850 2440 singula-

213 2455 269 2499 ri.
307 2461 404 2495 tum
433 2456 637 2507 ingenio,
667 2464 764 2497 tum
804 2457 1048 2507 modestia,
1080 2466 1122 2498 et
1150 2470 1251 2498 sese
1281 2459 1393 2499 dant
1414 2460 1847 2512 exercitationibus,

215 2531 314 2565 tum
335 2527 655 2579 epistolarum,
678 2534 775 2568 tum
799 2529 1078 2579 orationum,
1111 2536 1208 2569 tum
1230 2531 1504 2580 carminum,
1535 2538 1654 2582 quae
1688 2531 1842 2571 omnia

216 2596 516 2638 foelicissime
550 2605 812 2649 praestant,
858 2606 902 2639 et
942 2606 1153 2640 nostram
1190 2608 1414 2652 superant
1452 2602 1842 2653 expectationem.

219 2665 337 2708 Sunt
357 2674 602 2719 praeterea
623 2671 831 2710 nonnulli
857 2671 954 2710 nati
988 2670 1329 2712 honestissimis
1356 2679 1400 2713 et
1426 2673 1615 2724 optimis
1645 2673 1845 2724 parenti-

215 2737 318 2789 bus,
343 2739 421 2790 qui
441 2740 719 2792 percupiunt
739 2740 859 2781 filios
880 2753 973 2781 non
994 2742 1145 2782 minus
1167 2743 1280 2783 dare
1307 2755 1499 2795 operam
1529 2744 1676 2784 literis
1706 2755 1851 2796 quam

219 2809 395 2850 uirtuti.

297 2880 492 2921 Multam
513 2882 682 2934 ubique
703 2882 913 2934 gentium
930 2895 1070 2924 cerno
1087 2896 1301 2936 messem,
1325 2885 1479 2935 Pater,
1503 2884 1586 2926 sed
1602 2885 1844 2937 operarios

216 2963 410 3003 paucos;
434 2953 675 3004 rogandus
695 2953 839 3005 igitur
859 2953 1101 3005 Dominus,
1131 2961 1181 2996 ut
1206 2956 1361 2998 mittat
1381 2957 1639 3008 operariOS,
1679 2962 1723 2996 et
1755 2967 1850 2996 ma-
