2028 3328
832 156 915 194 ΑΝ.
945 156 1034 199 lbos,
1681 158 1751 195 693

364 480 646 509 Praecedentium
662 480 827 516 Stephani
843 481 991 509 Baroelli
1013 481 1205 509 litterarum
1221 482 1332 510 latina
1357 482 1469 509 versio
1487 482 1507 509 ¹.

822 697 1034 802 JhS.†M.a

196 890 295 931 Pax
311 891 384 931 X.i

194 961 293 1002 Rde
321 962 473 1003 Pater:
499 963 655 1004 Pauca
679 975 705 1003 a
726 964 859 1004 nobis
880 963 1087 1004 Mutinae
1109 969 1301 1015 peracta
1322 963 1526 1004 breuiter
1559 963 1641 1004 tibi
1670 975 1746 1004 ex-

113 1033 426 1083 plicabuntur.
463 1033 588 1074 Inter
621 1041 820 1074 matrem
855 1040 899 1075 et
924 1034 1067 1075 filiam
1093 1046 1148 1075 ac
1181 1045 1408 1086 generum
1438 1033 1555 1074 adeo
1582 1035 1745 1085 grauis

110 1105 352 1145 inimicitia
374 1111 490 1155 erat,
515 1112 565 1145 vt
586 1106 710 1146 mala
731 1117 850 1146 vnus
873 1112 1037 1146 contra
1058 1105 1198 1146 alium
1220 1105 1452 1157 cogitaret
1469 1105 1498 1156 ἦ
1523 1105 1647 1157 quod
1664 1117 1744 1145 au-

110 1174 242 1215 diens
264 1177 380 1215 alter
404 1176 597 1216 Patrum
617 1176 769 1228 primo
805 1177 967 1216 vocari
998 1175 1128 1227 jubet
1162 1182 1374 1225 matrem,
1412 1175 1579 1217 deinde
1606 1187 1743 1227 gene-

110 1257 228 1297 rum,
252 1252 296 1286 et
319 1247 491 1287 auditis
513 1247 737 1298 partibus,
764 1247 994 1299 simulque
1015 1253 1152 1288 vtens
1175 1247 1351 1288 auxilio
1374 1247 1526 1288 curati
1552 1247 1742 1288 tandem

108 1316 229 1357 inter
251 1328 345 1368 eos,
371 1317 472 1358 Deo
495 1317 697 1369 fauente,
722 1329 816 1369 pax
837 1319 1096 1370 composita
1117 1324 1202 1359 est.

188 1387 516 1429 Confessarius
536 1400 595 1429 ex
616 1389 790 1429 nostris
811 1396 1010 1429 vocatus
1030 1396 1081 1429 vt
1102 1389 1327 1430 inuiseret
1350 1389 1599 1442 quemdam
1624 1399 1740 1430 mer-

107 1464 316 1499 catorem
335 1471 606 1511 pauperem,
630 1460 768 1500 ualde
788 1460 1021 1501 infirmum
1042 1472 1136 1501 non
1163 1461 1312 1501 solum
1348 1462 1562 1512 corporis
1595 1460 1677 1501 sed
1696 1467 1741 1501 et

106 1530 306 1581 animae,
332 1537 581 1582 propterea
603 1531 728 1583 quod
747 1543 841 1571 non
861 1531 1014 1572 fuerat
1045 1531 1287 1572 confessus
1317 1532 1364 1572 in
1395 1532 1637 1583 paschate,
1661 1532 1739 1572 ha-

105 1600 220 1641 bens
237 1601 394 1642 odium
415 1601 643 1642 aduersus
664 1602 927 1654 quemdam,
952 1609 995 1643 et
1017 1603 1233 1654 cupiebat
1254 1615 1303 1643 se
1326 1603 1581 1651 vindicare,
1608 1603 1646 1643 si
1668 1613 1739 1643 so-

105 1672 200 1712 lum
221 1673 462 1723 potuisset3
487 1673 569 1713 sed
592 1684 675 1724 per
697 1673 911 1713 eumdem
932 1674 1252 1714 confessorem
1273 1674 1491 1715 inductus
1507 1682 1578 1714 est
1599 1675 1659 1715 ad
1675 1674 1737 1714 fa—

105 1743 321 1783 ciendam
340 1755 521 1795 pacem,
545 1750 604 1795 et,
623 1744 825 1796 receptis
842 1745 1153 1785 sanctissimis
1170 1745 1493 1796 sacramentis,
1516 1745 1739 1797 migrauit

106 1813 165 1853 ad
186 1813 458 1854 Dominum.
484 1814 584 1866 Qua
607 1815 663 1856 de
684 1827 733 1855 re
756 1821 906 1856 motus
928 1816 1026 1856 eius
1062 1817 1223 1867 frater,
1259 1816 1337 1868 qui
1372 1822 1472 1857 erat
1494 1823 1539 1856 et
1570 1817 1669 1868 ipse
1690 1817 1737 1856 in

103 1885 269 1924 eodem
289 1894 497 1936 peccato,
523 1892 566 1926 et
587 1886 805 1927 inductus
825 1899 908 1938 per
929 1887 1142 1927 eumdem
1170 1887 1346 1927 dictum
1374 1886 1732 1938 confessarium,

103 1955 343 1996 confessus
365 1963 449 1996 est.
475 1956 603 1997 Ciuis
637 1957 826 2009 quidam
861 1965 1115 2009 aegrotans
1142 1958 1365 1999 accersiri
1392 1958 1523 2010 jubet
1552 1959 1734 1999 confes-

101 2037 257 2066 sorem
279 2038 338 2067 ex
358 2028 545 2079 nostris,
573 2039 679 2068 cum
699 2040 790 2080 quo
823 2028 933 2069 fecit
967 2029 1327 2080 confessionem,
1364 2035 1409 2070 et
1439 2029 1639 2081 receptis
1662 2041 1732 2070 sa-

101 2097 355 2137 cramentis
377 2099 724 2149 ecclesiasticis,
749 2099 861 2139 obiit
883 2099 1006 2140 diem
1023 2111 1173 2140 suum.

178 2168 273 2208 Nec
294 2174 338 2208 te
359 2170 504 2210 latere
525 2170 661 2210 debet
684 2171 739 2210 de
762 2183 958 2211 romano
979 2171 1070 2222 illo,
1096 2172 1171 2212 cui
1196 2172 1385 2211 nomine
1412 2177 1513 2212 erat
1541 2170 1733 2223 Stepha-

97 2251 186 2279 nus
220 2239 477 2291 Cardellus,
503 2241 580 2292 qui
613 2242 751 2292 graui
785 2243 948 2282 morbo
985 2242 1195 2293 affectus,
1228 2243 1293 2286 ita
1327 2242 1386 2282 ad
1421 2254 1503 2283 cor
1526 2242 1661 2283 rediit
1682 2249 1734 2283 vt

97 2321 239 2362 saepe
259 2312 527 2362 loqueretur
549 2311 604 2352 de
626 2312 715 2353 Dei
736 2313 1060 2354 misericordia
1083 2314 1169 2354 sibi
1185 2326 1212 2354 a
1238 2313 1338 2354 Deo
1360 2314 1501 2364 facta,
1535 2320 1579 2354 et
1610 2314 1734 2354 adhi-

94 2381 191 2422 bita
212 2381 423 2432 diligenti
439 2394 552 2423 cura
572 2395 599 2423 a
616 2383 753 2424 Patre
775 2390 950 2435 nostro,
975 2396 1175 2436 quocum
1194 2385 1441 2436 aliquoties
1458 2392 1528 2425 est
1551 2385 1733 2425 confes-

95 2464 189 2502 sus,
221 2454 539 2494 sacrosanctis
561 2456 871 2496 sacramentis
892 2457 1098 2496 munitus
1115 2455 1397 2496 obdormiuit
1428 2457 1474 2496 in
1511 2456 1728 2497 Domino.

174 2523 263 2564 Vir
284 2525 487 2576 quidam,
511 2526 590 2577 qui
612 2538 705 2566 vna
728 2538 833 2566 cum
855 2527 1046 2567 muliere
1069 2528 1114 2567 in
1135 2534 1330 2578 peccato
1357 2527 1545 2567 mortali
1575 2526 1730 2578 jacue-

93 2602 167 2634 rat
187 2594 214 2634 8
232 2596 308 2635 vel
327 2596 352 2635 9
372 2597 522 2647 anniS‚
547 2597 806 2648 praemissa
827 2597 1125 2638 confessione
1146 2598 1278 2638 duxit
1308 2610 1412 2638 eam
1434 2599 1481 2638 in
1514 2609 1727 2647 uxorem3

90 2671 337 2717 praeterea
358 2666 467 2707 data
488 2673 595 2707 sunt
617 2668 842 2708 exercitia
859 2667 1020 2719 juueni
1036 2668 1268 2709 bonarum
1284 2669 1503 2720 partium,
1528 2669 1728 2721 quicum

147 2778 157 2797 ¹
197 2777 333 2812 Duplex
360 2782 412 2806 est
437 2778 560 2805 harum
582 2778 780 2806 litterarum
805 2780 995 2814 exemplum
1021 2780 1286 2815 autographum.
1308 2780 1461 2808 Primum
1478 2781 1509 2808 in
1526 2780 1605 2808 folio
1629 2781 1727 2809 unico

91 2832 122 2852 n.
138 2824 198 2857 169,
216 2825 248 2851 in
264 2833 328 2860 quo
345 2825 513 2860 quaedam
529 2826 679 2853 subdidit
701 2833 803 2854 manu
822 2827 963 2861 propria
979 2826 1014 2855 P.
1031 2826 1179 2861 Joannes
1198 2827 1246 2855 Le
1262 2827 1436 2862 Pelletie1·;
1460 2832 1556 2856 caret
1579 2828 1726 2856 subscri-

89 2872 216 2906 ptione.
233 2872 435 2906 Secundum,
451 2873 485 2900 in
500 2873 580 2900 folio
597 2873 703 2901 etiam
716 2874 827 2909 unico,
842 2875 933 2902 nullo
949 2881 1088 2902 numero
1105 2875 1314 2908 distinctum,
1331 2880 1426 2903 caret
1438 2875 1490 2903 his
1505 2883 1525 2903 a
1538 2876 1574 2904 P.
1587 2875 1634 2903 Le
1655 2876 1727 2903 Pel-

91 2919 191 2947 letier
206 2919 343 2950 additis.
358 2921 416 2947 scd
434 2920 763 2955 superscriptionem
778 2922 959 2956 quamdam
974 2922 1090 2956 habet,
1110 2930 1211 2957 quam
1223 2922 1312 2950 infra
1328 2923 1607 2951 transcribemus.

143 2966 158 2986 Ξ
197 2967 467 2995 machinaretur
483 2968 588 2996 habet
603 2968 750 2996 alterum
766 2970 967 3004 exemplum.
