2028 3328
213 129 283 168 768
726 130 952 167 LITTERAE
972 140 1054 173 QUA
1063 139 1332 166 DRIMESTRES

216 239 321 268 cum
351 227 525 277 labore,
557 227 776 278 quoniam
805 227 1064 277 aethiopisa
1092 232 1193 266 erat
1221 231 1265 264 et
1298 224 1380 264 vix
1414 224 1610 274 intelligi
1646 230 1849 275 poterat3

217 304 355 350 atque
377 297 434 338 cle
454 305 593 338 nocte
614 309 803 337 sacrum
831 297 1097 337 chrismatis
1126 298 1276 336 oleum
1307 306 1362 334 eo
1394 294 1686 334 afferendum
1718 305 1850 334 cura-

218 370 305 418 uit,
331 381 478 420 eoque
498 370 735 409 seruulam
756 368 905 419 unxit,
929 374 973 408 et
994 367 1206 407 dominos
1227 365 1373 417 ipsius
1395 366 1568 405 acriter
1599 365 1850 417 reprehen-

218 441 282 481 dit
304 440 427 491 quod
449 440 494 480 in
517 440 638 480 illius
660 440 843 479 animae
865 439 1013 478 salute
1036 445 1132 478 tam
1158 437 1452 488 negligentes
1468 436 1685 487 fuissent;
1705 447 1851 487 quare

219 518 269 552 vt
289 512 335 551 id
357 517 605 562 peccatum
625 510 959 551 confiterentur
980 509 1236 549 admonuit.

299 582 526 623 Omnibus
548 582 594 622 in
622 582 752 631 locis,
790 581 836 620 in
872 580 1038 631 quibus
1073 579 1216 631 aliqui
1251 578 1517 619 chrismatis
1555 584 1852 618 sacramento

218 654 538 702 initiabantur,
564 658 642 692 aut
665 652 1032 692 concionabatur
1053 649 1194 690 Pater
1215 650 1492 701 Episcopus,
1523 655 1602 689 aut
1629 650 1685 690 de
1713 649 1853 689 rebus

220 725 391 766 diuinis
413 725 547 776 quasi
568 722 862 763 familiariter
883 722 1028 761 verba
1056 721 1273 771 faciebat,
1304 720 1441 773 idque
1471 727 1615 761 noctu
1645 731 1854 760 nonnun-

220 807 383 848 quam,
423 806 508 835 nec
543 800 650 834 ante
686 794 841 834 cibum
876 793 1092 844 capiebat
1128 803 1268 843 quam
1309 792 1465 832 omnia
1500 791 1851 843 perficerentur.

220 866 474 908 Praeterea
496 864 701 917 quotidie
722 864 894 904 missae
915 874 1103 903 sacrum
1123 862 1341 903 faciebat.
1375 861 1572 913 Quando
1606 875 1665 902 ex
1690 862 1855 902 itinere

221 949 371 990 pagos
411 944 492 977 aut
531 936 706 987 aliquot
743 935 1060 985 agricolarum
1096 945 1233 974 casas
1268 934 1601 985 conspiciebat,
1640 932 1856 985 quamuis

223 1009 563 1061 aliquantulum
584 1019 610 1046 a
632 1006 709 1046 via
732 1011 940 1046 remotae
962 1012 1132 1055 essent,
1157 1004 1215 1045 ad
1237 1006 1417 1045 incolas
1438 1005 1624 1045 illorum
1646 1005 1854 1045 locorum

223 1080 543 1121 admonendos
572 1078 833 1118 diuertebat
862 1089 1034 1128 eosque
1064 1088 1238 1127 magna
1260 1088 1394 1127 uoce,
1431 1083 1482 1116 vt
1517 1077 1633 1116 bene
1667 1075 1855 1115 exaudi-

223 1158 366 1202 retur,
396 1150 673 1191 hortabatur
700 1156 750 1188 vt
778 1149 825 1188 in
850 1149 1073 1200 templum
1107 1148 1166 1188 ad
1201 1148 1470 1188 chrismatis
1500 1146 1858 1187 Sacramentum

224 1223 546 1272 conuenirent,
570 1221 949 1272 Episcopumque
971 1219 1069 1259 eius
1090 1219 1157 1259 rei
1175 1230 1317 1259 causa
1338 1219 1503 1258 adesse
1521 1218 1720 1258 dicebat.
1740 1217 1857 1258 Cum

225 1295 272 1334 in
293 1294 350 1334 iis
373 1293 587 1333 omnibus
608 1292 705 1332 fere
726 1291 842 1331 locis
863 1292 1119 1343 permultos
1141 1302 1254 1342 erga
1276 1301 1467 1330 suorum
1496 1290 1761 1329 animorum
1788 1300 1858 1328 sa-

226 1367 368 1405 lutem
389 1363 641 1404 admodum
661 1363 955 1414 negligentes
976 1362 1171 1412 uideret,
1197 1362 1263 1402 eis
1293 1362 1597 1402 vehementer
1632 1360 1860 1401 suadebat

227 1442 279 1477 Vt
299 1437 441 1476 totius
462 1436 587 1476 uitae
609 1441 805 1487 peccata
827 1434 1074 1485 diligenter
1096 1433 1452 1483 confiterentur3
1484 1432 1622 1484 idque
1650 1444 1739 1484 quo
1769 1443 1861 1471 me-

229 1508 315 1547 lius
336 1507 493 1547 facere
514 1512 719 1558 possent,
744 1506 949 1546 Eboram
970 1505 1028 1545 ad
1049 1510 1261 1545 nostrum
1283 1504 1533 1555 collegium
1552 1503 1778 1543 venirent.
1800 1503 1859 1550 Is,

228 1579 284 1618 de
305 1578 462 1618 multis
484 1577 801 1617 conscientiae
823 1576 1011 1616 casibus
1031 1581 1242 1626 rogatus,
1267 1575 1326 1615 ad
1344 1575 1500 1615 omnia
1518 1574 1654 1614 facile
1671 1585 1863 1626 respon-

229 1650 390 1700 debat;
424 1659 651 1700 persaepe
683 1654 839 1688 autem
866 1646 1133 1698 discedens,
1163 1658 1269 1686 cum
1305 1647 1399 1686 iam
1426 1646 1472 1686 in
1499 1647 1676 1686 mulum
1701 1657 1863 1685 ascen-

229 1721 339 1761 dere
360 1720 516 1771 vellet,
540 1718 829 1771 profectione
851 1718 1134 1768 intermissa,
1158 1729 1321 1758 rursus
1353 1729 1403 1757 se
1424 1717 1472 1757 in
1499 1718 1722 1768 templum
1745 1716 1863 1756 chri-

227 1792 391 1832 smatis
411 1791 568 1842 gratia
590 1789 875 1830 conferebat.
907 1789 1029 1840 Quin
1056 1789 1197 1829 etiam
1220 1789 1423 1841 quodam
1446 1789 1533 1837 die,
1566 1799 1671 1828 cum
1693 1788 1789 1828 iam
1816 1788 1864 1827 in

230 1865 435 1903 iumento
459 1862 642 1902 sederet
665 1861 845 1912 iterque
865 1860 1021 1900 facere
1044 1860 1290 1912 coepisset,
1314 1860 1392 1900 vbi
1415 1860 1639 1911 cognouit
1667 1869 1865 1911 puerum

228 1934 478 1986 quemdam
499 1934 754 1973 chrismate
773 1932 1009 1972 initiatum
1029 1944 1123 1972 non
1145 1943 1262 1981 esse,
1287 1943 1345 1971 ne
1367 1943 1482 1983 puer
1497 1932 1563 1971 ita
1585 1931 1866 1983 relinquere-

231 2014 318 2056 tur,
342 2005 500 2046 statim
520 2017 580 2045 ex
599 2005 724 2044 mulo
747 2003 1003 2043 descendit.
1028 2002 1226 2054 Quando
1249 2003 1389 2043 alicui
1419 2003 1590 2055 oppido
1619 2001 1868 2054 appropin-

231 2078 417 2129 quabat,
441 2082 492 2116 vt
513 2077 641 2115 solus
662 2075 825 2115 vrbem
847 2074 1032 2124 ingredi
1054 2080 1226 2125 posset,
1252 2074 1445 2114 comites
1467 2073 1766 2125 properando
1787 2084 1868 2113 an-

230 2148 446 2187 tecedere
463 2146 659 2186 solebat.

308 2218 478 2258 Postea
508 2217 678 2257 missus
707 2223 777 2257 est
807 2218 946 2257 homo
974 2215 1162 2269 quidam
1190 2229 1216 2257 a
1244 2216 1459 2268 Principe
1492 2216 1746 2267 Cardinali‚
1772 2215 1866 2267 qui,

231 2289 358 2329 velut
380 2294 654 2328 antecursor
681 2287 810 2328 Patri
837 2288 1072 2340 Episcopo
1100 2287 1404 2339 praecedens,
1439 2287 1481 2327 ei
1501 2288 1704 2339 hospitia
1733 2298 1867 2339 para-

233 2366 317 2411 1·et;
337 2359 461 2411 quod
477 2359 614 2399 Pater
632 2358 893 2410 Episcopus
911 2359 1156 2410 suspicans
1172 2359 1348 2399 homini
1366 2358 1482 2398 dixit
1500 2359 1622 2399 scire
1639 2370 1688 2398 se
1711 2369 1869 2409 quam-

234 2431 394 2471 obrem
415 2430 515 2481 ipse
545 2429 863 2481 praecederet;
887 2430 926 2470 si
947 2429 1033 2470 sibi
1048 2436 1237 2481 gratum
1254 2429 1410 2470 facere
1426 2430 1580 2480 vellet,
1600 2429 1647 2469 in
1664 2428 1870 2469 xenodo-

234 2501 352 2541 chiis
381 2500 638 2551 hospitium
659 2508 863 2552 pararet,
888 2501 1150 2552 populoque
1170 2502 1469 2541 renunciaret
1489 2507 1554 2551 vt,
1586 2501 1624 2540 si
1652 2501 1730 2552 qui
1751 2500 1872 2540 chri-

236 2572 398 2612 smatis
411 2577 716 2612 sacramento
738 2572 907 2612 initiati
928 2584 1021 2612 non
1042 2579 1213 2623 essent,
1237 2572 1284 2612 in
1302 2573 1525 2624 templum
1544 2571 1864 2621 conuenirent3

236 2643 327 2683 hoc
349 2643 435 2683 sibi
456 2642 639 2693 gratius
660 2643 759 2683 fieri
779 2643 894 2683 nihil
913 2654 1066 2695 posse;
1091 2643 1163 2684 sin
1181 2655 1294 2684 vero
1312 2643 1437 2683 aliud
1452 2643 1692 2695 quippiam
1713 2642 1871 2683 facere

237 2715 391 2754 iussus
413 2719 550 2764 esset,
584 2714 771 2754 domum
795 2715 981 2766 rediret,
1012 2715 1234 2766 quoniam
1264 2726 1407 2766 opera
1437 2716 1537 2755 eius
1565 2726 1659 2754 non
1687 2714 1868 2765 egebat.

236 2783 284 2824 si
306 2784 408 2835 quis
429 2784 549 2824 forte
570 2785 807 2825 hominem
827 2786 954 2826 illum
977 2785 1130 2826 Patris
1151 2786 1372 2837 Episcopi
1393 2797 1495 2826 esse
1516 2785 1792 2826 existimans
1808 2785 1873 2825 ita

237 2854 421 2894 (licebat
454 2854 584 2895 “tuus
614 2855 770 2907 homo,
805 2856 1006 2897 Domine
1032 2857 1281 2908 Episcope,
1317 2857 1375 2897 ad
1406 2869 1491 2897 nos
1524 2856 1723 2897 accessit
1751 2862 1797 2896 et
1822 2862 1875 2896 vt

237 2924 328 2964 huc
349 2925 616 2966 veniremus
638 2926 918 2978 admonuit‚‚,
940 2928 1098 2968 statim
1116 2928 1252 2968 Pater
1269 2928 1530 2979 Episcopus
1553 2928 1872 2979 interpellans,
