2028 3328
310 206 382 243 618
829 211 1022 248 ermm
1032 223 1052 248 a
1074 223 1432 256 QUADmMEs‘rREs

312 303 403 353 giis
425 308 828 359 commendarunt,
852 309 930 360 qui
961 321 1066 350 cum
1100 309 1157 349 ad
1186 322 1295 350 suos
1324 310 1587 360 rediissent,
1623 322 1679 350 ac
1709 310 1823 350 nihil
1853 323 1947 351 non

313 375 642 427 orthodoxum,
680 391 772 418 non
808 381 950 430 pium,
990 393 1082 420 non
1118 387 1347 430 sanctum,
1379 381 1612 432 reperisse
1641 386 1942 431 testarentur,

314 445 377 485 1111
399 446 550 487 (1611110
573 459 706 489 5113111
728 462 975 491 censuram
997 452 1313 501 obtrudentes,
1337 463 1487 491 nouos
1510 452 1731 502 ingerunt
1750 463 1941 503 scrupu-

312 517 395 556 los.
422 517 577 568 Quare
599 520 697 571 ipse
720 522 967 573 inquisitor
989 522 1095 562 fidei
1116 523 1284 562 iterum
1313 522 1370 562 ad
1402 535 1488 562 nos
1518 534 1737 562 reuersus
1765 521 1849 562 sibi
1881 523 1943 562 di-

311 589 518 638 plomata
540 598 701 632 nostra
725 594 908 633 ostendi
930 594 1224 645 deprecatur,
1250 594 1415 633 dubius
1437 594 1572 633 nobis
1595 606 1651 633 116
1680 605 1738 632 311
1769 594 1944 633 theolo-

310 660 385 709 gis
418 661 555 702 fidem
584 663 806 704 adhibere
834 665 1016 704 debeat.
1050 664 1259 716 Cumque
1289 677 1390 705 sese
1423 665 1595 705 habere
1625 665 1796 715 omnia,
1831 672 1881 704 vt
1916 678 1943 704 a

311 730 455 772 fratre
485 741 748 785 acceperat,
784 737 1104 787 comperisset,
1137 747 1231 776 non
1262 743 1445 788 poterat
1474 748 1568 776 non
1591 747 1870 776 succensere
1898 737 1943 775 in

310 802 570 854 theologos,
595 818 710 856 quos
733 818 837 845 cum
859 818 1086 846 excusare
1117 807 1464 858 quodammodo
1497 819 1789 857 conaremur,
1819 806 1945 858 quod

310 885 403 913 non
424 875 539 915 satis
562 888 616 915 ea
637 877 989 927 intellexissent,
1014 878 1113 929 ipse
1135 887 1311 918 autem:
1335 878 1476 929 “quis,
1497 878 1660 929 inquit,
1680 877 1796 917 adeo
1814 878 1942 917 rudis

310 945 387 995 qui
408 945 523 986 hacc
546 958 638 986 non
659 948 905 999 percipiat?
927 948 1045 988 Nam
1067 955 1110 988 et
1133 949 1259 998 mihi,
1284 951 1586 1001 quantumuis
1607 949 1775 999 ignaro
1796 955 1841 988 et
1862 948 1941 988 im-

309 1016 474 1067 perito,
499 1018 612 1057 satis
642 1020 767 1058 clara
799 1026 904 1059 sunt
933 1021 1129 1069 omnia„
1161 1020 1216 1060 Et
1246 1021 1312 1060 sic
1344 1027 1466 1060 totus
1489 1019 1833 1070 cogitabundus
1854 1020 1943 1059 dis-

309 1088 462 1127 cessit.

387 1158 515 1198 Haec
538 1167 643 1199 sunt
665 1160 820 1210 (Pater
842 1162 1283 1212 obseruandissime)
1307 1163 1576 1214 praecipua,
1603 1161 1658 1201 de
1681 1162 1846 1214 quibus
1874 1162 1938 1201 171-

307 1240 407 1268 sum
431 1236 499 1269 est
520 1230 858 1272 Paternitatem
880 1232 1029 1272 Tuam
1053 1245 1154 1273 esse
1173 1234 1470 1283 monendam,
1491 1233 1674 1273 duabus
1692 1232 1747 1272 de
1765 1233 1935 1282 causis,

306 1311 503 1350 quarum
539 1302 705 1352 prima,
738 1303 1006 1344 obseruatio
1038 1305 1279 1355 praecepti
1309 1306 1389 1351 tui,
1424 1317 1513 1356 quo
1544 1305 1680 1345 nobis
1712 1303 1942 1355 praescri-

305 1377 434 1421 ptum
455 1379 505 1412 171
527 1372 582 1412 de
604 1374 743 1413 rebus
766 1376 898 1425 lapsu
922 1376 1144 1426 temporis
1167 1377 1524 1418 succedentibus
1545 1382 1589 1416 te
1611 1375 1669 1415 ad
1690 1375 1938 1415 Veritatem

304 1441 566 1483 faceremus
588 1446 851 1496 certiorem,
876 1453 919 1486 et
941 1447 1140 1497 qualiter
1162 1454 1372 1487 nostrum
1401 1460 1450 1488 se
1477 1447 1648 1487 habeat
1679 1446 1933 1497 negotium.

305 1513 481 1564 Altera,
505 1522 554 1554 171
576 1517 783 1556 unanimi
805 1518 1059 1558 intentione
1078 1517 1281 1558 Domino
1300 1519 1400 1559 Deo
1418 1530 1503 1570 pro
1521 1518 1608 1567 his,
1630 1518 1707 1570 qui
1723 1518 1787 1557 ita
1804 1517 1937 1557 nobis

301 1585 538 1635 insultant,
564 1588 694 1627 iuxta
718 1589 982 1629 doctrinam
1003 1589 1192 1630 Domini
1214 1591 1363 1630 nostri
1390 1589 1654 1631 Saluatoris
1684 1588 1936 1629 identidem

300 1667 463 1706 preces
496 1659 758 1709 fundamus,
790 1672 883 1700 non
914 1661 1096 1701 futuras
1128 1662 1315 1713 quidem
1350 1662 1611 1702 calumnias
1646 1661 1740 1701 17110
1778 1666 1932 1711 pacto,

300 1728 451 1768 meriti
474 1738 817 1780 argumentum,
850 1731 1170 1782 formidantes,
1203 1732 1284 1773 sed
1316 1734 1437 1785 quod
1469 1733 1605 1773 cedat
1634 1732 1723 1772 illis
1753 1731 1813 1771 ad
1841 1732 1933 1770 ani-

300 1810 402 1839 mae
424 1800 768 1841 detrimentum.
792 1801 938 1852 Igitur
961 1803 1096 1843 nobis
1124 1805 1386 1843 consultum
1419 1810 1488 1843 est
1518 1803 1658 1843 hilari
1686 1802 1842 1842 animo
1870 1802 1936 1841 in—

298 1871 555 1912 sistendum
576 1873 808 1924 precibUS,
834 1886 925 1925 quo
947 1875 1137 1914 tandem
1160 1876 1409 1915 cacoethes
1431 1875 1543 1915 illud
1564 1875 1816 1925 deponant.
1842 1879 1885 1912 et
1908 1884 1933 1912 3

298 1943 554 1993 cacologiis
575 1951 761 1984 cessent
784 1946 999 1985 assuetis.
1020 1945 1112 1986 Res
1130 1957 1243 1986 sane
1261 1947 1616 1997 lachrymarum
1633 1945 1760 1985 fonte
1778 1943 1934 1995 deplo-

295 2014 460 2063 randa,
485 2014 646 2055 videre
669 2016 951 2056 christianos
973 2016 1144 2056 fratres
1175 2017 1219 2056 in
1252 2029 1411 2057 errore
1443 2016 1718 2056 obfirmatos
1749 2027 1872 2066 esse,
1907 2027 1933 2054 a

297 2084 463 2134 quibus
485 2085 828 2136 quodammodo
851 2088 1118 2138 synceritas
1139 2088 1244 2128 fidei
1265 2088 1312 2128 in
1334 2087 1487 2128 Gallia
1506 2088 1694 2127 videtur
1711 2086 1929 2138 pendere,

296 2161 340 2193 et
361 2155 425 2195 ita
447 2157 682 2197 caecutire
704 2164 753 2198 171
775 2158 933 2198 dicant
953 2159 1143 2209 bonum,
1167 2160 1356 2207 malum,
1380 2165 1607 2210 ponentes
1628 2159 1780 2198 lucem
1807 2165 1933 2197 tene—

295 2225 420 2276 bras,
445 2228 568 2278 quod
585 2234 711 2268 certe
732 2229 879 2269 tendit
901 2229 960 2269 ad
981 2230 1234 2270 interitum.
1260 2229 1653 2281 Quandoquidem
1675 2229 1759 2280 qui
1785 2240 1835 2268 se
1862 2239 1933 2267 sa-

294 2308 405 2336 num
427 2303 573 2349 putat,
604 2300 805 2340 consulit
833 2300 1066 2341 medicum
1097 2312 1259 2341 nemo:
1292 2301 1533 2340 enimuero
1566 2300 1668 2340 sine
1698 2299 1932 2340 charitate

294 2368 448 2408 nullus
469 2369 743 2411 saluabitur.
767 2370 940 2422 Ecquis
957 2371 1149 2421 diceret,
1169 2372 1377 2412 insontes
1394 2371 1628 2423 persequi,
1649 2371 1928 2411 charitatem

295 2439 415 2478 esse?
436 2439 493 2479 Et
514 2442 730 2492 quamuis
751 2442 924 2482 malum
948 2448 1214 2482 reuertatur
1235 2443 1281 2483 in
1303 2448 1444 2494 caput
1465 2442 1722 2493 irrogantis
1744 2441 1931 2492 (liuidus

293 2509 415 2550 enim
432 2511 626 2561 patienti
642 2524 939 2565 nequaquam
955 2513 1094 2554 infert
1115 2514 1349 2563 iniuriam,
1367 2513 1448 2554 sed
1465 2512 1788 2554 tantummodo
1805 2512 1928 2562 sibi),

293 2580 397 2630 quis
417 2587 573 2622 tamen
594 2583 829 2624 hominem
845 2585 1014 2625 debere
1031 2597 1115 2625 suo
1131 2585 1437 2633 benefactori,
1457 2590 1501 2625 et
1522 2584 1840 2636 suppeditanti
1857 2596 1931 2628 ea,

292 2662 411 2701 quae
441 2652 501 2692 ad
532 2653 787 2696 humanam
806 2656 955 2696 vitam
985 2655 1181 2706 faciunt,
1214 2656 1333 2696 bene
1360 2656 1546 2707 precari
1571 2655 1790 2706 negabit?
1818 2655 1930 2696 Vita

292 2727 455 2762 nostra
477 2735 596 2775 quae
617 2732 687 2764 est
709 2725 989 2766 abscondita
1010 2727 1057 2766 in
1080 2726 1283 2776 Christo,
1309 2738 1464 2766 nonne
1486 2738 1540 2766 ea
1563 2732 1633 2767 est
1652 2732 1704 2766 171
1723 2737 1809 2778 pro
1837 2724 1931 2766 Do-

293 2792 418 2832 mino
437 2793 549 2845 Jesu
571 2797 902 2837 contumeliam
923 2798 1178 2848 patiamur?
1200 2797 1304 2838 Non
1327 2797 1470 2849 igitur
1501 2797 1692 2837 dubium
1720 2804 1790 2837 est
1818 2798 1927 2848 quin

293 2862 397 2902 illos
420 2863 462 2913 (a
484 2865 652 2915 quibus
672 2867 771 2906 vita
793 2874 955 2907 nostra
977 2867 1317 2908 incrementum
1339 2868 1513 2919 accipit
1533 2868 1579 2907 in
1602 2867 1716 2918 dies)
1740 2867 1928 2907 commi—

292 2933 530 2974 seratione
552 2941 597 2975 et
619 2947 779 2976 amore
801 2940 1022 2989 prosequi
1056 2938 1322 2989 debeamus,
1355 2950 1640 2990 quamquam
1669 2944 1803 2978 actus
1831 2937 1925 2977 illo-

289 3013 393 3042 rum
414 3004 662 3046 videantur
681 3008 900 3048 secedere
922 3020 949 3048 a
973 3021 1087 3049 vero
1109 3010 1297 3050 tramite
1318 3009 1528 3050 rationis.
1552 3008 1730 3050 Trahat
1749 3015 1854 3060 post
1876 3020 1925 3048 se
