2028 3328
158 128 224 163 14⁴2
671 127 894 164 LITTERAE
913 137 1272 170 QUADmMESTREs

154 236 242 263 nus
264 223 516 270 Candidus,
542 236 567 262 a
591 235 680 274 quo
704 223 777 262 hic
801 224 978 274 appulit
1011 223 1034 273 ¹,
1060 224 1264 275 quotidie
1292 224 1389 264 fere
1411 224 1596 264 roboris
1617 226 1793 265 valetu-

155 294 249 334 dini
272 294 471 334 accessit
494 300 811 345 augmentum,
835 295 1142 334 concionatus
1166 301 1234 334 est
1257 295 1326 335 bis
1349 302 1478 335 terue
1499 294 1795 347 Antuerpiae

155 373 199 405 et
221 365 382 405 Leodii
404 377 496 404 non
519 366 618 404 sine
641 365 809 404 fructti.

235 436 284 476 In
306 436 437 476 initio
460 436 665 486 Augusti
685 443 780 475 tres
800 436 943 487 probe
964 437 1179 477 doctrina
1210 438 1464 477 instructos
1485 438 1677 478 iuuenes
1698 438 1711 455 ²
1734 438 1793 477 ad

157 508 213 547 V.
238 507 287 547 P.
310 507 534 556 misimus,
559 507 637 558 qui
672 507 809 546 simul
840 508 958 548 colla
980 520 1065 548 sua
1094 509 1328 548 dominico
1356 508 1466 559 iugo
1489 509 1535 548 in
1558 508 1795 549 Societate

155 585 316 618 nostra
358 578 629 617 submittere
668 577 950 619 desiderant,
992 579 1151 619 Alium
1191 579 1440 630 quemdam
1480 580 1790 629 sacerdotem,

155 649 214 689 M.
240 650 489 690 Iordanum
511 649 556 687 in
578 648 877 688 Hollandiam
900 650 1252 697 destinauimUS,
1274 650 1352 690 vbi
1373 661 1547 701 magna
1569 651 1794 691 instantia

156 721 399 760 cuiusdam
421 719 600 769 decani,
625 726 816 760 nostrae
839 720 1063 761 Societati
1091 721 1341 771 plurimum
1377 721 1548 772 deuoti,
1574 722 1792 762 ecclesia—

156 800 258 831 sten
282 792 397 842 agit,
423 804 448 831 a
468 804 572 843 quo,
604 791 976 832 confessionibus
997 793 1241 832 audiendis
1264 793 1459 844 aliisque
1477 802 1794 833 sacramento-

156 875 259 903 rum
281 862 763 903 administrationibus
786 870 829 903 et
852 863 1092 913 doctrinis,
1118 863 1343 904 Societati
1370 865 1582 904 exerceri
1604 876 1793 904 consue-

155 935 228 985 tis,
253 934 507 985 primordia
532 933 778 974 Societatis
795 934 1053 974 radicanda
1076 946 1321 986 speramus
1344 934 1372 975 ³.

236 1005 285 1045 In
308 1006 395 1045 hac
418 1013 573 1045 autem
605 1006 794 1045 ciuitate
818 1006 965 1046 maior
988 1018 1171 1057 semper
1192 1006 1240 1046 fit
1268 1006 1529 1058 frequentia
1551 1013 1648 1047 tum
1670 1008 1792 1047 viro-

155 1089 258 1117 rum
280 1083 376 1117 tum
399 1077 661 1127 mulierum,
686 1088 802 1128 quos
823 1077 1053 1118 Dominus
1074 1078 1257 1128 gratiae
1289 1089 1402 1118 suae
1432 1078 1622 1118 dulcore
1653 1079 1796 1118 domi-

156 1149 273 1188 nicis
295 1148 553 1200 quibusque
574 1147 847 1199 festinisque
870 1149 1032 1189 diebus
1054 1160 1227 1199 magno
1250 1161 1356 1189 curn
1384 1149 1570 1189 feruore
1600 1157 1644 1189 et
1667 1150 1797 1201 spiri-

155 1226 229 1259 tus
251 1218 474 1259 auiditate
505 1220 561 1259 ad
597 1219 946 1259 sanctissimam
976 1221 1048 1260 sui
1084 1221 1295 1271 corporis
1327 1227 1370 1260 et
1398 1221 1643 1271 sanguinis
1674 1233 1796 1261 com-

155 1291 421 1330 munionem
443 1291 643 1331 inuitare
665 1292 901 1342 dignatur,
938 1303 1056 1343 quae
1080 1298 1210 1331 tanta
1239 1299 1308 1331 est
1338 1293 1386 1331 in
1416 1292 1630 1332 omnibus
1653 1293 1800 1332 eccle-

156 1362 249 1412 siis,
275 1368 323 1402 vt
346 1362 554 1414 plerique
576 1362 789 1402 extranei
811 1369 854 1402 et
878 1363 1126 1414 peregrini,
1142 1363 1229 1403 hoc
1244 1363 1345 1403 viso
1364 1363 1648 1414 spectaculo,
1670 1375 1797 1414 pror-

157 1445 235 1473 sus
258 1434 304 1473 in
333 1439 572 1485 stuporem
599 1433 849 1485 quemdam
877 1434 1204 1474 admirationis
1236 1434 1494 1485 rapiantur,
1530 1435 1800 1474 dubitantes

159 1505 448 1554 Louanione,
473 1504 576 1544 aliis
598 1505 733 1544 huius
755 1505 936 1556 patriae
959 1513 1233 1556 comparato
1267 1506 1550 1555 ciuitatibus,
1585 1506 1800 1546 coenobii

158 1576 312 1628 potius
335 1587 474 1627 quam
494 1576 623 1616 vrbis
645 1576 883 1627 epitheton
906 1576 1217 1617 tribuendum.
1246 1577 1312 1617 Ne
1334 1589 1454 1617 Vnus
1476 1577 1664 1629 quidem
1696 1578 1796 1617 dies

157 1647 340 1697 transit,
365 1659 456 1698 quo
479 1659 572 1687 non
595 1648 838 1688 audiendis
861 1659 1147 1699 occupamur
1169 1648 1559 1697 confessionibus,
1585 1661 1678 1688 non
1701 1660 1799 1688 mu-

159 1719 460 1759 liercularum
482 1726 526 1758 et
549 1730 800 1770 puerorum
824 1719 1083 1767 dumtaxat,
1109 1731 1307 1771 quorum
1329 1731 1529 1771 magnus
1551 1726 1621 1760 est
1644 1731 1801 1759 nume-

161 1802 254 1841 rus,
284 1790 366 1830 sed
396 1796 439 1830 et
470 1791 783 1840 sacerdotum,
811 1802 897 1830 nec
925 1790 1110 1830 infimae
1139 1791 1422 1831 conditionis
1458 1791 1683 1831 virorum.
1723 1791 1801 1830 Vi-

160 1861 292 1912 ginti,
317 1862 382 1911 25,
408 1867 488 1901 aut
523 1873 577 1901 eo
609 1862 822 1912 amplius,
848 1861 893 1901 in
925 1862 1125 1912 simplici
1153 1874 1380 1914 persaepe
1402 1862 1656 1902 festiuitate
1679 1862 1804 1913 apud

160 1938 340 1983 patrem
375 1939 588 1972 nostrum
622 1931 636 1950 ⁴
670 1932 968 1984 frequentare
1004 1933 1091 1973 hoc
1132 1940 1482 1974 sacramentum
1516 1933 1678 1974 videre
1717 1938 1800 1973 est.

160 2004 436 2055 Complures
458 2015 571 2044 vero
589 2016 644 2044 eo
668 2004 929 2044 deuotionis
951 2004 1290 2056 charitatisque
1309 2005 1355 2045 in
1377 2004 1614 2045 Dominici
1636 2015 1796 2055 corpo-

160 2075 223 2115 ris
237 2075 611 2115 communionem
625 2074 875 2115 ardescunt
892 2075 1093 2125 feruore,
1114 2076 1388 2127 quodetiam
1405 2076 1603 2127 singulis
1621 2076 1801 2126 diebus,

161 2146 248 2186 nisi
265 2146 619 2186 subtraheretur
640 2146 907 2186 huiusmodi
926 2145 1204 2198 frequentia,
1229 2146 1329 2187 Deo
1351 2147 1474 2187 vniri
1497 2153 1736 2198 cuperent.

243 2216 498 2268 Quaedam,
537 2229 562 2257 a
599 2217 863 2269 quindecim
895 2225 972 2257 aut
1005 2218 1244 2258 sexdecim
1267 2219 1402 2259 annis
1438 2230 1533 2258 non
1569 2218 1805 2266 confessa,

159 2288 427 2340 frequenter
444 2289 762 2329 conscientiae
780 2300 992 2329 remorsu
1010 2296 1149 2340 atque
1167 2290 1324 2330 diuina
1346 2296 1473 2330 tacta
1496 2290 1800 2341 benignitate,

159 2359 371 2400 confiteri
397 2361 657 2412 proposuit;
695 2360 776 2400 sed
812 2366 1115 2412 peccatorum
1142 2361 1321 2401 foetore
1352 2361 1595 2412 deterrita,
1615 2361 1805 2401 diaboli-

159 2431 320 2483 cisque
351 2431 601 2483 illaqueata
638 2432 1041 2483 persuasionibus,
1081 2444 1322 2485 quousque
1358 2444 1383 2472 a
1419 2432 1623 2473 Domino
1664 2433 1804 2483 graui

159 2507 286 2542 tacta
307 2501 591 2552 infirmitate,
619 2503 792 2544 bonum
815 2515 999 2555 semper
1021 2503 1245 2544 infectum
1278 2504 1463 2555 reliquit
1494 2504 1803 2555 propositum3

216 2663 224 2682 ¹
266 2664 309 2690 1.‘²
323 2663 412 2696 Junii
429 2663 527 2698 hujus
543 2663 622 2691 anni
641 2664 719 2691 1554.
734 2664 821 2691 Vide
841 2664 988 2691 Pomm-m
1007 2664 1211 2697 Clzronicon,
1227 2669 1251 2691 t.
1267 2672 1313 2698 tv,
1326 2671 1405 2699 pag.
1421 2663 1484 2694 296.
1501 2671 1532 2690 n.
1548 2663 1611 2690 633.

212 2712 225 2730 ‘2
263 2710 392 2738 Horum
408 2711 543 2738 nomina
559 2719 618 2738 nec
637 2711 811 2739 Focaneus
828 2712 962 2746 quidem
978 2713 1102 2747 aperit,
1119 2712 1197 2739 dum
1220 2712 1282 2740 has
1305 2712 1442 2739 litteras
1463 2711 1506 2739 ad
1522 2712 1665 2738 verbum
1686 2710 1757 2737 fere
1775 2711 1805 2737 in

162 2766 260 2786 suum
277 2758 468 2786 Clzrom'con
485 2759 702 2786 transcribit.

214 2805 228 2825 ⁵
264 2805 383 2833 Verba
403 2806 488 2833 haec
501 2806 706 2840 primordia
723 2805 913 2833 societatis
930 2807 1129 2834 radicanda
1151 2812 1343 2842 speramus
1367 2806 1416 2834 ita
1442 2805 1590 2833 mutavit
1616 2805 1803 2832 POLANcus:

163 2853 353 2881 societatis
373 2855 517 2880 nostrae
537 2854 752 2888 tyrocinium
771 2854 936 2887 ponebat.
952 2854 989 2881 T.
1005 2862 1051 2887 1v,
1069 2862 1146 2889 pag.
1160 2855 1220 2885 292,
1236 2863 1267 2882 n.
1282 2853 1516 2882 &bh—Verum
1532 2853 1596 2888 his,
1611 2853 1644 2880 ni
1661 2852 1803 2880 multum

161 2895 323 2934 fallimur,
340 2909 405 2928 non
421 2903 529 2929 verba
546 2905 690 2935 tantum,
708 2906 764 2928 secl
779 2909 915 2929 sensum
930 2903 1035 2930 etiam
1051 2907 1202 2930 mutasse
1220 2903 1368 2930 videtur.

216 2950 230 2968 4
267 2949 458 2976 Adrianum
476 2949 739 2985 Adria‘enssens,
757 2949 967 2977 Lovaniensi
984 2951 1095 2978 domui
1114 2950 1358 2985 praepositum.
