2028 3328
866 99 948 136 ΑΝ.
982 99 1071 134 1555
1719 90 1789 132 327

154 210 313 239 rerum
343 206 634 247 nostrarum,
667 201 904 247 postremo
933 187 988 234 de
1015 193 1101 242 his,
1135 204 1254 244 quae
1284 192 1457 232 Diuina
1487 192 1673 232 bonitas
1705 203 1789 242 per

153 281 242 310 nos
264 269 450 321 operari
471 268 663 319 dignata
685 272 768 317 est,
798 265 1028 305 breuitate
1059 263 1213 304 debita
1246 275 1301 302 ac
1333 274 1489 302 rerum
1521 262 1788 302 certissima

154 339 246 380 fide
268 340 491 380 dicemus.

237 411 309 451 Ex
329 411 456 451 Vrbe
487 410 630 462 igitur
651 407 847 461 profecti
869 406 927 446 ad
953 406 979 445 5
1009 406 1095 445 cal.
1127 404 1418 453 Decembris,
1451 407 1582 443 tanta
1613 404 1785 444 animo-

154 493 258 521 rum
280 493 335 522 ac
357 492 609 532 corporum
630 479 873 520 alacritate
895 477 1075 517 itineris
1093 476 1354 515 molestiam
1371 485 1532 514 sumus
1549 475 1781 525 aggressi,

153 558 203 592 ut
226 563 284 592 ex
312 558 408 592 tam
442 552 564 592 felici
600 551 730 591 initio
760 548 1017 589 feliciorem
1039 547 1216 587 exitum
1244 545 1382 586 facile
1410 556 1602 597 sperare
1629 554 1784 596 posse-

153 634 271 663 mus:
296 634 413 674 quae
434 634 509 662 res
530 621 717 662 minime
738 619 896 661 fefellit
926 618 1208 670 opinionem,
1233 627 1373 668 quam
1402 615 1454 656 R.
1480 615 1533 656 T.
1556 615 1604 656 P.
1630 616 1686 656 de
1708 624 1785 656 no·-

152 693 236 742 bis,
262 700 306 733 et
336 705 422 733 nos
457 693 512 733 de
545 691 768 733 ineffabili
796 689 1092 742 providentia
1129 688 1217 728 Dei
1252 695 1635 738 conceperamus.
1666 685 1787 727 Nam

151 770 284 804 tanta
306 770 407 805 erat
429 764 597 804 mentis
625 762 865 812 exultatio,
903 767 1061 800 tantus
1091 766 1361 799 nostrorum
1388 757 1581 798 Patrum
1612 769 1667 797 ac
1695 758 1783 798 fra-

145 841 273 875 trum
296 835 454 886 ardor,
477 841 609 876 tanta
630 834 820 886 spiritus
847 831 1153 882 abundantia,
1186 836 1236 870 ut
1266 842 1348 882 per
1375 829 1578 882 hospitia
1608 836 1653 870 et
1681 830 1784 870 uias

151 917 202 945 se
225 906 465 946 continere
486 918 580 946 non
610 911 815 958 possent,
849 904 961 955 quin
992 914 1110 952 eam,
1142 913 1281 954 quam
1318 901 1602 942 intrinsecus
1630 906 1783 952 gesta-

153 978 280 1028 bant,
305 977 601 1018 alacritatem
631 976 844 1017 omnibus
875 975 1186 1015 declararent.
1217 972 1352 1013 Unde
1380 971 1599 1013 effectum
1625 976 1711 1023 est,
1735 978 1785 1012 ut

156 1048 425 1089 efficacibus
456 1048 611 1088 uerbis
642 1054 686 1088 et
716 1046 836 1087 uiuis
870 1046 1094 1086 uirtutum
1130 1044 1356 1096 exemplis
1393 1053 1487 1084 non
1519 1050 1698 1095 paucos
1725 1043 1785 1083 ad

152 1120 392 1160 meliorem
413 1126 616 1159 mentem
632 1125 677 1159 et
696 1118 822 1159 uitae
843 1116 1098 1169 spiritualis
1120 1126 1332 1156 normam
1350 1120 1645 1156 reuocarent.
1666 1114 1781 1155 Con-

150 1190 401 1231 fitebantur
432 1191 510 1231 alii
536 1196 734 1242 peccata
764 1201 873 1240 sua,
904 1188 983 1229 alii
1009 1187 1330 1239 blasphemiae
1361 1186 1525 1227 uitium
1555 1186 1782 1237 relinque-

149 1261 274 1313 bant,
299 1261 633 1302 comburebant
649 1259 860 1301 nonnulli
878 1265 1149 1300 nostrorum
1170 1270 1313 1299 suasu
1334 1263 1495 1310 turpes
1513 1263 1557 1297 et
1579 1257 1784 1297 lasciuas

147 1334 393 1385 imagines,
419 1344 580 1373 omnes
602 1332 814 1384 denique,
838 1331 1006 1383 quibus
1026 1329 1405 1382 praedicauimus
1427 1328 1665 1369 Christum
1682 1339 1782 1368 cru-

149 1404 353 1455 cifixum,
379 1404 553 1456 aliquid
570 1403 827 1455 spiritualis
844 1402 1029 1454 gratiae
1047 1399 1091 1442 et
1105 1400 1445 1442 consolationis
1468 1400 1678 1451 recipere
1693 1399 1784 1440 uisi

148 1482 271 1516 sunt.
294 1475 543 1527 Reliquum
563 1485 677 1515 uero
697 1473 876 1514 itineris
896 1473 944 1514 in
964 1472 1152 1525 hymnis
1174 1478 1218 1512 et
1239 1472 1438 1512 canticis
1461 1470 1784 1523 spiritualibus

152 1546 420 1587 dulcissime
442 1545 836 1597 transigebamus.

233 1617 297 1658 At
330 1624 580 1670 postquam
616 1616 904 1657 Maceratam
939 1615 1219 1667 appulimus,
1248 1613 1402 1655 Rmum
1427 1613 1667 1654 Marchiae
1700 1613 1785 1653 Le·

152 1694 330 1739 gatum,
355 1701 413 1729 ex
435 1688 725 1740 praescripto
742 1686 932 1727 Domini
949 1686 1304 1736 Gubernatoris,
1324 1685 1585 1734 inuisimus,
1604 1685 1682 1736 qui
1699 1696 1786 1725 nos

152 1759 487 1800 humanissime
505 1766 555 1800 ut
576 1758 877 1800 charissimos
898 1757 1017 1798 filios
1038 1763 1108 1798 est
1130 1757 1440 1809 amplexatus,
1465 1756 1786 1808 amplissimis-

149 1843 240 1883 que
261 1831 650 1883 promissionibus
671 1835 999 1882 prosequutus.
1030 1828 1188 1870 Multis
1211 1829 1353 1869 etiam
1377 1828 1530 1869 modis
1551 1827 1785 1879 significa-

151 1903 219 1943 uit
253 1903 575 1954 gratissimum
609 1901 696 1942 sibi
732 1912 834 1941 esse
868 1906 1082 1942 nostrum
1125 1901 1173 1941 in
1215 1900 1479 1941 Marchiam
1514 1899 1785 1952 aduentum,

150 1974 431 2026 praesertim
454 1985 560 2014 cum
581 1985 635 2013 eo
659 1985 685 2013 a
707 1971 761 2013 R.
784 1972 837 2013 T.
860 1971 928 2024 P„
952 1972 1027 2012 cui
1062 1983 1111 2012 se
1139 1972 1312 2023 optime
1342 1971 1559 2012 affectum
1579 1968 1787 2011 declara-

152 2045 235 2095 uit,
261 2045 620 2086 destinaremus.

232 2117 336 2157 Hoc
357 2117 509 2169 ipsum
530 2115 759 2157 Dominus
779 2116 1084 2167 Vicelegatus
1111 2113 1280 2166 effecit,
1304 2114 1384 2166 qui
1416 2114 1556 2154 etiam
1578 2114 1624 2154 in
1644 2107 1789 2154 Fran·

142 2188 450 2228 ‹ciscanorum
469 2187 696 2228 coenobio
718 2187 850 2227 nobis
878 2186 1309 2227 commodissimam
1328 2185 1519 2237 hospitii
1540 2185 1788 2225 habitatio-

151 2270 258 2299 nem
279 2259 440 2311 parari
461 2259 677 2299 iusserat.
702 2257 792 2299 Sed
809 2269 896 2298 nos
917 2255 974 2297 D.
1000 2256 1343 2298 Gubernatoris
1365 2261 1615 2308 sequentes
1637 2255 1788 2296 consi·

150 2330 277 2381 lium,
303 2330 467 2370 eadem
505 2330 658 2380 domo,
691 2340 782 2381 qua
808 2329 923 2380 ipse,
955 2339 1117 2369 sumus
1148 2328 1235 2379 usi,
1266 2339 1356 2380 quo
1388 2327 1575 2368 facilius
1603 2338 1788 2367 summo

142 2413 287 2441 ‘mane
308 2403 396 2442 iter
418 2401 465 2441 in
485 2400 608 2441 hanc
629 2401 801 2441 almam
824 2400 1013 2440 domum
1030 2399 1239 2451 arripere
1255 2409 1517 2451 possemus.
1535 2397 1787 2438 Desidera-

151 2472 263 2512 bant
292 2472 478 2513 interim
509 2483 691 2512 summa
719 2471 1047 2523 expectatione
1077 2476 1294 2511 nostrum
1321 2468 1575 2510 aduentum
1613 2468 1788 2510 Laure-

150 2544 249 2584 tani
270 2555 447 2594 omnes,
470 2542 748 2595 praesertim
770 2542 986 2582 canonici
1008 2549 1053 2582 et
1083 2541 1370 2592 sacerdotes,
1408 2540 1502 2593 qui,
1527 2541 1678 2581 nostri
1709 2540 1786 2581 ad-

150 2620 319 2655 uentus
355 2614 622 2655 rumoribus
655 2613 870 2663 excitati,
908 2612 1272 2653 feruentioribus
1318 2612 1487 2653 animis
1526 2624 1678 2652 nouae
1717 2612 1787 2652 rei

143 2692 370 2726 euentum
390 2684 718 2737 expectabant.
742 2683 838 2725 Nos
858 2695 971 2724 uero
993 2683 1158 2724 eodem
1178 2682 1340 2723 ordine
1362 2695 1453 2735 quo
1470 2683 1655 2724 Rmum‘.
1676 2682 1784 2723 Pro-

141 2763 378 2798 ‘tectorem
396 2755 406 2776 ¹
424 2756 602 2797 Romae
618 2755 880 2806 inuisimus,
900 2754 1246 2795 sacratissimas
1263 2753 1351 2795 Dei
1370 2754 1626 2795 Genitricis
1642 2752 1786 2795 aedes

207 2917 216 2937 Ι
240 2916 458 2944 Cardinalem
473 2916 689 2951 Rodulphum
705 2915 745 2942 de
761 2914 874 2949 Carpi.
