2028 3328
871 82 954 120 AN.
982 82 1077 120 1555
1722 83 1795 121 283

839 533 1116 589 CCCLIV

235 765 490 804 Edmundus
511 768 750 816 Augerius,

283 831 353 868 Ex
373 833 693 870 commissione
714 833 857 870 Patris
878 832 1094 870 Everardi
1114 832 1397 876 Mei-curiam,

334 898 454 934 Patri
479 899 642 945 {gnatio
663 899 716 936 de
736 898 918 947 Loyola.
1245 891 1249 896 ’

380 962 577 1009 Perusio‚
599 963 621 1000 4
640 963 871 1001 Februarii
893 963 985 1001 1555
1004 963 1028 998 ¹.

932 1154 1028 1195 IHS

247 1314 347 1355 Pax
372 1316 549 1355 Christi
571 1322 658 1356 etc.

249 1386 501 1437 chom'am,
528 1387 668 1426 Pater
698 1387 744 1426 in
773 1386 959 1427 Christo
988 1387 1304 1437 obseruande,
1341 1387 1484 1426 lzete'ns
1519 1388 1805 1428 narrationis

169 1457 265 1497 tale
290 1457 567 1497 institutum
596 1469 699 1497 esse
728 1457 943 1509 noluisti)
971 1462 1022 1498 nt
1044 1458 1196 1498 multa
1218 1459 1391 1509 paucis
1420 1458 1807 1510 complectamur,

168 1528 303 1568 uideo
326 1540 397 1568 me
419 1540 511 1568 uon
533 1532 631 1568 tam
649 1529 800 1580 copia,
822 1540 963 1580 qnam
984 1530 1119 1569 modo
1142 1529 1379 1580 indigere:
1397 1541 1485 1580 quo
1508 1529 1807 1569 tametsisz'm

162 1604 397 1650 prorsam
429 1600 713 1649 destitutus,
747 1600 855 1640 inde
882 1605 1039 1640 tamen
1061 1600 1229 1640 ordiar
1257 1601 1379 1640 vnde
1401 1601 1540 1641 finem
1570 1609 1806 1652 postremo

169 1682 521 1722 sumpseramus
551 1671 579 1708 ².
610 1671 734 1710 Nam
762 1671 967 1711 omnium
994 1671 1192 1712 fratrum
1221 1672 1365 1711 animi
1388 1672 1540 1723 magis
1568 1684 1623 1712 ac
1655 1673 1809 1723 magis

169 1741 396 1782 uirtutum
418 1741 569 1782 studio
590 1742 807 1782 roborari
827 1743 1060 1783 uidentur:
1084 1749 1232 1795 neque
1254 1755 1368 1783 uero
1392 1743 1451 1783 ad
1472 1743 1560 1783 hoc
1582 1744 1747 1784 modus
1765 1750 1809 1783 et

169 1812 520 1864 compendiaria
540 1812 772 1864 quaedam
789 1813 865 1853 uia
882 1814 1024 1854 deest.
1041 1813 1234 1854 Praeter
1247 1814 1370 1854 enim
1387 1815 1576 1854 solitam
1595 1815 1808 1854 laborum

171 1884 557 1935 magnitudinem,
583 1883 811 1924 accedunt
842 1891 886 1924 et
919 1897 1044 1924 noua
1073 1885 1279 1936 quotidie
1307 1885 1581 1936 certamina,
1606 1885 1808 1926 fortasse

172 1955 488 2006 inexpectata,
515 1955 816 1995 nihilominus
833 1961 989 1996 tamen
1011 1956 1297 2006 gratissima.
1320 1955 1589 1996 Studiorum
1605 1957 1725 1996 ratio
1743 1957 1811 1996 sic

170 2025 507 2078 propemodum
531 2037 580 2065 se
601 2026 754 2075 habet,
780 2032 829 2066 vt
850 2034 1183 2078 praeceptores
1205 2027 1434 2078 reliquum
1457 2040 1482 2067 a
1505 2027 1677 2067 scholis
1699 2034 1809 2068 tem-

171 2108 274 2148 pus,
307 2097 494 2148 graecis
521 2096 668 2136 ferme
695 2097 842 2137 literis
869 2097 1154 2148 impendant.
1187 2097 1373 2138 Caeteri
1398 2098 1621 2138 inferiora
1649 2105 1693 2138 et
1721 2110 1806 2150 pro

171 2179 258 2208 sua
279 2168 473 2220 quisque
496 2168 620 2207 uirili
642 2173 828 2208 tractat.

254 2238 460 2280 Numero
484 2239 619 2278 solito
642 2239 841 2279 accessit
863 2241 1129 2291 nuperrime
1156 2240 1432 2281 adolescens
1459 2241 1650 2292 quidam
1675 2252 1808 2292 peru-

173 2310 326 2359 sinus,
357 2316 402 2350 et
438 2310 561 2350 uitae
597 2310 849 2361 probitate,
888 2317 932 2351 et
964 2317 1161 2351 naturae
1188 2311 1352 2363 opibus
1382 2324 1476 2352 non
1510 2311 1814 2352 mediocriter

171 2382 442 2433 spectabilis
463 2380 491 2418 ⁵.
515 2380 650 2420 Hunc
673 2387 721 2420 ut
739 2381 867 2421 Deus
886 2382 1139 2433 pelliceret,
1163 2383 1289 2423 nulla
1312 2383 1463 2434 magis
1485 2383 1576 2422 alia
1595 2394 1645 2423 re
1667 2394 1810 2435 quam

226 2565 236 2586 ¹
280 2565 541 2599 Autographae.
557 2569 652 2592 totae
675 2572 776 2592 manu
792 2565 959 2593 Edmundi
978 2567 1131 2600 Augerii,
1147 2567 1179 2594 in
1195 2567 1274 2594 folio
1297 2567 1436 2601 duplici,
1453 2575 1506 2594 nn.
1522 2567 1556 2594 56
1575 2572 1607 2594 et
1623 2567 1746 2594 57.-1n
1762 2568 1811 2594 eis

172 2614 335 2641 nonnulla
351 2613 479 2640 delevit
496 2613 676 2646 Polaticus,
693 2620 779 2647 quae
794 2613 827 2640 in
843 2617 940 2640 textu
955 2614 1080 2641 italicis
1096 2614 1357 2641 characteribus
1378 2615 1541 2642 distincta
1562 2615 1725 2649 reperies;
1743 2615 1813 2642 alia

173 2668 257 2688 vero
273 2661 481 2691 emendavit,
498 2668 583 2695 quae
600 2660 641 2687 ad
657 2661 803 2695 paginae
819 2661 948 2688 calcem
961 2668 1023 2695 pro
1038 2669 1131 2688 more
1152 2666 1269 2689 nostro
1284 2662 1535 2690 adnotabimus.
1557 2662 1689 2690 Harum
1710 2670 1813 2697 porro

172 2708 371 2736 litterarum
388 2708 436 2734 ita
454 2707 717 2734 emendatarum
737 2707 802 2735 duo
816 2709 1019 2742 apographa
1041 2713 1173 2741 extant,
1193 2709 1287 2743 prius
1308 2716 1355 2736 sc.
1377 2709 1408 2736 in
1425 2709 1481 2737 sol.
1496 2710 1531 2737 62
1546 2714 1578 2737 et
1599 2710 1643 2744 63,
1666 2711 1813 2737 alterum

174 2755 209 2782 in
223 2756 280 2794 fol..
294 2755 330 2782 65

183 2831 186 2835 ,
227 2801 242 2821 ²
280 2802 374 2830 Haec
390 2802 439 2829 ita
454 2803 641 2836 composuit
657 2802 835 2830 Polancus:
855 2803 895 2830 Ut
907 2804 1002 2837 inde,
1018 2804 1122 2831 Pater
1138 2805 1174 2831 in
1190 2803 1326 2831 Christo
1341 2805 1576 2838 obseruande,
1592 2805 1815 2832 narrationis

170 2849 399 2884 principium
415 2856 572 2881 sumam,
587 2849 680 2876 unde
691 2849 801 2884 finem
819 2852 1000 2884 postremo
1008 2856 1294 2886 sumpseramus,
1310 2852 1470 2879 omnium
1481 2852 1648 2886 fratrum
1665 2852 1815 2879 arzimz'.,.

228 2896 243 2915 5
281 2896 423 2923 dotibus
440 2903 505 2922 non
523 2896 743 2923 mediocriter
754 2898 959 2931 praeditus.
980 2898 1167 2926 Pomxcus.
